3850 6517
283 482 385 538 03¹

897 467 1266 528 ADVERSUS
1306 460 1812 534 HAERESESJAB.
1847 458 1913 513 11.
1946 457 2110 513 TOM.
2148 458 2267 513 l.-
2306 455 2584 511 tlAEssES.
2622 454 2752 509 mv.

3423 454 3546 509 9802

292 596 400 661 ξαῖ,
439 592 682 653 καὶτοὺς
712 590 806 642 ἀπ’
835 588 1030 650 αὐτοῦ,
1070 589 1129 640 ἐν
1160 588 1279 649 ταῖς
1306 583 1493 646 ἄλλαις
1521 579 1860 653 προδεδηλω-
1893 583 1936 638 A
1969 583 2077 627 tam
2123 572 2387 627 adversus
2433 572 2696 637 Elxaeum‚
2734 570 2848 625 sire
2869 568 3044 632 Elxai‚
3085 583 3250 639 quam
3289 567 3410 637 ejus
3453 584 3545 623 se·

293 687 482 757 μέναις
514 681 782 753 αἱρέσεσι.
814 679 956 732 naci
985 676 1093 747 γὰρ
1123 676 1370 745 φωρατὸς
1408 676 1438 727 ὁ
1466 672 1707 734 τοιοῦτος
1726 709 1742 734 ,
1771 669 1866 723 καὶ

292 778 327 846 ἡ
362 774 422 839 ἐξ
453 771 619 826 αὐτοῦ
673 770 915 839 αἵρεσις,
952 769 1037 820 ὅτι
1070 766 1431 831 πεπλάνηται.
1473 763 1562 826 Ὦς
1606 758 1700 815 οῦν
1736 758 1867 813 σαῦ-

1968 664 2170 718 ctarios
2217 664 2289 718 sit
2347 662 2566 717 abunde
2613 662 2939 732 praestitum.
3003 659 3229 716 Accedit
3274 658 3544 727 neminem

1967 771 2110 819 esse,
2147 756 2238 824 qni
2271 769 2381 809 non
2411 760 2464 808 et
2487 754 2654 817 hunc,
2688 760 2743 807 et
2769 751 2936 821 liujus
2957 752 3208 807 baeresim
3252 766 3283 804 a
3312 749 3548 804 veritate

293 878 395 922 ραν
428 857 658 929 ἡλιακὴν
692 856 1021 918 πεπαικότες
1059 854 1239 924 ῥάόδῳ
1262 853 1473 915 ἐλπίδος
1495 849 1731 922 Χριστοῦ
1773 850 1868 902 καὶ
1957 847 2265 926 ‘plurimum
2302 846 2562 899 alierrare
2591 853 2909 913 cognoscat.
2948 842 3222 907 Quocirca
3246 856 3371 895 eum
3393 841 3550 895 solan-

291 947 389 1000 τοῦ
428 944 683 1015 σταυροῦ,
716 944 808 997 ἐπὶ
834 944 931 1006 τὰς
966 942 1091 1013 ἑξῆς
1126 943 1313 1012 ίωμεν.
1344 941 1528 1007 Ἄξιον
1561 940 1669 1009 γάρ
1698 939 1865 1000 ἐστιν,

288 1032 338 1103 ’ᾧ
385 1037 607 1105 ’ὀνόματι
642 1034 867 1096 ἑαυτοὺς
902 1034 995 1087 καὶ
1036 1026 1183 1085 οὗτοι
1234 1031 1524 1101 ὠνόμασαν
1548 1069 1564 1094 ,
1604 1028 1682 1098 τῷ
1720 1027 1869 1097 αὐτῷ

295 1126 592 1199 κεχρῆσθαι
619 1124 902 1194 αἰνίγματι
940 1124 1021 1186 είς
1053 1121 1250 1194 φράσιν
1280 1121 1379 1192 τῆς
1407 1120 1584 1174 αὐτῶν
1618 1135 1870 1189 παραπε-

289 1215 597 1287 ’.τοιημένης
646 1212 980 1283 ἐπωνυμίας.
1028 1210 1295 1282 Σαμψαῖοι
1325 1209 1435 1279 γὰρ
1476 1207 1869 1280 ἐρμηνεύονται

306 1305 567 1359 Ἧλιακοί.
615 1304 708 1357 Διὸ
757 1303 850 1357 καὶ
878 1303 973 1357 τοῦ
1003 1302 1143 1366 ζὼου
1171 1300 1612 1372 ἐπεμνήσθημεν.
1653 1298 1871 1369 Ταύτην

293 1395 403 1465 γὰρ
443 1395 651 1465 σαῦραν
707 1392 850 1446 οὕτω
898 1390 1284 1463 κικλῄσκουσιν
1319 1388 1550 1461 ἡλιακὴν
1581 1390 1629 1441 nt
1658 1386 1871 1458 ἄνθρω-

297 1502 405 1539 ποι.
441 1484 653 1556 Χείρων
678 1482 736 1535 δὲ
782 1482 989 1552 αἵρεσις
1034 1478 1173 1551 αῦτη
1210 1468 1324 1549 ’τῆς
1370 1477 1609 1549 σαύρας,
1643 1476 1774 1548 μηδὲ
1808 1475 1871 1529 τὸ

295 1576 582 1643 ἀκαριαῖον
609 1572 708 1643 τῆς
729 1570 997 1642 ὠφελείας
1037 1570 1233 1639 ἑαυτῆς
1259 1569 1479 1639 ἔχουσα.
1524 1567 1735 1638 Ἐκείνη
1763 1566 1873 1639 γὰρ

297 1664 746 1736 ἀμὸλυωπήσασα
775 1663 951 1735 χρόνῳ
986 1659 1302 1725 ἀναὸλὲπει,
1338 1660 1427 1713 διὰ
1455 1657 1683 1729 ἡλιακῆς
1712 1675 1872 1729 στρο-

291 1756 558 1825 φάλιγγος
585 1753 856 1825 ἐνφωὶεῷ
877 1752 1015 1824 πρὸς
1040 1751 1305 1821 ἀνατολὴν
1330 1750 1649 1822 προσέχοντι
1675 1750 1874 1821 ἑαυτὴν

299 1843 695 1915 προσθλίψασα,
733 1842 829 1897 καὶ
855 1840 1218 1912 νηστεύσασα,
1248 1838 1384 1909 πρὸς
1417 1837 1680 1909 ἀνατολὴν
1709 1854 1878 1890 κατα-

1979 954 2092 993 rem
2121 939 2269 992 illam
2305 938 2563 992 lacertam
2594 936 2711 1005 spei
2745 936 2800 990 in
2829 935 3052 990 Christo
3098 940 3154 987 et
3182 931 3363 987 crucis
3393 930 3548 998 virga

1969 1025 2424 1095 percusserimus,
2438 1025 2507 1078 ad
2525 1034 2749 1079 caeteras
2761 1038 3070 1094 pergamus.
3084 1021 3181 1076 Est
3191 1021 3334 1076 enim
3349 1019 3548 1073 rationi

1975 1124 2428 1178 consentaneum,
2447 1122 2505 1169 ut
2522 1130 2632 1184 quo
2657 1115 2877 1169 nomine
2899 1116 3110 1183 seipsos
3131 1110 3388 1175 alliciunt,
3404 1108 3545 1162 idem

1971 1207 2040 1262 ad
2072 1207 2194 1261 illos
2222 1207 2650 1271 adumbrandos‚
2699 1215 2866 1275 atque
2906 1206 3226 1260 ementitam
3268 1201 3418 1257 illam
3452 1213 3551 1268 ap·

1971 1299 2320 1369 pcllationein
2373 1298 2760 1354 declarandam
2819 1296 3202 1352 adhibeamuS.
3284 1290 3551 1361 Sampsaei

1973 1392 2174 1463 quippe
2211 1392 2356 1446 idem
2402 1407 2466 1446 ac
2505 1392 2726 1447 Solares
2753 1388 3087 1460 significant.
3116 1388 3286 1444 -Unde
3311 1396 3368 1442 et
3403 1386 3553 1440 iltius

1974 1483 2230 1539 animalis
2261 1483 2634 1539 meminimus.
2699 1480 2835 1535 Nam
2866 1480 3136 1549 eiusmodi
3175 1480 3436 1534 lacertam
3460 1491 3555 1532 so-

1974 1573 2152 1627 larem
2188 1574 2438 1629 bomines
2476 1579 2819 1643 nuncupant.
2873 1572 3197 1642 Quanquam
3242 1570 3399 1640 longe
3430 1568 3554 1623 bac

1976 1665 2204 1721 haeresis
2224 1666 2430 1720 lacerta
2451 1666 2694 1721 deterior
2719 1672 2826 1729 est,
2860 1679 2984 1735 quae
3013 1680 3082 1718 ne
3109 1662 3398 1716 minimum
3416 1660 3555 1729 qui-

1975 1756 2101 1813 dem
2131 1757 2352 1812 utilitati
2393 1772 2507 1815 sim*⁴
2538 1757 2794 1813 consulit.
2844 1757 2915 1810 At
2955 1757 3186 1820 lacerta,
3227 1770 3354 1809 cum
3405 1751 3554 1807 oculi

1978 1846 2218 1918 caligare
2258 1848 2544 1918 coeperint‚
2592 1848 2876 1916 aliquanto
2928 1854 3118 1917 postea
3150 1846 3326 1901 visum
3357 1842 3557 1899 solaris

295 1932 510 1988 ¹³⁰0'3522·
543 1933 691 2003 Αὕτη
721 1931 807 1999 δὲ,
839 1933 1002 2002 φημὶ,
1044 1931 1078 2001 ἦ
1112 1930 1322 2001 αἵρεσις
1342 1969 1357 1994 ,
1389 1930 1446 1981 ὲν
1476 1928 1678 1982 &mvii
1709 1930 1878 2000 ἅφρθ-
1908 1917 1951 1973 Β
1980 1938 2247 1993 circuitus
2278 1938 2544 1994 beneficio
2569 1939 2792 2009 recipit.
2834 1937 2969 1993 Nam
3001 1940 3056 1993 in
3087 1944 3378 2008 angustum
3410 1934 3558 1989 fora-

299 2026 465 2097 σῦνην
498 2026 761 2097 κέκτηται
791 2024 1085 2090 τοῦζώου·
1118 2024 1178 2077 οὐ
1206 2023 1313 2094 μὴν
1344 2024 1448 2075 κᾶν
1473 2021 1535 2075 τὸ
1566 2022 1745 2091 ὀλίγον
1776 2021 1872 2075 τοῦ

297 2120 540 2176 ἐπαίνου.
584 2119 672 2181 Ὣς
703 2112 795 2172 οὗν
838 2116 932 2171 καὶ
964 2114 1105 2187 αῦτη
1141 2118 1173 2185 ἠ
1226 2116 1470 2187 αἵρεσις,
1508 2113 1683 2185 σαῦρα
1739 2111 1874 2184 ἡμῖν

295 2209 548 2280 λεχθεῖσα
570 2209 769 2282 ὴλιακὴ
790 2250 804 2275 ,
854 2209 947 2264 καὶ
978 2206 1428 2276 καταπατηθεῖσα
1457 2205 1563 2258 ὑπὸ
1597 2204 1696 2274 τῆς
1740 2204 1875 2275 ἀλη-

254 2323 260 2334 ’
298 2301 447 2365 θείας
485 2301 649 2356 αὐτοῦ
682 2303 908 2373 μενέτω,
943 2300 1107 2371 μηδὲν
1138 2298 1510 2369 κατισχύουσα
1545 2296 1713 2369 περὶι
1737 2295 1874 2349 Θεοῦ

292 2392 575 2461 ἀληθείας.
624 2393 812 2462 Ἡμεῖς
859 2392 917 2443 δὲ
969 2391 1062 2443 ἐπὶ
1095 2389 1193 2453 τὰς
1246 2390 1447 2455 ἄλλας,
1499 2388 1576 2453 ὡς
1627 2387 1873 2458 εἴπομεν,

302 2480 712 2554 ἐξορμησωμεν.

1981 2043 2126 2091 men,
2148 2028 2295 2098 quod
2318 2030 2385 2084 ad
2413 2030 2676 2084 orientem
2699 2029 2991 2085 obve'rsum
3017 2038 3125 2095 est,
3154 2028 3402 2090 subiens,
3433 2038 3556 2080 sese

1981 2120 2313 2189 comprimit,
2337 2121 2521 2189 pabuli
2544 2137 2761 2192 expers,
2780 2132 2835 2177 et
2858 2121 2927 2175 ad
2938 2118 3554 2189 orientem-respiciam.

1980 2206 2182 2262 Contra
2214 2209 2439 2266 baeresis
2469 2211 2573 2266 ista
2617 2211 2973 2267 stoliditatem
3021 2212 3240 2282 quidem
3286 2210 3342 2263 in
3374 2208 3557 2262 omni-

1988 2301 2090 2355 bus
2117 2301 2368 2356 animalis
2407 2302 2572 2370 liujus
2599 2304 2887 2374 exprimit:
2926 2303 3071 2373 quud
3097 2304 3151 2357 in
3183 2317 3252 2357 eo
3281 2315 3409 2355 vero
3438 2299 3560 2352 lau·

1992 2390 2174 2446 «labile
2201 2401 2309 2457 est,
2331 2409 2398 2449 ne
2420 2395 2645 2450 minima
2675 2394 2894 2465 quidem
2928 2411 2993 2450 ex
3022 2404 3175 2465 parte
3200 2395 3430 2450 obtinet.
3453 2395 3561 2465 lgi-

1984 2489 2077 2538 :ur
2102 2498 2223 2553 quae
2265 2499 2298 2538 a
2324 2485 2484 2541 nobis
2513 2485 2736 2541 haeresis
2769 2487 2977 2541 lacerta
3011 2487 3208 2542 solaris
3230 2488 3554 2557 appellatur.

300 2588 335 2628 a
366 2574 589 2630 veritate
626 2572 941 2644 proculcata
1004 2569 1168 2627 modo
1204 2568 1567 2640 relinquatur,
1622 2583 1751 2624 cum
1772 2568 1914 2626 nibil
1947 2572 2212 2630 adversus
2247 2574 2488 2631 divinam
2528 2576 2813 2632 veritatem
2885 2575 3096 2632 efficere
3129 2578 3389 2647 potuerit.
3448 2576 3562 2632 Nos

301 2663 520 2720 interim
549 2664 617 2718 ad
644 2666 801 2730 alias,
830 2672 888 2718 ut
911 2664 1117 2720 dictum
1148 2678 1252 2725 est.
1279 2665 1717 2738 progrediamur.

647 2806 846 2860 *RATA
870 2804 1351 2860 ΘΕΟΔΟΤῙΔΝΩΝ
1378 2804 1529 2873 (67),
1626 2877 1638 2890 .

307 2939 638 3006 Τριακοστὴ
675 2935 918 3012 τεέῲτη
945 2982 959 3003 ,
991 2942 1029 3011 ἡ
1062 2940 1160 2995 καί
1198 2937 1591 3009 πεντηκοστὴ
1616 2934 1883 3009 τετάρτη.

374 3074 454 3127 Α’.
485 3074 707 3144 Ἀνέστη
738 3075 899 3130 πάλιν
926 3075 1181 3138 Θεόδοτὸς
1204 3091 1307 3137 τις,
1327 3072 1680 3141 ἀπόσπασμα
1709 3070 1887 3143 ὑπάρ-

2332 2807 2615 2864 CONTRA
2645 2808 3203 2875 TllEODOTlANOS‚

2359 2937 2591 2997 Hoeresis
2615 2939 2812 3004 XXXI
2829 2942 2867 2997 V
2895 2944 3005 2997 siue
3028 2940 3182 2998 LIV.

2058 3071 2096 3125 l.
2149 3070 2464 3129 Theodotus
2505 3074 2704 3130 iterum
2750 3076 2941 3131 nescio
2974 3079 3099 3149 quis
3140 3078 3384 3145 emersit,
3410 3078 3568 3133 velut

301 3181 414 3234 χων
440 3168 503 3218 ἐκ
527 3168 626 3237 τῆς
655 3166 1059 3238 προειρημένης
1085 3163 1281 3233 ἀλόγου
1326 3164 1627 3235 αἱρέσεως,
1654 3164 1749 3233 τῆς
1783 3163 1885 3234 ἀρ·
1910 3201 1958 3262 c
1987 3163 2259 3234 appendix
2291 3165 2541 3235 quaedam
2584 3166 2736 3220 illius
2777 3166 3023 3231 haeresis,
3066 3182 3228 3237 quam
3270 3169 3565 3239 Alogorum
3668 3192 3676 3202 ·

304 3254 568 3324 νουμένης
604 3256 665 3309 τὸ
690 3257 832 3311 κατὰ
870 3258 1121 3329 Ἰωάννην
1168 3254 1498 3325 Εὑαγγέλιον
1523 3294 1538 3319 ,
1570 3254 1664 3308 καὶ
1705 3253 1796 3308 τὸν
1824 3256 1883 3307 ὲν
1979 3255 2210 3310 nomine
2230 3256 2769 3327 comprehendimus,
2794 3258 3567 3341 quae'Joannis'Evangeliuni,

304 3344 454 3415 αὐτῷ
502 3347 560 3399 ὲν
588 3346 732 3418 ἀρχῇ
757 3343 889 3402 ὄντα
905 3347 1037 3401 Θεὸν
1060 3348 1249 3416 Λόγον,
1282 3347 1377 3400 καὶ
1400 3345 1501 3418 τὴν
1528 3344 1693 3400 αὐτοῦ
1728 3346 1890 3400 Ἀπο-

308 3436 559 3506 κάλυψιν,
589 3437 726 3493 ἀλλὰ
762 3442 861 3494 καὶ
890 3443 1009 3502 ταῖς
1047 3439 1238 3503 ἄλλαις
1268 3439 1516 3512 αἱρέσεσι
1543 3442 1668 3502 ταῖς
1700 3454 1890 3510 προει·

312 3528 573 3600 ρημέναις
599 3531 996 3603 συγγυνόμενός
1023 3549 1081 3585 τε
1105 3533 1201 3585 καὶ
1227 3530 1598 3601 συνυπάρξας,
1627 3528 1888 3585 καὶκατὰ

304 3619 399 3674 τὸν
429 3622 623 3694 χρόνον
667 3621 841 3686 αὐτὰς
877 3622 1257 3693 διαδεξάμενος
1280 3665 1294 3686 ,
1331 3623 1391 3688 ἐξ
1420 3617 1590 3693 οὗπερ
1616 3624 1667 3675 οἱ
1697 3621 1889 3675 Θεοδο-

301 3714 479 3765 τιανολ
514 3715 861 3781 καλούμενοι.
900 3714 1014 3763 Καὶ
1065 3714 1112 3761 εἰ
1166 3714 1264 3778 μὲν
1317 3713 1553 3781 ὑπάρχει
1602 3716 1636 3781 ὴ
1680 3714 1890 3784 αἵρεσις

304 3801 389 3851 ἔτι
411 3797 551 3866 αῦτη
574 3797 912 3866 ἀγνοουμένη
937 3799 956 3827 ¹
977 3812 991 3825 ·
1024 3795 1093 3848 τὰ
1119 3797 1179 3850 δὲ
1201 3798 1281 3860 είς
1304 3799 1452 3868 ἡμᾶς
1473 3799 1581 3852 ἀπὸ
1612 3816 1893 3872 συγγραμ-

311 3890 502 3959 μάτων
542 3886 765 3941 ἐλθόντα
791 3886 1042 3957 ἐροῦμεν.

1407 4034 1426 4065 ἱ

389 4168 556 4241 Οὗτος
592 4179 620 4230 ὁ
648 4175 897 4239 Θεόδοτος
919 4174 1025 4228 ἀπὸ
1059 4174 1352 4239 Βυζαντίου
1387 4175 1485 4247 μὲν
1510 4175 1758 4247 ὡρμᾶτο,
1796 4174 1894 4245 τῆς

315 4255 434 4321 νυνὶ
457 4268 796 4339 καλουμένης
830 4268 1239 4321 Κωνσταντίνου
1271 4266 1496 4331 πόλεως,
1527 4267 1760 4327 σκυτεὺς
1796 4267 1894 4335 τὴν

317 4363 532 4432 τέχνην,
576 4358 895 4431 πολυμαθὴς
946 4360 1003 4413 δὲ
1048 4360 1126 4431 τῷ
1183 4360 1345 4431 λόγῳ.
1395 4356 1561 4423 Οὗτος
1614 4360 1733 4430 ἅμα
1783 4355 1894 4411 effi

317 4454 558 4506 πλείοσιν
600 4454 659 4505 ἐν
701 4450 880 4523 καιρῷ
924 4450 1163 4522 διωγμοῦ
1197 4451 1506 4514 ἐνστάντος,
1537 4451 1637 4504 οὐκ
1672 4445 1789 4503 οἶδα
1816 4450 1884 4502 εί-

1896 3932 1920 3964 Ι

1987 3355 2042 3404 et
2065 3347 2235 3404 Deum
2264 3348 2412 3403 illum
2442 3348 2606 3422 m
2632 3348 2894 3416 Verbum,
2931 3354 3076 3423 quod
3107 3367 3138 3406 a
3169 3353 3439 3423 principio
3466 3353 3575 3408 ibi·

1989 3438 2111 3495 dem
2143 3439 2314 3497 fuisse
2338 3442 2562 3507 dicitur,
2613 3457 2824 3498 necnon
2853 3451 2907 3497 et
2927 3443 3294 3513 'Apocalypsin
3339 3444 3568 3514 respuit.

1991 3528 2099 3584 Sed
2141 3534 2195 3584 et
2231 3529 2471 3596 ,aliarum
2521 3540 2649 3586 ante
2690 3538 3244 3586 commemoratarum
3293 3531 3569 3587 liaerescon

1990 3620 2391 3676 consuetudine
2434 3636 2570 3677 usus
2624 3628 2708 3676 est
2741 3619 3081 3683 Theodotus.
3122 3629 3177 3676 et
3209 3622 3400 3677 eodeni
3434 3631 3571 3677 tem-

1991 3726 2124 3782 pore
2153 3712 2329 3793 rixit„
2347 3720 2512 3783 atque
2536 3711 2647 3769 illis
2671 3720 2860 3783 postea
2888 3713 3179 3779 successit,
3204 3727 3235 3766 a
3265 3728 3373 3783 quo
3397 3712 3576 3767 'l'lico-

1992 3799 2200 3855 dotiani
2237 3815 2437 3855 nomen
2480 3807 2832 3871 acceperunt.
2886 3798 3008 3856 lam
3053 3816 3184 3857 vero
3220 3802 3367 3857 sitne
3407 3802 3575 3857 bodie

1993 3899 2273 3960 superstes
2299 3889 2413 3944 liaec
2429 3890 2673 3955 haeresis,
2693 3891 2853 3960 plane
2877 3892 3184 3948 nescimus:
3213 3907 3334 3962 qnae
3353 3894 3573 3964 quidem

1996 3982 2259 4035 librorum
2290 3982 2665 4036 monumentis
2698 3981 2767 4036 ad
2797 3992 3043 4037 nostram
3073 3984 3393 4039 memoriam
3423 4000 3574 4040 com-

1995 4071 2667 4142 mendata-pervenerunt,
2694 4088 2759 4128 ea
2786 4073 3162 4130 narrabimus.

2066 4150 2386 4219 Theodotus
2418 4164 2587 4235 igitur
2644 4166 2747 4222 iste
2802 4164 3062 4237 Byzantio
3106 4165 3398 4229 oriundus,
3442 4183 3564 4238 qnae

1997 4253 2160 4312 hodie
2196 4252 2702 4324 Constantinopolis
2731 4254 2957 4321 dicitur,
2992 4264 3109 4311 arte
3140 4258 3408 4311 coriarius
3434 4264 3575 4319 crat,

2001 4346 2164 4400 bomo
2193 4346 2439 4415 apprime
2469 4346 2664 4402 litteris
2710 4345 2977 4403 erudituS.
3018 4347 3123 4414 Qui
3158 4364 3282 4403 cum
3314 4350 3438 4404 aliis
3467 4349 3582 4419 plc-

1999 4436 2186 4505 risque
2242 4435 2465 4490 ineunte
2510 4438 2890 4507 persecutione
2932 4438 3358 4509 comprehensus
3413 4441 3583 4511 (qute-

316 4551 440 4599 πεῖν
470 4549 527 4600 ὲν
554 4545 632 4617 τῷ
668 4544 952 4613 τοιούτῳ*
983 4543 1102 4613 (68)
1134 4541 1382 4613 διωγμῷ,
1415 4541 1524 4595 ἀπὸ
1554 4539 1649 4600 τσῦ
1678 4541 1778 4612 τῆς
1804 4540 1899 4593 πό.
1931 4539 1975 4594 1)
2003 4541 2128 4580 nam
2167 4540 2297 4580 vero
2342 4540 2405 4581 ea
2457 4530 2769 4596 persecutio
2797 4528 2981 4594 suerit,
3016 4530 3258 4585 nondum
3291 4534 3578 4603 comperi),

319 4638 456 4700 λεως
494 4637 750 4708 ἄρχοντος
800 4634 1123 4703 συλληφθεὶς
1159 4635 1297 4704 μετὰ
1360 4631 1637 4698 πλειόνων,
1682 4632 1777 4685 καὶ
1808 4631 1896 4696 ἐξ·

321 4728 567 4791 ετασθεὶς
602 4728 698 4780 σῦν
731 4729 843 4789 τοῖς
865 4724 1043 4788 ἄλλοις
1073 4725 1215 4794 ὑπὲρ
1246 4722 1504 4795 Χριστοῦ,
1534 4724 1582 4776 οἰ
1616 4726 1715 4794 μὲν
1747 4722 1897 4776 ἄλλοι

324 4820 521 4883 πάντες
567 4817 702 4872 Θεοῦ
746 4817 942 4879 δοῦλοι,
990 4816 1050 4869 τὸ
1082 4818 1231 4878 νῖκος
1274 4814 1728 4886 ἀπενεγκάμενοι,
1762 4814 1898 4886 βρα-

324 4913 483 4966 δείων
523 4911 717 4981 ἔτυχον
753 4909 1110 4981 ἐπουρανίων,
1150 4908 1292 4977 ὑπὲρ
1322 4905 1560 4979 Χριστοῦ
1616 4907 1897 4979 μαρτυρή·

326 5015 514 5061 σαντες
534 5014 550 5030 ·
600 4991 756 5060 οὗτος
800 4997 879 5058 δὲ,
911 4996 1143 5067 Χριστὸν
1171 4996 1549 5067 ἀρνησάμενος
1597 4996 1690 5048 καὶ
1720 5012 1899 5068 παρα-

325 5087 506 5142 πεσὼν
532 5086 628 5141 τοῦ
660 5085 862 5140 σκοποῦ
895 5087 994 5157 τῆς
1024 5085 1305 5157 ἀληθείας,
1332 5088 1390 5139 ἐν
1437 5084 1778 5157 παρεκὸάσει
1806 5101 1899 5153 γε-

324 5179 545 5251 γένηται
565 5197 581 5212 ·
623 5179 717 5232 καὶ
749 5177 859 5232 ἀπὺ
880 5176 1141 5248 αἰσχύνης
1172 5175 1373 5247 πολλῆς
1393 5176 1499 5229 ὑπὸ
1528 5172 1733 5228 πολλῶν
1762 5173 1901 5227 ὀνει-

325 5272 621 5344 διζόμενος,
650 5270 924 5340 ἀπέδρασε
953 5272 1052 5339 τῆς
1084 5266 1280 5323 ἑαυτοῦ
1309 5265 1580 5340 πατρίδος.
1630 5263 1740 5317 Καὶ
1767 5264 1902 5317 ἀνα·

328 5363 429 5426 6ὰς
479 5365 559 5427 είς
620 5359 871 5433 Ῥώμην,
922 5361 1099 5413 ἐκεῖσε
1131 5357 1417 5430 διέτριόεν.
1481 5353 1619 5407 Ύπό
1662 5369 1808 5416 τινος
1844 5351 1903 5407 δέ

404 5520 418 5550 ¹
446 5519 487 5570 A
510 5518 593 5571 lde
622 5516 719 5585 τῆς
753 5517 899 5587 περί.
996 5516 1016 5547 ⁸
1041 5515 1099 5569 F.
1128 5511 1447 5583 ἀγνοοῦμεν.
1529 5510 1551 5541 ⁸
1581 5507 1642 5565 F.
1668 5508 1863 5580 ὁποίῳ.

400 5675 512 5745 (67)
552 5672 967 5730 &odorem-dm.
1022 5666 1286 5726 Theodoti
1336 5663 1554 5720 coriarii
1615 5662 1900 5735 Byzantini
1949 5725 1953 5729 ⁵

332 5747 576 5801 meminit
608 5744 870 5799 Eusebius
889 5742 984 5796 lib.
1015 5757 1048 5795 v
1080 5738 1307 5800 Hister..
1334 5752 1459 5805 cap.
1496 5734 1591 5797 27.
1620 5743 1674 5790 et
1704 5735 1794 5790 alii
1821 5736 1903 5790 ci-

333 5819 426 5872 tati
462 5833 490 5870 a
523 5815 871 5871 Baron'io.A.
927 5810 1047 5867 ¹96.
1086 5808 1421 5874 Augustinus
1468 5804 1899 5861 Theodotioncm

332 5888 598 5943 nominat.
640 5885 868 5940 Exstant
898 5884 1227 5939 collectanea
1262 5896 1289 5931 a
1320 5875 1587 5935 Theodoti
1616 5875 1900 5946 cujusdam

2004 4616 2098 4673 sed
2124 4623 2238 4670 tum
2271 4617 2341 4673 ab
2372 4617 2525 4673 urbis
2547 4619 2802 4689 prael'ecto
2833 4637 2959 4676 cum
2992 4622 3242 4691 pluribus
3272 4634 3581 4695 correptus.

2007 4725 2130 4765 cum
2165 4708 2234 4766 de
2265 4710 2520 4764 omnibus
2560 4712 2788 4782 quaestio
2827 4714 2900 4767 ob
2932 4711 3139 4769 Christi
3175 4729 3375 4770 nomen
3416 4716 3584 4771 liabe-

1996 4811 2180 4868 ‘retur,
2213 4802 2393 4859 caeteri
2413 4802 2631 4875 quidem
2665 4802 2759 4859 Dei
2791 4804 3000 4870 famuli,
3026 4814 3300 4877 reportata
3330 4808 3582 4872 victoria.

2005 4894 2230 4951 coeleste
2278 4896 2564 4966 prr-nmium
2624 4897 2906 4951 consecuti
2960 4905 3124 4962 sunt,
3173 4898 3435 4969 martyrio
3485 4913 3586 4970 pro

2006 4984 2229 5039 Christo
2273 4984 2571 5054 perfuncti.
2624 4984 2694 5039 Ai
2743 4985 2833 5042 ille
2878 4984 3158 5042 Christum
3207 5003 3434 5058 negans,
3465 4995 3516 5041 ct
3553 5002 3583 5041 a

2008 5092 2178 5148 scopo
2229 5079 2476 5133 veritatis
2523 5077 2807 5143 excidens,
2839 5087 3213 5150 transgressor
3248 5085 3329 5134 est
3384 5078 3583 5134 sactus.

2003 5170 2132 5236 'Qua
2161 5185 2230 5225 ex
2256 5184 2336 5236 re,
2365 5184 2490 5224 cum
2524 5170 2727 5241 probro
2747 5171 2990 5225 oninium
3025 5172 3295 5242 appetitus
3323 5170 3585 5241 pudorem

2011 5262 2288 5317 sustinere
2310 5275 2418 5316 non
2456 5262 2891 5333 possenti-elicta
2940 5263 3137 5333 patria,
3170 5261 3434 5333 profugus
3485 5262 3586 5315 Ro-

2012 5368 2155 5408 mam
2192 5353 2496 5420 contendit,
2545 5363 2600 5410 et
2629 5354 2740 5410 illic
2777 5353 3063 5410 habitavit.
3102 5351 3208 5409 Sed
3243 5364 3296 5409 et
3332 5352 3519 5411 Roma·
3562 5369 3586 5409 a

2007 5662 2228 5733 scriptis
2244 5664 2384 5730 apud
2406 5662 2576 5717 Clem.
2601 5677 2724 5733 quaa
2747 5675 2857 5717 non
2883 5662 3103 5733 sapiunt
3123 5660 3486 5716 Catliolicum.

2081 5734 2192 5804 (68)
2223 5736 2346 5787 θὺκ
2370 5728 2503 5788 οῖδα
2531 5733 2723 5787 εἰπεῖν
2747 5733 2818 5787 ὲν
2839 5732 2919 5800 τῷ
2946 5736 3210 5799 τοιούτῳ.
3237 5734 3591 5787 correximus

2008 5804 2196 5874 ὁποίῳ.
2238 5802 2355 5859 Sub
2389 5802 2458 5856 tl.
2499 5801 2704 5857 Aurelii
2736 5805 3111 5873 persecutione
3151 5804 3296 5858 istud
3337 5802 3588 5874 contigit,

2012 5883 2071 5930 ut
2090 5874 2289 5930 Baron.
2329 5874 2525 5930 ibidem
2550 5876 2771 5931 asscrit.
