3850 6517
295 497 341 576 εἰ
354 496 373 551 l
386 498 455 576 02
506 553 521 565 ‚

974 483 1341 545 ADVERSUS
1381 484 1728 574 ttAEssESEs
1760 483 1891 544 Lm.
1935 486 2000 541 ll.
2044 475 2208 550 Toxi.
2252 483 2293 537 l.
2337 514 2404 522 —
2443 477 2716 535 nAEnl-Is.
2758 476 2935 534 miv,

3423 475 3561 531 nto

305 589 539 677 ἀναστῇ,
578 608 677 677 τῆς
731 604 1005 678 ἁμαρτίαις
1043 604 1402 679 ἀπολομένης.
1437 605 1555 660 Ἵνα
1585 577 1768 657 τοίνυν
1805 603 1881 674 μὴ
1911 617 1959 673 Α
1985 580 2214 669 corpore
2243 605 2569 658 moreretur,
2599 602 2655 650 et
2699 608 2902 664 corpus
2945 599 3167 663 peccato
3221 593 3435 643 mortuo
3478 603 3562 645 re·

304 696 349 776 ᾖ
378 700 545 755 κακὸν
576 698 844 752 ἁθάνατον
871 699 900 752 ό
924 697 1229 769 ἁνθρωπος,
1271 697 1347 761 ὡς
1386 695 1546 768 ἔφην,
1572 694 1605 768 ἢ
1637 696 1886 760 ἀείζωον,

314 791 452 863 ἔχων
489 791 545 844 ὲν
591 789 772 861 ἐαυτῷ
797 788 894 863 τὴν
926 789 1206 861 ἁμαρτίαν
1247 787 1708 861 κρατιστεύουσαν
1732 828 1746 853 ,
1793 785 1890 839 ἁτε

317 884 375 938 ἰν
430 883 685 955 ἀθανάτῳ
732 882 1113 955 βλαστήσασαν
1168 880 1383 951 σώματι
1401 922 1416 947 ,
1472 881 1568 935 καὶ
1623 878 1890 933 ἀθάνατον

316 974 541 1046 ἔχουσαν
574 975 801 1047 τροφὴν,
834 976 864 1029 ό
900 973 1033 1038 Θεὸς
1060 974 1225 1028 αὐτὸν
1252 974 1344 1029 διὰ
1375 972 1533 1027 τοῦτο
1560 970 1753 1043 θνητὸν
1786 970 1891 1024 ἀπ·

315 1066 552 1136 εφήνατο
572 1066 859 1137 νεκρότητι
899 1064 1227 1135 περιόαλών.
1266 1066 1439 1121 Τοῦτο
1470 1066 1579 1140 γὰρ
1610 1071 1659 1122 oi
1684 1068 1890 1141 δερμά-

292 1236 296 1239 -
320 1173 448 1210 εινοι
476 1155 707 1227 χιτῶνες
743 1155 1056 1210 ὲὸούλοντο·
1088 1156 1178 1210 ἴνα
1212 1157 1277 1226 δὴ
1314 1158 1403 1212 διὰ
1428 1162 1528 1231 τῆς
1558 1159 1767 1225 λύσεως
1794 1160 1890 1215 τοῦ

315 1245 565 1318 σώματος
613 1248 707 1302 καὶ
756 1247 857 1317 τῆς
901 1246 1223 1320 διαιρέσεως
1269 1251 1302 1320 η
1350 1250 1594 1322 ἁμαρτία
1646 1251 1891 1306 κάτωθεν

170 1398 180 1409 ,
291 1338 691 1417 ,αὐτόπρεμνος
725 1339 874 1393 πᾶσα
906 1338 1179 1412 διαφθαρῇ
1200 1356 1215 1369 ·
1264 1340 1342 1405 ὡς
1381 1341 1518 1413 μηδὲ
1546 1341 1650 1402 κᾶν
1692 1341 1893 1413 βραχύ-

320 1446 469 1482 τατον
523 1429 682 1502 ῥίζης
738 1430 964 1503 ὲαθῆναι
1010 1432 1209 1502 μέρος,
1264 1433 1359 1503 ἀφ’
1398 1428 1463 1489 οὗ
1510 1435 1629 1491 νέαι
1666 1424 1891 1506 βλὰσται

318 1522 476 1576 πάλιν
509 1523 929 1595 ἁμαρτημάτων
951 1523 1382 1589 ἁναόλύζωνται.

387 1700 515 1756 KE'.
556 1702 824 1776 Καθάπερ
860 1702 972 1776 γὰρ
1009 1704 1067 1758 ὲν
1099 1703 1497 1780 οἰκοδομήμασι
1535 1708 1680 1764 ναῶν
1711 1710 1891 1765 καλῶν

322 1791 463 1862 συκῆ
487 1793 825 1865 γεννηθεῖσα,
851 1796 943 1848 καὶ
965 1794 1045 1859 είς
1066 1794 1286 1850 ἔκτασιν
1314 1796 1409 1851 καὶ
1439 1796 1668 1869 μέγεθος
1699 1801 1890 1871 εὐτρο-

322 1884 565 1952 φήσασα,
610 1884 705 1939 καὶ
752 1885 846 1940 ἐπὶ
886 1885 1065 1949 πάσας
1104 1886 1205 1950 τὰς
1240 1887 1508 1958 ἁρμονίας
1538 1888 1890 1961 πολυκλημὰ-

1992 694 2258 760 surgeret.
2292 684 2461 756 lgitur
2490 700 2560 739 ne
2592 684 2898 738 immortale
2940 680 3214 752 quoddam
3256 694 3320 733 ac
3360 678 3563 747 sempi-

1993 786 2208 833 ternum
2261 775 2465 829 malum
2504 780 2652 828 esset
2699 772 2887 838 bomo,
2937 777 2998 826 ut
3045 771 3158 840 jam
3194 768 3450 831 diximus,
3499 780 3564 820 ac

1992 869 2204 940 peccati
2234 867 2290 923 in
2326 880 2450 923 sese
2479 864 2906 920 dominationem
2936 860 3164 925 foveret,
3207 869 3392 929 utpote
3419 856 3565 928 quod

1992 959 2286 1018 immortali
2327 959 2383 1016 in
2429 971 2662 1029 corpore
2689 956 2997 1027 pullularet,
3030 961 3086 1009 et
3117 948 3409 1006 immortali
3437 962 3566 1020 per-

1992 1051 2119 1108 inde
2144 1052 2404 1108 alimento
2436 1050 2714 1125 glisceret,
2747 1057 3033 1120 propterea
3081 1044 3364 1099 mortalem
3413 1041 3566 1097 illum

1996 1144 2137 1201 Deus
2169 1160 2294 1200 esse
2344 1145 2538 1209 voluit,
2582 1156 2647 1197 ac
2700 1152 2874 1195 morte
2905 1135 3206 1193 damnavit.
3262 1133 3377 1189 lloc
3423 1131 3566 1188 enim

1992 1245 2220 1292 scorteae
2262 1236 2368 1292 illae
2400 1234 2602 1291 tunicae
2631 1230 3043 1305 significahani;
3099 1236 3160 1282 ut
3205 1225 3569 1282 dissolutione
3607 1258 3611 1262 -

1991 1331 2370 1402 divisioneque
2399 1331 2649 1402 corporis
2684 1343 2844 1385 omne
2872 1341 2939 1381 ex
2974 1326 3085 1379 imo
3118 1330 3402 1395 peccatum
3441 1318 3570 1376 stir-

1994 1424 2140 1495 pitus
2184 1430 2544 1489 enecaretur-3
2579 1436 2646 1477 ac
2689 1436 2758 1477 ne
2807 1416 3142 1474 tenuissimae
3171 1412 3389 1485 quidem
3422 1410 3571 1467 librae

1994 1518 2370 1580 remanerent23
2415 1511 2561 1568 unde
2593 1524 2736 1567 nova
2781 1505 3017 1563 subinde
3045 1504 3291 1578 germina
3319 1507 3572 1573 peccato·

1993 1619 2114 1660 rum
2141 1601 2590 1659 efflorescerent..
3585 1658 3588 1662 .

2063 1692 2232 1766 548
2269 1691 2434 1749 XXV.
2475 1690 2548 1747 Ut
2575 1689 2718 1747 enim
2744 1685 3214 1759 emagnilicorum
3247 1683 3572 1755 templorum

1993 1794 2273 1841 structura
2306 1782 2598 1855 caprificus
2634 1794 2923 1844 enascens,
2958 1787 3125 1849 atque
3165 1776 3221 1830 in
3273 1775 3568 1830 maximam

1993 1874 2410 1947 amplitudinem
2442 1873 2783 1935 adolescens,
2808 1878 2864 1926 et
2897 1868 3293 1939 multiplicibus
3321 1865 3571 1921 radicum

319 1987 435 2034 τοις
485 1971 663 2041 ῥίζαις
703 1973 813 2028 τῶν
856 1973 1018 2028 λίθων
1046 1975 1344 2047 κεχυμένη,
1380 1976 1441 2029 οὐ
1490 1978 1755 2049 πρότερον
1795 1976 1889 2032 τοῦ
1921 1958 1967 2013 Β
1997 1967 2243 2024 brachiis
2270 1982 2368 2039 per
2401 1980 2595 2022 omnes
2620 1963 2863 2036 lapidum
2895 1960 3091 2016 diflusa
3119 1973 3433 2030 compages,
3465 1972 3575 2011 non

319 2060 476 2130 φύειν
527 2063 831 2131 στέλλεται,
877 2064 983 2130 ἕως
1014 2067 1165 2120 πᾶσα
1215 2065 1579 2138 ἀποσπασθῇ,
1618 2068 1889 2123 λυθέντων

317 2148 425 2203 τῶν
457 2150 579 2204 καθ’
603 2151 697 2217 οὓς
724 2152 1023 2226 έὸλὰστησε
1062 2155 1261 2219 τόπους
1290 2154 1400 2208 τῶν
1432 2153 1596 2209 λίθων
1616 2173 1630 2187 ·
1662 2155 1891 2210 δυνατὸν

323 2241 422 2310 γὰρ
477 2242 640 2296 πάλιν
691 2245 773 2308 είς
821 2245 948 2310 τοὺς
980 2242 1189 2301 ἑαυτῶν
1238 2246 1642 2319 ὲναρμοσθῆναι
1692 2248 1893 2310 τόπους

315 2332 440 2394 τοὺς
489 2331 687 2397 λίθους,
727 2334 829 2404 τῆς
866 2334 1040 2405 συκῆς
1079 2336 1477 2407 ἀφῃρημένης,
1522 2336 1675 2398 ὅπως
1716 2336 1746 2389 ό
1789 2335 1892 2406 μὲν

315 2417 446 2482 ναὸς
473 2417 735 2491 σώζηται,
767 2420 935 2492 μηδὲν
967 2422 1079 2476 τῶν
1120 2422 1488 2491 ἀφανιζόντων
1512 2424 1676 2478 αὐτὸν
1705 2423 1894 2478 κακῶν

315 2507 495 2579 ἁαυτῷ
526 2510 723 2581 μηκέτι
758 2510 961 2583 φέρων,
991 2512 1025 2583 η
1067 2511 1126 2565 δὲ
1166 2512 1303 2584 συκῆ
1341 2515 1492 2567 πᾶσα
1520 2514 1897 2586 προθέλυμνος

317 2602 733 2659 ἀποσπασθεῖσα
777 2604 1054 2678 ἀποθάνῃ·
1108 2604 1251 2659 κατὰ
1298 2606 1470 2661 ταῦτα
1500 2607 1595 2661 καὶ
1631 2611 1661 2663 ό
1699 2606 1833 2673 Θεὸς
1863 2611 1896 2664 ό

314 2694 568 2766 τεχνίτης
593 2695 685 2749 τὸν
713 2695 910 2750 ἑαυτοῦ
937 2696 1044 2751 νεὼ
1073 2694 1165 2750 τὸν
1186 2697 1493 2770 ἄνθρωπον,
1521 2698 1677 2770 δίκην
1696 2697 1896 2771 ἀγρίας

319 2784 491 2856 συκῆς
518 2784 616 2857 τὴν
650 2787 927 2860 ἁμαρτίαν
957 2788 1363 2861 βλαστῆσαντα,
1396 2790 1633 2855 διέλυσε,
1663 2790 1895 2845 θανὰτου

318 2876 677 2949 προσκαίροις
711 2880 1061 2956 primoum<
1102 2882 1475 2945 ἀποκτείνων,
1520 2882 1665 2936 κατὰ
1702 2880 1764 2935 τὸ
1805 2897 1897 2951 γε·

303 2965 661 3038 ’γραμμένον,
696 2969 790 3024 καὶ
819 2970 1132 3038 ζωοποιῶν,
1152 2971 1251 3036 ,ἴνα
1296 2972 1462 3027 πάλιν
1501 2971 1612 3027 τῶν
1649 2970 1831 3027 αὐτῶν
1856 2974 1893 3044 ἡ

317 3057 457 3129 σὰρξ
490 3060 674 3133 μερῶν
710 3062 851 3133 μετὰ
893 3062 954 3117 τὸ
987 3061 1356 3134 ξηρανθῆναι,
1389 3062 1484 3117 καὶ
1516 3062 1807 3118 ἀποθανεῖν
1833 3063 1898 3117 τὸ

313 3146 538 3221 ἀμάρτη
545 3168 641 3222 μα,
669 3151 826 3222 δίκην
844 3152 1429 3223 ἁνακαινοποιηθέντος
1454 3151 1607 3217 ναοῦ,
1626 3152 1897 3217 ἀθάνατος

296 3241 412 3320 ,καὶ
447 3243 684 3315 ἀπήμων
717 3244 943 3318 ἐγερθῇ,
973 3242 1175 3308 τελέως
1202 3246 1267 3298 ὲκ
1302 3242 1523 3315 βάθρων
1552 3242 1897 3315 ἀπολομένης

312 3336 414 3405 τῆς
433 3334 731 3408 ἁμαρτίας.
763 3334 979 3402 Ζῶντος
1004 3336 1113 3408 γὰρ
1139 3335 1222 3390 ἔτι
1249 3334 1350 3389 τοῦ
1381 3334 1635 3407 σώματος
1672 3334 1779 3408 πρὸ
1800 3310 1969 3390 τοῖνο

312 3423 687 3496 τεθνήξεσθαι,
732 3427 904 3500 συζῇν
927 3428 1144 3499 ἁνὰγκη
1177 3426 1275 3481 καὶ
1297 3426 1399 3498 τὴν
1420 3426 1723 3499 ἁμαρτίαν.
1751 3425 1899 3480 ἔνδον

312 3516 411 3581 τὰς
438 3516 593 3589 ῥίζας
628 3520 801 3592 αὐτῆς
829 3522 1035 3593 ὲνημῖν
1047 3517 1526 3590 ἀποκρύπτουσαν,
1559 3518 1609 3569 εί
1637 3516 1731 3569 καὶ
1754 3515 1898 3580 ἔξω·

312 3607 404 3665 θεν
432 3613 627 3683 τομαῖς
644 3615 768 3676 ταῖς
780 3612 891 3665 ἀπὸ
927 3611 1042 3666 τῶν
1091 3608 1488 3678 σωφρονισμῶν
1511 3608 1608 3659 καὶ
1636 3607 1746 3660 τῶν
1774 3624 1900 3661 νου-

310 3698 585 3769 θετήσεων
606 3698 974 3751 ἀνεπάλλετο.
1003 3696 1160 3745 Ἐπεὶ
1184 3692 1278 3746 οὖν
1307 3696 1410 3746 οὐκ
1432 3694 1500 3748 ἀν
1523 3694 1666 3765 μετὰ
1695 3694 1757 3747 τὸ
1783 3712 1902 3765 φω-

312 3787 568 3855 τισθῆναι
600 3782 1169 3848 συνέδαινενάδικεῖν,
1186 3782 1282 3838 ἁτε
1300 3786 1645 3841 παντάπασιν
1672 3787 1899 3860 εἰλικρι-

316 3876 429 3938 νῶς
457 3874 819 3949 ἀφῃρημένης
845 3874 939 3946 ἀφ’
961 3874 1118 3947 ἡμῶν
1140 3875 1243 3946 τῆς
1267 3875 1563 3948 ἁμαρτίας.
1586 3876 1699 3932 Νῦν
1718 3877 1779 3933 δὲ
1802 3879 1900 3933 καὶ

322 3964 462 4037 μετὰ
481 3964 546 4019 τὸ
574 3965 885 4031 πιστεῦσαι,
914 3967 1011 4021 καὶ
1038 3966 1133 4021 ἐπὶ
1158 3966 1219 4021 τὸ
1244 3965 1393 4040 ὕδωρ
1424 3966 1600 4022 ὲλθείν
1626 3970 1720 4024 τοῦ
1747 3971 1901 4039 ἁγνι-

320 4057 461 4129 σμοῦ
481 4096 499 4124 ,
554 4056 815 4121 πολλάκις
859 4059 919 4112 έν
974 4057 1272 4132 ἁμαρτίαις
1315 4057 1469 4124 ὄντες
1510 4058 1897 4133 εὑρισκόμεθα.

321 4148 512 4213 Οὐδεὶς
540 4148 648 4220 γὰρ
673 4147 847 4213 οὕτως
873 4148 1159 4221 ἁμαρτίας
1187 4149 1348 4214 ἐκτὸς
1380 4143 1520 4205 εἶναι
1548 4150 1740 4226 έαυτὸν
1772 4169 1901 4206 καυ-

323 4243 582 4314 χήσηται,
605 4241 683 4305 ὡς
708 4240 842 4313 μηδὲ
868 4240 972 4295 κάν
997 4240 1374 4313 ἐνθυμηθῆναι
1412 4242 1474 4297 τὸ
1512 4241 1732 4299 σύνολον
1762 4243 1901 4309 ὅλως

320 4333 421 4404 τὴν
445 4332 679 4387 ἀδικίαν.
716 4332 881 4385 Ὥστε
916 4332 1215 4403 συνέστηκε
1244 4331 1627 4389 συστέλλεσθαι
1658 4334 1779 4407 μὲν,
1803 4336 1900 4392 καὶ

320 4424 837 4497 κατευνὰζεσθαιιτῇ
868 4423 1049 4480 πίστει
1072 4424 1169 4481 νῦν
1193 4426 1293 4499 τὴν
1319 4427 1614 4499 ἁμαρτίαν,
1636 4430 1718 4491 είς
1738 4428 1801 4483 τὸ
1822 4429 1898 4501 μὴ

320 4514 468 4571 οἶσαι
492 4518 744 4589 καρποὺς
771 4516 1151 4587 βλαδοποιοὺς,
1190 4519 1254 4572 οὐ
1288 4518 1399 4590 μὴν
1431 4518 1776 4590 ἀναιρεῖσθαι
1806 4519 1901 4573 καὶ

1999 2061 2154 2131 prius
2203 2072 2526 2115 excrescere
2577 2055 2809 2120 desinit,
2862 2068 3023 2125 quam
3076 2050 3321 2119 disjectis
3377 2066 3444 2104 ex
3487 2064 3576 2111 eo.

1999 2152 2144 2207 unde
2185 2149 2468 2223 prodierit,
2525 2149 2646 2204 loco
2686 2145 2980 2219 lapidibus,
3024 2151 3137 2197 tota
3179 2142 3395 2212 penitus
3431 2140 3570 2195 labe·

2001 2241 2145 2298 lacta
2175 2241 2449 2297 concidat.
2496 2239 2634 2294 Tum
2671 2238 2841 2303 enim,
2885 2237 3101 2291 sublata
3149 2232 3428 2305 capi-ilico,
3461 2231 3578 2287 suis

2001 2332 2138 2389 locis
2176 2332 2392 2389 restitui
2439 2331 2668 2387 redivivi
2705 2329 2914 2400 lapides
2962 2336 3217 2400 possunt,
3250 2331 3309 2382 ut
3349 2332 3405 2380 et
3439 2335 3577 2379 tem-

2003 2428 2152 2498 plum
2198 2426 2380 2497 ipsum
2424 2425 2696 2480 incolume
2744 2430 3014 2484 servetur,
3048 2435 3173 2475 cum
3207 2418 3415 2474 nullum
3465 2430 3575 2470 am·

2001 2518 2148 2590 plius
2193 2533 2261 2573 ex
2307 2516 2376 2572 iis
2423 2517 2625 2587 quibus
2672 2514 3017 2571 evertebatur
3066 2509 3431 2567 incommodis
3483 2507 3579 2563 ba·

2003 2610 2162 2677 beat;
2191 2607 2485 2680 caprificos
2512 2623 2642 2663 vero
2679 2606 2751 2662 ab
2779 2605 2906 2661 imis
2938 2602 3218 2659 radicibus
3241 2602 3430 2658 evulsa
3458 2613 3581 2655 mo·

2002 2703 2199 2758 riatur.
2237 2701 2323 2758 'Ad
2351 2699 2603 2757 eumdem
2634 2699 2795 2769 plane
2824 2698 3049 2755 modum
3086 2694 3280 2752 artilex
3314 2695 3406 2750 ille
3438 2691 3584 2749 Deus

2002 2794 2266 2865 templum
2311 2809 2473 2849 suum
2516 2792 2814 2856 bominem,
2884 2792 2980 2863 qui
3017 2797 3301 2860 peccatum
3336 2786 3581 2858 caprilici

2003 2885 2291 2955 cujusdam
2341 2885 2515 2940 instar
2581 2882 2947 2953 produxerat,
3010 2879 3293 2943 dissolvit,
3348 2891 3583 2947 eumque

2001 2978 2200 3034 mortis
2236 2978 2306 3032 ad
2356 2984 2574 3047 tempus
2616 2974 2980 3047 impressione
3024 2982 3189 3044 atque
3242 2972 3444 3041 impetu
3486 2984 3584 3039 op·

2005 3069 2166 3140 primi
2194 3084 2394 3141 passus
2427 3076 2513 3124 est
2543 3069 2800 3138 primum,
2835 3066 2914 3122 uti
2942 3065 3206 3136 scriptum
3236 3070 3353 3129 est3
3383 3061 3584 3117 debinc

2000 3158 2074 3214 ad
2097 3159 2264 3214 vitam
2290 3158 2566 3223 excitavit,
2597 3168 2659 3234 ut
2700 3157 2890 3213 iisdem
2921 3156 3148 3228 praedita
3177 3154 3423 3226 partibus
3452 3167 3584 3207 caro

2002 3254 2280 3311 exsiccato
2320 3255 2798 3324 intermortuoque
2846 3258 3091 3323 peccato,
3141 3248 3291 3303 velut
3321 3244 3582 3315 templum

2000 3345 2276 3415 quoddam
2330 3344 2717 3409 instauratum,
2768 3339 3113 3405 immortalis,
3171 3352 3236 3393 ac
3288 3335 3409 3392 sine
3464 3333 3577 3389 uilo

1996 3436 2202 3493 damno
2233 3444 2565 3509 resurgeret,
2591 3435 2810 3493 sublato
2847 3449 2879 3489 a
2909 3428 3279 3488 fundamentis
3323 3424 3583 3497 profliga-

2000 3533 2165 3595 toque
2202 3536 2446 3597 peccato.
2492 3525 2705 3581 Etenim
2748 3523 2990 3595 quandiu
3040 3534 3243 3591 corpus
3293 3516 3445 3579 vivit,
3480 3528 3583 3570 nec

1998 3616 2180 3671 adbuc
2227 3624 2511 3673 mertuum
2541 3623 2649 3685 est,
2693 3630 2820 3672 cum
2847 3629 2916 3671 eo
2944 3613 3130 3669 vivere
3167 3615 3452 3682 peccatum
3488 3620 3583 3661 ne-

1998 3719 2153 3762 cesse
2182 3714 2293 3772 est,
2319 3714 2378 3763 et
2408 3706 2657 3762 occultas
2681 3705 2740 3761 in
2763 3704 2926 3763 nobis
2958 3701 3094 3773 ipsis
3140 3699 3356 3756 radices
3391 3711 3571 3767 agere,

1997 3799 2352 3869 quantumvis
2381 3797 2714 3870 quibusdam
2758 3797 2911 3855 velut
2953 3792 3372 3865 castigationum
3404 3804 3583 3860 repre-

1998 3889 2436 3961 hensionumque
2494 3889 2875 3961 putationibus
2939 3891 3284 3942 coerceatur.
3353 3879 3578 3949 Alioqui

1997 3988 2125 4049 post
2148 3978 2480 4050 baptismum
2511 3976 2724 4034 nullum
2756 3975 2874 4046 jam
2900 3973 3085 4031 scelus
3112 3975 3576 4044 perpetraremus,

1998 4078 2356 4142 posteaquam
2390 4076 2677 4139 peecatum
2709 4082 2741 4124 ι
2767 4065 2929 4123 nobis
2955 4063 3204 4121 funditus
3230 4065 3381 4118 esset
3419 4072 3582 4114 omne

1999 4161 2300 4217 sublatum.
2336 4158 2500 4230 Atqui
2528 4159 2694 4216 etiam
2724 4165 2850 4230 post
2875 4162 3190 4226 susceptam
3223 4152 3406 4215 fldem,
3446 4165 3583 4205 san-

1999 4254 2249 4311 ctissima
2297 4252 2395 4308 illa
2436 4266 2594 4323 aquae
2624 4251 2829 4307 lotione
2875 4248 3082 4322 perfusi
3109 4247 3350 4320 peccatis
3380 4243 3581 4315 saepius

1998 4345 2430 4416 obstringimur..
2468 4341 2656 4413 Neque
2708 4340 2852 4398 enim
2883 4339 3023 4395 adeo
3068 4353 3131 4395 se
3174 4338 3470 4392 immunem
3509 4334 3582 4389 ab

1998 4438 2148 4494 omni
2186 4453 2309 4495 esse
2353 4443 2581 4509 peccato
2615 4433 2839 4507 gloriari
2870 4430 3145 4503 quispiam
3178 4433 3377 4499 potest,
3419 4432 3480 4479 ut
3514 4441 3582 4480 ne

1999 4529 2331 4599 cogitatione
2356 4528 2581 4598 quidem
2614 4526 2784 4582 ullum
2832 4520 3327 4581 scelus-admittat.
3354 4516 3434 4573 Ex
3473 4532 3582 4589 quo

295 4608 433 4682 ,τῶν
459 4607 625 4679 ῥιζῶν
652 4609 833 4679 ἄχρις·
868 4608 985 4664 Νῦν
1010 4608 1110 4679 μὲν
1145 4608 1381 4664 ἐνταῦθα
1405 4608 1507 4673 τὰς
1538 4608 1774 4679 βλάστας
1797 4610 1899 4665 αὖ·
1927 4648 1984 4709 D
2003 4634 2350 4690 consequens
2372 4628 2461 4675 est
2491 4617 2717 4689 reprimi
2745 4616 2967 4686 quidem
2999 4628 3067 4669 ac
3093 4611 3372 4683 consopiri
3421 4610 3582 4666 modo

324 4700 447 4771 τῆς,
480 4696 592 4753 οἷον
611 4698 713 4762 τὰς
735 4698 1059 4770 ἐνθυμήσεις
1085 4698 1187 4763 τὰς
1218 4699 1481 4770 πονηρὰς,
1516 4700 1897 4771 συστέλλομεν,

330 4792 407 4862 μή
434 4807 521 4853 τις
549 4789 678 4861 ῥίζα
708 4789 934 4859 πικρίας
952 4788 1067 4843 ἁνω
1086 4788 1301 4857 φύουσα
1330 4788 1631 4860 ἐνοχλήσει,
1668 4788 1745 4861 μὴ
1768 4791 1902 4845 ὲῶν-

324 4898 418 4946 τες
452 4880 737 4952 ἁναμύειν,
771 4880 867 4934 καὶ
901 4878 1237 4949 διοίγνυσθαι
1269 4879 1342 4933 τά
1387 4881 1673 4951 μεμυκότα
1705 4881 1900 4953 στόμια

326 4972 466 5043 πρὸς
498 4970 597 5036 τάς
617 4973 877 5041 ἐκφύσεις
894 4970 990 5024 τοῦ
1026 4968 1211 5038 λόγου,
1240 4970 1399 5040 δίκην
1423 4970 1614 5041 ἁξίνης
1629 4972 1770 5044 πρὸς
1797 4972 1900 5038 τάς

327 5060 486 5134 ῥίζας
514 5062 682 5131 αὐτῆς
714 5060 811 5124 τὰς
854 5060 1005 5114 κάτω
1036 5059 1311 5131 φυομένας
1346 5060 1657 5133 τέμνοντος·
1686 5064 1809 5117 τότε
1838 5063 1899 5117 δὲ

328 5153 425 5205 καὶ
448 5150 511 5205 τὸ
534 5152 672 5215 ὅλως
700 5150 1170 5222 ὲνθυμηθησεσθαι
1199 5151 1329 5223 περὶ
1366 5152 1567 5217 κακίας
1593 5153 1899 5226 ἀφανισθή-

330 5259 501 5297 σεται.

2005 4708 2113 4767 fide
2146 4717 2432 4781 peccatum
2487 4723 2560 4764 ne
2589 4706 2932 4780 perniciosos
2959 4703 3178 4759 fructus
3202 4702 3440 4768 emittat,
3473 4715 3580 4754 non

2006 4802 2231 4857 omnino
2281 4809 2467 4857 tamen
2514 4814 2582 4856 ac
2634 4796 2902 4855 radicitus
2963 4793 3262 4865 exstingui.
3311 4791 3595 4864 Quocirca·

2005 4906 2156 4947 nunc
2184 4891 2332 4948 illius
2358 4889 2582 4962 quidem
2605 4887 2875 4961 germina,
2916 4900 3112 4955 pravas
3145 4885 3402 4941 nimirum
3425 4882 3581 4952 cogi-

2004 4982 2265 5045 tationes,
2295 4982 2628 5048 inhibemus,
2655 4996 2727 5037 ne
2771 4993 2881 5051 qua
2925 4977 3084 5034 radix
3114 4973 3503 5032 amaritudinis
3537 4972 3579 5038 ¹,

2005 5085 2303 5143 erumpens
2334 5071 2639 5128 molestiam
2671 5070 2832 5127 nobis
2857 5066 3085 5134 afletan
3114 5082 3218 5122 nec
3257 5072 3475 5136 apertas
3513 5063 3579 5117 ad

2007 5159 2388 5229 pullulantium
2417 5162 2557 5226 vias,
2587 5175 2657 5215 ac
2697 5158 3034 5229 spiramenta
3064 5154 3352 5212 debiscere
3379 5166 3446 5207 ac
3487 5166 3578 5223 pa-

2008 5254 2182 5309 telieri
2209 5253 2479 5319 sinimus3
2515 5253 2857 5325 proindeque
2887 5251 3074 5308 divino
3100 5247 3290 5307 verbo.
3320 5245 3469 5301 velut
3495 5259 3578 5299 se·

330 5338 448 5391 cui-i
478 5336 738 5407 quadam.
770 5333 1091 5393 fruticantes
1132 5336 1428 5393 identidem
1468 5338 1539 5394 ab
1596 5337 1782 5419 radice
1804 5338 2007 5413 stirpes
2033 5344 2378 5414 excidimus,
2425 5355 2482 5401 at
2526 5346 2587 5401 in
2619 5344 2805 5401 sutoro
2843 5344 2939 5399 illo
2992 5349 3144 5402 statu
3211 5337 3340 5394 maii
3401 5338 3577 5392 omnis

289 5477 299 5486 ,
336 5424 416 5476 vel
446 5426 700 5494 cogitatio
728 5425 967 5480 tolletur.

406 5516 550 5582 ΚΦ.
590 5514 725 5568 Οὐδὲ
757 5515 869 5586 γάρ
897 5515 1216 5586 ἀμάρτυρος
1239 5517 1270 5570 ό
1318 5514 1476 5584 λόγος
1518 5516 1751 5587 Γραφῶν
1789 5522 1902 5583 τοῖς

336 5603 681 5674 βουλομένοις
714 5605 1023 5677 εἰλικρινῶς
1061 5606 1123 5660 τὸ
1152 5606 1350 5679 ἀληθὲς
1382 5606 1581 5673 λέγειν.
1618 5606 1771 5660 Ἐπεὶ
1794 5603 1903 5663 οἶδε

2080 5513 2275 5571 xxvi.
2318 5514 2503 5587 Neque
2531 5531 2661 5572 vero
2691 5514 2839 5586 quod
2884 5512 3118 5569 dicimus
3167 5511 3574 5584 scripturarum

2011 5606 2327 5664 testimonio
2369 5615 2541 5674 caret,
2591 5608 2639 5663 si
2685 5606 2811 5677 quis
2844 5606 3124 5664 veritatem
3161 5605 3376 5662 sineere
3415 5602 3570 5673 proli-

291 5744 302 5751 .
335 5694 430 5747 καὶ
454 5696 482 5748 ὁ
518 5695 835 5760 Ἀπόστολος
884 5697 1115 5767 μηδέπω
1161 5697 1260 5768 τὴν
1304 5696 1461 5767 ῥίζαν
1510 5693 1571 5760 ἐξ
1602 5694 1905 5767 ἀνθρώπων
2009 5699 2114 5755 teri
2144 5699 2291 5756 velit.
2336 5698 2470 5755 Nam
2497 5707 2551 5755 et
2577 5698 2742 5772 549
2782 5697 3075 5771 Apostolus
3102 5698 3309 5770 peccati
3339 5693 3573 5748 radicem

408 5879 425 5908 ¹
459 5876 623 5932 liebr.
658 5891 753 5937 ιιι,
794 5875 847 5930 3
