3850 6517
1739 456 1802 514 S.
1845 447 2187 512 Eptrlimn

3459 448 3567 510 23⁰

1064 599 1520 654 ΙΘΥΔΑΙΣΜΟΣ
1559 597 1846 651 ΛΟῙΠΟΝ
1882 592 2279 647 ΜΕΡΙΣΘΕΙΣ
2309 592 2432 645 ΚΑΙ
2460 589 2703 645 ΑΥΤΟΣ
2734 589 2846 661 (89)

1601 752 1708 804 ΕΙΣ
1747 750 2055 802 mmm-:12
2094 748 2295 801 En‘rA.

1220 910 1618 968 JUDAISMUS
1655 910 1747 965 vu
1783 909 1852 964 {N
1888 908 2156 965 SECTAS
2198 906 2679 964 bts'rRtBU'rtJS.

701 1048 980 1125 coxrnit
1011 1066 1447 1125 sannucffios
1471 1106 1490 1135 ,

420 1189 552 1256 Qttoe
577 1196 654 1240 est
683 1186 857 1255 prima
889 1183 1159 1237 Iudaismi
1205 1194 1366 1247 secta,
1403 1182 1586 1238 ordine
1619 1177 1702 1235 XI
1721 1181 1779 1235 V.

363 1359 516 1416 ·Post
548 1360 673 1416 illas
705 1358 1180 1414 Samaritanorum
1232 1375 1263 1414 a
1302 1360 1459 1416 nobis
1514 1369 1883 1429 enumerataS,

312 1450 737 1520 Graecorumque
786 1458 967 1507 sectas
1026 1458 1233 1520 septem
1304 1451 1447 1520 apud
1494 1450 1712 1509 Judaeos
1762 1459 1888 1506 ante

311 1542 516 1600 Christi
548 1540 768 1596 Domini
799 1541 1096 1596 adventum
1127 1540 1181 1594 in
1207 1538 1415 1606 Judaea,
1439 1548 1604 1611 atque
1632 1539 1888 1597 Hieroso-

312 1633 474 1706 lymis
495 1633 848 1689 exstiterunt.

358 1810 590 1867 florum
643 1811 805 1882 primi
859 1809 1014 1865 suere
1059 1806 1345 1863 Sadducaei
1398 1823 1426 1862 a
1487 1807 1747 1863 Dositheo
1794 1809 1887 1863 illo

315 1889 622 1975 propagati.
677 1900 780 1969 Qui
833 1901 1095 1955 nimirum
1146 1899 1476 1955 Sadducaeos
1498 1915 1557 1956 se
1602 1915 1634 1954 a
1675 1901 1887 1971 Justitia

314 1995 630 2051 nominant.
658 1992 835 2048 Sedek
879 1991 1024 2047 enim
1053 1989 1324 2060 justitiam
1358 1991 1652 2060 significat.
1700 1991 1806 2046 Sed
1835 1999 1890 2047 et

314 2087 494 2143 Sadoc
525 2084 747 2157 quidam
779 2098 847 2138 ex
896 2081 1141 2151 antiquis
1168 2081 1550 2137 sacerdotibus
1583 2083 1889 2152 appellatus

312 2188 417 2234 est.
451 2175 653 2232 Verum
698 2173 791 2229 isti
850 2188 880 2228 a
932 2172 1184 2243 magistri
1227 2171 1482 2228 doctrina
1516 2172 1887 2229 desciverunt.

314 2269 528 2326 Etenim
583 2275 929 2321 mortuorum
985 2264 1451 2319 resurrectionem
1505 2264 1886 2331 sustula-unm

312 2362 372 2416 in
403 2375 513 2431 quo
542 2374 667 2414 cum
715 2355 1082 2411 Samaritanis
1114 2355 1474 2412 conveniunt.
1527 2356 1633 2412 Sed
1663 2357 1888 2427 angelos

312 2458 508 2507 contra
537 2464 703 2521 quam
746 2447 1086 2503 Samaritani
1141 2447 1468 2517 repudiant:
1510 2462 1572 2503 ae
1621 2447 1887 2518 Spiritum
1923 2424 1964 2481 B

315 2551 569 2597 sanctum
606 2540 884 2610 ignorant,
911 2549 1074 2608 quem
1106 2553 1207 2593 nec
1262 2538 1511 2607 accipere
1543 2543 1886 2592 meruerunt.

314 2631 519 2689 Eadem
576 2645 743 2701 porro
807 2644 932 2684 cum
989 2627 1352 2684 Samaritanus
1404 2628 1654 2684 instituta
1703 2635 1891 2683 custo·

315 2722 490 2781 diunt.
558 2721 881 2794 Quanquam
928 2721 1099 2777 ludaei
1131 2761 1146 2786 ,
1218 2718 1713 2776 non'Samaritani
1772 2719 1888 2775 sue-

387 2881 499 2954 (89)
546 2879 919 2949 Ἶουδατσμύς
943 2880 1160 2936 λοιπὸν
1185 2880 1508 2950 ‘tepeo-Oete.
1538 2877 1615 2932 De
1646 2876 1890 2936 ludaicis

317 2952 655 3008 factionibus
681 2950 938 3020 deinceps
961 2951 1105 3018 agit;
1137 2965 1275 3021 quas
1304 2960 1429 3004 ante
1451 2948 1654 3002 Christi
1684 2950 1888 3004 adven-

317 3034 434 3077 tum
472 3029 727 3093 septenas
771 3029 1037 3075 recenset.
1067 3018 1222 3086 Quod
1267 3016 1556 3082 πλατυκῶς
1603 3025 1658 3071 et
1702 3019 1887 3089 pingui

319 3089 798 3148 Minerva'dictum
818 3097 935 3145 est:
958 3105 1090 3143 ⁴nam
1120 3097 1231 3145 tres
1261 3097 1479 3145 constat
1513 3086 1890 3156 apudludaeos

320 3163 495 3220 fuisse
535 3167 746 3226 sectas;
785 3166 1179 3228 caeteras,quae
1224 3174 1255 3212 a
1305 3157 1629 3220 Philastrio,
1681 3156 1890 3213 Isidoro

320 3243 378 3288 et
407 3234 511 3288 hoc
551 3236 742 3285 nostro
773 3237 1154 3293 numerantur,
1194 3234 1391 3299 partim
1426 3226 1739 3282 suslaeorum
1780 3243 1888 3281 non

321 3317 446 3358 esse
482 3300 769 3372 proprias,
804 3298 998 3369 partim
1039 3315 1104 3352 ne
1161 3298 1393 3353 haereses
1428 3297 1644 3367 quidem
1680 3296 1885 3361 videri,

323 3371 523 3442 partim
557 3370 794 3439 denique
824 3384 853 3422 a
893 3368 1069 3423 tribus
1107 3368 1217 3423 illis
1252 3369 1595 3430 matricibus,
1627 3381 1737 3420 non
1765 3383 1888 3425 esse

323 3442 650 3507 <listinctas3
680 3453 802 3509 quae
832 3448 958 3493 sunt
985 3437 1406 3500 Pharisaeorum,
1437 3437 1883 3499 Sadducaeorum,

323 3509 693 3567 Essenorum.
713 3507 789 3564 De
818 3507 1018 3579 quibus
1046 3509 1304 3577 quoniam
1344 3520 1558 3562 summa
1591 3520 1716 3559 cum
1757 3522 1886 3562 eru-

325 3581 553 3641 ditione,
583 3594 647 3634 ac
679 3579 958 3649 diligentia
990 3578 1271 3633 Serrarius
1302 3584 1488 3632 noster
1522 3576 1701 3631 tribus
1731 3575 1886 3632 libris

325 3651 617 3712 disseruit,
661 3657 716 3704 et
758 3663 878 3718 quae
916 3646 984 3702 de
1036 3649 1103 3702 iis
1131 3647 1409 3702 observari
1454 3661 1484 3699 a
1536 3660 1621 3700 me
1666 3656 1889 3716 possent

326 3720 848 3791 occupavit-omnia,
885 3717 1141 3786 cupidum
1164 3731 1353 3772 earum
1399 3730 1582 3771 reruni
1626 3715 1885 3771 lectorem

1907 1072 1955 1130 Α

2398 1063 2585 1117 ΚΑΤΑ
2624 1061 3121 1129 ΣΑΔΔθΥΚΑΙΩΝ,

1988 1176 2193 1245 Πρώτη
2246 1176 2477 1241 αἵρεσις
2518 1173 2636 1225 ἀπὸ
2695 1172 3061 1241 Ἰουδαΐσμοῦ
3080 1214 3094 1237 ,
3133 1186 3566 1241 τεσσαρεσκαι·

2026 1317 2030 1326 Ι
2370 1241 2588 1310 δεκάτη
2621 1241 2689 1293 δὲ
2730 1240 2804 1310 τῇ
2838 1243 3184 1311 ἀκολουθίᾳ.

2059 1359 2309 1430 Αίρέσεις
2340 1357 2499 1411 πάλιν
2523 1357 2662 1427 μετὰ
2690 1354 2892 1419 ταύτας
2915 1353 3014 1418 τὰς
3030 1354 3429 1426 προειρημένας
3456 1355 3567 1409 τῶν

1989 1450 2367 1523 Σαμαρειτῶν,
2404 1449 2500 1502 καὶ
2532 1449 2644 1502 ἀνω
2684 1463 2788 1499 που
2831 1444 2940 1500 τῶν
2980 1446 3245 1517 Ἑλλήνων
3284 1446 3565 1517 προδηλω-

1989 1541 2193 1607 θείσας,
2228 1540 2514 1610 γεγόνασιν
2556 1537 2698 1592 ἑπτὰ
2722 1537 2811 1591 τὸν
2846 1536 3077 1608 ἀριθμὸν
3105 1537 3255 1610 παρὰ
3293 1537 3565 1601 Ἰουδαίοις

1988 1634 2099 1706 πρὸ
2131 1634 2228 1704 τῆς
2267 1632 2361 1686 τοῦ
2395 1630 2632 1702 Χριστοῦ
2674 1630 2938 1700 ὲνσάρκου
2982 1629 3281 1700 παρουσίας
3318 1632 3375 1683 ὲν
3429 1631 3564 1682 Ἰου-

1987 1725 2113 1796 δαίᾳ
2140 1742 2201 1779 τε
2227 1725 2323 1778 καὶ
2366 1721 2777 1794 Ἰεροσολύμοις.

2060 1814 2273 1887 Πρῶτοι
2307 1813 2671 1875 Σαδδουκαῖοι,
2720 1812 3058 1882 ἀπόσπασμα
3096 1811 3245 1872 ὄντες
3293 1808 3403 1880 (90)
3456 1808 3568 1862 ἀπὸ

1990 1905 2241 1960 Δοσιθέου
2263 1903 2357 1958 τοῦ
2385 1901 2840 1973 προλελεγμένου.
2886 1901 3307 1972 Ἐπονομάζουσι
3331 1899 3388 1952 δὲ
3419 1892 3570 1954 οὗτοι

1991 1997 2217 2058 ἑαυτοὺς
2263 1994 2375 2065 (91)
2416 1993 2823 2057 Σαδδουκαίους,
2866 1991 3027 2063 δῆθεν
3068 1990 3175 2044 ἀπὸ
3218 1988 3567 2059 δικαιοσύνης

1989 2092 2089 2163 τῆς
2115 2087 2454 2160 ἐπικλήσεως
2477 2087 2826 2158 ὁρμωμένης.
2871 2086 3035 2139 Σεδὲκ
3066 2085 3174 2156 γὰρ
3206 2082 3566 2155 ἑρμηνεύεται

1990 2176 2323 2248 δικαιοσύνη.
2357 2171 2466 2230 Ἦν
2490 2177 2546 2230 δὲ
2584 2178 2678 2230 καὶ
2711 2177 2918 2230 Σαδούκ
2955 2194 3038 2239 τις
3068 2174 3303 2246 τοῦνομα
3330 2173 3473 2228 κατὰ
3504 2172 3568 2226 τὸ

1993 2269 2222 2323 παλαιὸν
2246 2268 2356 2321 τῶν
2388 2267 2597 2339 ἱερέων.
2641 2266 2778 2320 Ἀλλ’
2800 2268 2899 2320 οὐκ
2927 2267 3209 2338 ἐνέμειναν
3237 2257 3381 2318 οὗτοι
3411 2266 3468 2317 ἐν
3496 2266 3568 2334 τῇ

1991 2361 2086 2415 τοῦ
2135 2360 2425 2413 ἐπιστάτου
2484 2358 2661 2412 αὐτῶν
2709 2358 3043 2428 διδασκαλίᾳ.
3112 2357 3411 2426 Ἧθέτησαν
3469 2355 3566 2424 μὲν

1997 2452 2106 2521 γὰρ
2137 2444 2283 2504 οὗτοι
2309 2450 2517 2520 νεκρῶν
2551 2449 2649 2521 τὴν
2671 2450 2985 2516 ἀνάστασιν,
3011 2449 3169 2518 ὅμοια
3203 2445 3565 2518 Σαμαρείταις

1998 2540 2316 2613 φρονοῦντες
2342 2556 2356 2570 ·
2405 2540 2466 2592 οὐ
2514 2539 2907 2611 παραδέχονται
2974 2538 3030 2592 δὲ
3086 2535 3382 2605 ἀγγέλους,
3430 2535 3569 2604 ὅπερ

2001 2637 2337 2705 Σαμαρεῖται
2369 2632 2469 2686 οὐκ
2493 2630 2763 2685 ἀθετοῦσι.
2806 2629 3032 2698 Πνεῦμα
3056 2629 3112 2682 δὲ
3140 2627 3292 2696 ἅγιον
3316 2627 3414 2680 οὐκ
3446 2626 3566 2678 ίσα-

1998 2744 2082 2780 σιν
2116 2726 2261 2796 (92)·
2297 2725 2358 2778 οὐ
2405 2725 2515 2795 γάρ
2546 2725 2652 2777 είσι
2686 2723 2875 2776 τούτου
2922 2720 3242 2792 ἠξιωμένοι·
3280 2719 3346 2773 τὰ
3390 2718 3568 2771 πάντα

1997 2881 2265 2937 duntaxat
2293 2877 2361 2932 ab
2395 2875 2707 2948 Epiphanio
2736 2885 3095 2936 memoratus,
3128 2873 3219 2944 qui
3255 2869 3474 2926 Davidis
3508 2878 3565 2925 et

2000 2949 2310 3005 Salomonis
2361 2954 2520 3001 aetate
2572 2947 2742 3012 vixit;
2791 2948 2932 2999 alter
2970 2945 3192 3012 Antigni
3235 2941 3564 3010 discipuluS,

1997 3021 2156 3090 cuius
2185 3019 2369 3074 socius
2395 3025 2448 3071 et
2488 3015 2895 3085 condiscipulus
2935 3017 3036 3068 suit
3079 3013 3323 3073 BaithoS.
3347 3019 3409 3066 ut
3462 3028 3567 3066 au-

1998 3101 2119 3144 ctor
2145 3098 2229 3143 est
2262 3087 2406 3141 Elias
2440 3086 2495 3139 in
2526 3084 2727 3140 Thisbi.
2754 3085 2837 3147 Ab
2870 3085 2973 3137 hoc
3007 3084 3313 3151 posteriore
3346 3079 3566 3137 Saddu-

1998 3161 2095 3216 caei
2126 3174 2249 3214 cum
2288 3157 2498 3224 origine
2534 3169 2732 3210 nomen
2764 3159 3110 3222 acceperunt.
3156 3150 3367 3204 Etenim
3401 3149 3567 3202 ambo

1998 3232 2073 3283 illi
2111 3244 2140 3284 a
2177 3235 2509 3298 praeceptore
2531 3225 2903 3279 desciscentes
2930 3222 3098 3289 legem
3126 3234 3222 3275 ore
3256 3228 3415 3275 tenus
3448 3224 3566 3273 tra-

1996 3300 2162 3353 ditam
2209 3298 2580 3365 abnegarunt3
2618 3308 2794 3362 neque
2840 3293 2994 3345 alteri
3032 3305 3195 3360 quam
3245 3287 3390 3358 quod
3431 3288 3568 3357 legis

1999 3371 2204 3436 scripto
2256 3372 2403 3421 esset
2438 3377 2779 3433 expressum,
2818 3361 3178 3416 adhibendam
3213 3359 3372 3412 tidem
3404 3366 3568 3427 puta-

2000 3447 2149 3500 runt,
2178 3453 2240 3491 cx
2274 3449 2383 3504 quo
2407 3442 2597 3518 nit-twp
2627 3430 2867 3495 Raraim,
2910 3431 3066 3501 quasi
3098 3429 3380 3483 Textaales
3413 3428 3565 3483 dicti.

1998 3520 2121 3575 llaec
2137 3519 2302 3573 Elias.
2320 3515 2481 3570 Addit
2498 3516 2773 3570 Abraham
2793 3513 3036 3569 Zacbuth
3059 3512 3234 3568 Sadoc
3246 3519 3298 3567 ct
3314 3510 3570 3570 Baiethos

1994 3592 2062 3646 ad
2098 3589 2493 3650 SamaritanoS,
2520 3594 2574 3640 et
2600 3583 2975 3639 Garizitanum
3006 3585 3263 3652 templum
3287 3590 3570 3652 receptum

1997 3660 2276 3716 habuisse.
2304 3654 2410 3710 Sed
2442 3654 2555 3710 fieri
2581 3663 2779 3725 potest.
2799 3664 2859 3708 ut
2891 3652 3171 3709 Sadducaei
3195 3651 3299 3723 ipsi
3329 3665 3359 3705 a
3385 3651 3570 3721 priore

2000 3731 2093 3785 illo
2124 3743 2187 3782 ac
2207 3724 2861 3794 vetustissimo‘poutiliee
2882 3724 3144 3780 oriundos
3168 3737 3288 3778 sese
3319 3721 3566 3791 profiteri

327 3791 396 3846 ad
449 3792 595 3845 iliius
641 3787 1072 3843 lucubrationem
1104 3785 1485 3841 dimittendum
1520 3786 1702 3854 polius
1750 3787 1896 3841 arbi·
1921 3777 1969 3840 C
2003 3800 2245 3860 manent,
2281 3810 2443 3866 quam
2474 3809 2504 3849 a
2533 3796 2835 3866 posteriore
2868 3791 3174 3864 transsilga,
3202 3793 3285 3847 vel
3312 3792 3475 3846 etiam
3507 3801 3569 3845 ιη

326 3871 469 3926 tror,
492 3875 657 3931 quam
684 3860 860 3913 otiosa
893 3857 1216 3927 repetitione
1240 3857 1612 3911 detinendum.
1638 3855 1898 3911 Conferat

327 3933 530 3993 etiam,
570 3931 616 3986 si
652 3930 835 3993 lubet,
872 3942 996 3982 cum
1043 3925 1276 3981 Seri-arii
1320 3926 1657 3991 Triliaeresio‚
1688 3941 1752 3982 ac
1793 3927 1900 3980 m-

330 4001 554 4067 nervali,
583 4014 703 4070 quae
729 4000 977 4061 DrusiuS,
1013 4003 1068 4050 et
1097 3997 1188 4050 alii
1212 3995 1434 4066 quidam
1476 3995 1544 4050 de
1580 3995 1774 4051 eodem
1803 4012 1897 4051 ar·

329 4080 592 4143 gumento
627 4071 986 4138 scripserunt.
1015 4066 1125 4121 Nos
1151 4068 1295 4121 enim
1332 4067 1419 4121 hic
1459 4080 1521 4120 ea
1558 4071 1769 4121 tantum
1802 4067 1902 4122 ad-

328 4141 662 4201 notabimus,
696 4153 816 4208 qua».
854 4139 919 4193 ad
968 4136 1353 4192 illustrandum
1398 4134 1760 4205 Epiphanium
1803 4152 1900 4192 ne-

328 4211 570 4268 cessaria
598 4209 946 4264 videbuntur.

403 4281 515 4350 (9⁰)
567 4278 789 4348 Πρῶτοι
845 4276 1236 4332 Σαδδουκαῖοι
1279 4275 1653 4346 ἀπόσπασμα
1707 4277 1896 4344 ὄντες.

331 4349 701 4418 Quantumex
726 4349 832 4413 his,
864 4364 986 4418 quae
1016 4347 1355 4418 Epiphanius
1380 4349 1434 4400 in
1464 4347 1551 4400 his
1577 4351 1743 4402 sectis
1774 4362 1899 4418 pro·

331 4418 508 4482 didit,
538 4419 725 4490 colligi
779 4425 995 4488 potest,
1043 4419 1152 4472 duo
1187 4416 1336 4472 suere
1372 4416 1651 4471 Dosithei:
1706 4416 1858 4472 Alter
1881 4457 1897 4482 ,

331 4490 587 4561 idemque
630 4497 876 4558 tempore
915 4487 1184 4557 posterior
1210 4529 1225 4553 ,
1268 4485 1648 4542 Samaritanus
1673 4527 1688 4551 ,
1741 4488 1900 4558 cujus

332 4559 582 4615 meminit
599 4556 893 4630 Origenes;
928 4558 1065 4611 alter
1085 4559 1241 4627 louge
1267 4557 1563 4626 antiquior,
1587 4571 1616 4610 a
1638 4573 1746 4628 quo
1777 4574 1902 4629 pro-

330 4638 561 4702 pagatos
586 4645 709 4686 esse
735 4626 1063 4683 Sadducaeos
1089 4641 1195 4681 non
1224 4626 1559 4696 Epiphanius
1581 4630 1778 4688 solum,
1804 4631 1900 4688 sed

329 4699 883 4771 etiam-Hieronymus
916 4704 1165 4761 testatur,
1193 4696 1414 4767 Dialoqo
1439 4706 1625 4751 contra
1649 4696 1861 4768 Lucifer
1880 4717 1900 4753 .·

332 4768 527 4838 Tmo,
560 4771 618 4825 in
658 4770 761 4833 uit,
793 4769 856 4822 de
884 4765 1155 4821 Judaistm'
1196 4767 1480 4831 liaereticis,
1521 4768 1611 4834 qui
1641 4777 1762 4821 ante
1804 4770 1902 4822 ad-

331 4786 781 4895 veutum'Czristi
829 4837 990 4907 legem
1043 4839 1296 4890 traditam
1335 4838 1660 4905 dissiparant
1700 4853 1719 4891 .·
1763 4838 1901 4909 quod

330 4911 615 4967 Dositltetts
646 4909 1110 4965 Samaritanorum
1141 4907 1400 4974 princeps.
1435 4906 1715 4975 prophetas
1746 4925 1903 4977 repu-

331 4981 501 5034 diavit
544 4996 563 5034 .·
607 4979 746 5050 quod
794 4976 1079 5033 Sadducaei
1122 4993 1185 5030 ex
1228 4977 1372 5031 illias
1416 4976 1594 5030 radice
1630 4989 1900 5034 nascentes

329 5052 492 5104 etiam
515 5049 945 5104 resurrectionem
969 5047 1145 5101 caruis
1170 5055 1508 5118 ueqaveram.
1544 5045 1621 5101 Ex
1656 5045 1900 5105 Dosithei

2003 3870 2068 3923 ad
2092 3868 2317 3939 justitiae
2339 3866 2685 3926 vocabulum,
2710 3874 2763 3920 et
2795 3865 3031 3921 nominis
3063 3862 3565 3931 interpretationem

2003 3941 2327 4001 alluderent,
2363 3938 2378 3990 i
2462 3952 2528 3990 uc
2571 3936 2779 3992 crebris
2819 3940 3149 4006 usurparent
3182 3930 3563 3996 sermonibus3

2001 4010 2147 4078 quod
2184 4022 2350 4062 unum
2405 4006 2420 4059 i
2461 4021 2565 4071 eo,
2617 4007 2981 4077 praetermissa
3043 4005 3211 4058 altera
3255 4018 3318 4056 ac
3351 4002 3568 4056 veriore

2002 4081 2425 4134 Sadducaeorum
2452 4077 2664 4145 origine
2686 4115 2701 4138 ,
2728 4075 3173 4131 commemoravit
3206 4071 3563 4141 Epiphanius.

2074 4149 2187 4218 (9⁶2)
2215 4146 2456 4214 Πνεῦμα
2483 4144 2552 4197 δὲ
2578 4145 2750 4215 ἅγιον
2772 4147 2885 4199 οὐκ
2922 4144 3114 4198 ἴσασι.
3156 4144 3389 4197 Actuum
3438 4155 3563 4208 cap.

2004 4234 2161 4283 xxm,
2188 4218 2243 4282 8,
2271 4213 2553 4270 Sadducaei
2572 4216 2711 4270 enim
2744 4214 2926 4268 dicunt
2955 4231 3059 4269 non
3085 4228 3196 4267 esse
3224 4211 3566 4265 resurrectio-

2003 4305 2139 4351 nem,
2167 4302 2326 4358 neque
2360 4285 2623 4350 attactum,
2654 4301 2813 4357 neque
2849 4285 3113 4353 spiritum,
3154 4280 3276 4336 οὔτε
3309 4278 3565 4348 ἄγγελον,

2002 4357 2123 4412 οὔτε
2154 4356 2390 4426 πνεῦμα.
2427 4341 2690 4424 Spiritum
2722 4366 2971 4410 sanctum
3004 4355 3104 4408 hoc
3133 4353 3265 4405 loco.
3285 4365 3392 4404 non
3420 4363 3563 4403 uuus

2002 4427 2341 4500 Epiphanius
2402 4426 2699 4490 intellexit;
2750 4424 2851 4481 -sed
2884 4431 2936 4480 et
2982 4421 3324 4477 philastrius.
3379 4417 3564 4484 Quare

2004 4509 2227 4561 temere,
2257 4507 2310 4551 et
2335 4496 2705 4565 imprudenter
2728 4495 2781 4548 in
2812 4493 3041 4547 Eleucleo
3066 4491 3345 4558 Scaliger:
3386 4489 3567 4542 Asini-

2006 4579 2108 4632 tas,
2136 4567 2331 4638 inquit,
2353 4582 2498 4619 atera
2518 4575 2618 4627 est,
2643 4574 2694 4618 ee
2716 4566 2957 4633 impietas
2990 4563 3100 4618 liaec
3122 4561 3300 4630 fateri.
3329 4556 3561 4613 Proinde

2003 4636 2327 4693 exsecranda
2361 4636 2464 4689 illa
2506 4637 2761 4691 sententia
2802 4633 3067 4698 Sei-rarii,
3113 4630 3203 4701 qai
3247 4644 3347 4681 nou
3387 4628 3560 4683 minus

2004 4710 2188 4777 impie,
2234 4723 2396 4777 quam
2448 4705 2672 4760 ridicule
2713 4721 2836 4758 -eam
2872 4714 3069 4758 tuetur.
3118 4704 3249 4755 Ram
3293 4697 3435 4769 quud
3486 4699 3561 4752 ait

2005 4779 2223 4848 πνεῦμα
2262 4777 2375 4831 illic
2414 4779 2532 4831 sine
2566 4775 2800 4830 articulo
2827 4775 3064 4845 positum
3103 4771 3356 4827 universe
3390 4769 3559 4831 sumi,

2005 4864 2131 4903 cum
2163 4857 2221 4901 ut
2270 4845 2533 4916 Spiritum
2572 4853 2818 4901 sanctum
2855 4843 3211 4911 signiticaret.
3243 4838 3306 4891 τὸ
3346 4837 3564 4908 πνεῦμα,

2003 4914 2351 4972 scribendum
2380 4914 2561 4980 suerit,
2589 4915 2736 4984 quod
2774 4914 2868 4968 diu
2910 4921 3037 4966 ante
3065 4910 3399 4979 scaligerum
3442 4906 3561 4961 Sal-

2008 5002 2160 5042 ntero
2189 4997 2375 5042 noster
2408 4987 2829 5048 observaverat3
2862 4982 2995 5036 nihil
3038 4981 3107 5035 ad
3153 4995 3267 5036 rem
3302 4979 3555 5047 pertinet.

2005 5056 2218 5112 Etenim
2275 5069 2417 5124 saepe
2470 5053 2687 5126 πνεῦμα
2740 5053 2859 5108 sine
2909 5052 3144 5108 articulo
3197 5063 3297 5121 pro
3351 5047 3561 5117 Spiritu

331 5135 464 5192 0¹8⁰
505 5120 694 5174 radice
731 5119 843 5172 ¹¹³st
888 5124 1015 5173 ⁵⁰⁰²
1061 5115 1379 5182 Sadducaei;
1437 5119 1582 5186 (1¹¹0(¹
1628 5126 1712 5173 08¹·
1754 5118 1898 5174 idem
1932 5125 1977 5181 D
2003 5135 2194 5187 sancto
2214 5127 2269 5180 in
2289 5124 2408 5179 Scri
2454 5126 2591 5180 turis
2617 5130 3029 5193 usurpatur-,ut
3051 5118 3402 5180 Joau.1u,5:
3436 5115 3561 5171 Nisi

333 5198 501 5261 atque
540 5188 878 5258 ἀπόσπασμα
923 5189 1090 5242 luisse
1123 5187 1234 5240 τῶν
1272 5184 1555 5240 Δοσιθέων.
1588 5183 1658 5240 Ut
1705 5188 1894 5244 mirari

334 5256 580 5330 Scaliger
609 5258 838 5314 desinat
881 5259 948 5313 ab
1001 5257 1302 5328 Epiphanio
1346 5257 1400 5311 id
1449 5271 1570 5310 esse
1608 5257 1892 5327 scriptum.

330 5328 520 5401 Itaque
543 5327 829 5385 Dositheus
852 5344 883 5383 a
908 5328 1106 5384 ludaeis
1127 5328 1193 5382 ad
1217 5326 1592 5382 samaritanos
1613 5325 1894 5394 deficienS,

333 5396 1899 5540 {anasaiiiar‘a:s3r‘’12¹2ss-&assasse

332 5538 536 5598 iudaeis
562 5541 892 5595 transiisset.

406 5609 520 5685 (91)
552 5607 1018 5733 ’Exorogdc'ovo'c
1039 5607 1107 5662 δὲ
1124 5602 1288 5665 οὗτοι
1309 5607 1578 5674 ἑαυτούς.
1603 5605 1890 5665 Sadducaei

330 5679 560 5751 passim,
587 5681 753 5763 apud·
806 5689 973 5734 raecos
999 5678 1249 5745 maxime,
1315 5680 1553 5734 eminato
1581 5679 1610 5733 ῦ
1638 5680 1890 5736 scribun-

333 5759 447 5832 tur,
480 5765 637 5822 quast
683 5757 1028 5872 εεεοιῑδέππε
1075 5749 1218 5820 apud
1256 5745 1299 5802 L
1341 5741 1431 5830 ux,
1475 5750 1889 5822 antiquissimus

330 5820 424 5876 tlte
445 5822 723 5880 sacerdos,
746 5820 786 5873 Σ
883 5819 971 5874 ύκ.
996 5816 1072 5873 De
1099 5834 1209 5889 quo
1233 5826 1454 5890 copiose
1489 5818 1771 5877 Set-rarius
1820 5835 1888 5875 ac

331 5887 580 5952 Drusius.
606 5889 799 5948 Sadoci
827 5903 991 5961 porro
1019 5893 1276 5949 exstitere
1300 5892 1442 5948 duo:
1480 5905 1710 5961 quorum
1743 5904 1885 5946 unus

1999 5198 2115 5267 quis
2146 5205 2359 5250 renatus
2402 5140 2562 5263 licerit
2596 5209 2662 5249 ea:
2693 5210 2865 5263 aqua,
2909 5202 2960 5248 et
2999 5190 3238 5260 Spiritu,
3281 5188 3340 5254 ἐξ
3371 5185 3561 5251 ὕδατος

2001 5266 2094 5319 καὶ
2124 5264 2461 5336 Πνεῦματος,
2496 5272 2551 5320 et
2577 5266 2700 5319 aliis
2740 5266 2794 5318 in
2837 5264 2991 5325 locis,
3026 5275 3260 5331 quorum
3296 5258 3559 5312 nonnulla

2002 5334 2207 5406 profert
2235 5336 2293 5390 in
2326 5333 2606 5389 Minervali
2647 5334 2951 5390 serrarius.
2981 5333 3162 5399 Quare
3204 5345 3314 5384 non
3355 5329 3561 5396 impro-

2001 5405 2179 5460 banda
2202 5405 2318 5460 haec
2346 5403 2633 5475 Epiphanii
2669 5405 3049 5473 interpretatio
3070 5400 3311 5461 videtur,
3343 5398 3560 5452 tametsi

2002 5474 2071 5531 de
2126 5476 2243 5531 suto
2289 5475 2497 5546 Spiritu
2547 5483 2740 5530 sancto
2795 5474 3021 5542 praecise
3065 5473 3304 5526 locutum
3347 5474 3560 5539 putaret

2002 5546 2407 5616 evangelistam.
2441 5543 2600 5611 Quod
2640 5558 2868 5599 necesse
2922 5559 3030 5596 non
3068 5552 3173 5597 est.
3216 5539 3369 5594 Hanc
3412 5537 3560 5591 enim

2001 5612 2423 5670 Sadducaeorum
2458 5623 2690 5670 mentem
2719 5613 2897 5668 fuisse
2930 5613 3198 5683 suspicor,
3222 5618 3282 5664 ut
3306 5607 3560 5678 spiritum

1998 5699 2249 5748 omnem,
2304 5688 2406 5738 hoc
2453 5691 2539 5739 est
2585 5682 2961 5754 πνευματικὴν
3018 5682 3246 5747 οὐσίαν,
3313 5678 3562 5733 funditus

1997 5755 2284 5820 tollerent;
2328 5753 2557 5825 ideoque
2596 5767 2917 5824 corporeum
2965 5769 3088 5810 esse
3133 5752 3301 5807 Deum
3343 5762 3560 5804 assere·

1995 5831 2150 5889 rent,
2193 5830 2253 5878 ut
2295 5822 2542 5895 Lyranus
2582 5824 2879 5880 existimat.
2913 5822 2992 5877 Ex
3035 5838 3145 5895 quo
3182 5820 3559 5889 consequitur,

1995 5896 2157 5949 etiam
2190 5892 2450 5964 Spiritum
2478 5905 2730 5953 sanctum
2765 5894 2887 5950 illos
2911 5895 3231 5960 abnegasse.
3267 5891 3417 5947 Unde
3447 5902 3558 5942 tue·
