3850 6517
300 534 406 592 593

940 530 1305 589 ADVERSUS
1341 532 1683 590 nAERESEs
1724 534 1851 589 LlB.
1895 533 1938 589 1.
1980 532 2144 589 Tou.
2185 531 2250 588 11.
2289 562 2359 573 -
2397 531 2655 590 iia-:RES
2691 532 2881 589 XXlK.

3442 538 3550 595 3⁰⁴

299 644 465 715 ολεεμ
487 644 592 716 τῆς
641 641 907 705 Ἰουδαίας
953 642 1054 714 (i).
1096 643 1192 696 ἐπὶ
1238 642 1587 715 Ἀλεξάνδρου
1628 642 1724 697 τοῦ
1770 642 1880 698 ἀπὸ
1907 651 1956 708 Α
1982 642 2203 698 tercidit
2246 657 2313 698 ac
2355 659 2654 715 suppressa
2698 645 2919 714 penitus
2961 655 3065 714 est,
3105 661 3136 701 a
3163 661 3271 719 quo
3299 646 3550 707 Christus

298 736 489 806 γένους
512 732 795 807 ἱερατικοῦ
822 733 916 787 καὶ
943 732 1248 803 βασιλικοῦ.
1287 735 1404 805 Ἀφ’
1430 728 1493 789 οὗ
1529 732 1878 805 Ἀλεξάνδρου

295 828 549 882 διέπεσεν
581 820 741 890 οὗτος
770 826 802 878 ό
843 823 1048 895 κλῆρος
1092 823 1204 877 άπό
1249 824 1456 895 χρόνων
1499 823 1665 878 αὐτοῦ
1696 840 1758 878 τε
1786 824 1883 879 καὶ

301 917 567 980 Σααλίνας
603 916 703 987 (2),
731 913 836 984 τῆς
864 914 961 967 καὶ
1000 912 1356 986 Ἀλεξάνδρας
1396 912 1758 985 καλουμένης,
1786 914 1881 966 ἐπὶ

299 1011 415 1073 τοίς
453 1008 667 1080 χρόνοις
703 1005 943 1079 Ἡρώδου
989 1002 1088 1057 τοῦ
1129 1003 1393 1075 βασιλέως
1424 1004 1521 1058 καὶ
1565 1002 1881 1073 Αὐγούστου

303 1102 416 1156 τῶν
453 1099 739 1171 Ῥωμαίων
782 1097 1205 1171 αὐτοκράτορος.
1277 1098 1375 1161 Ὃς
1401 1097 1495 1152 καὶ
1526 1095 1762 1167 διάδημα
1783 1096 1883 1148 ἐπ-

304 1191 463 1245 έθετο
491 1189 668 1261 ἑαυτῷ
709 1191 741 1243 ό
776 1188 1124 1259 Ἀλέξανδρος
1166 1180 1343 1254 οὗτος,
1386 1181 1467 1250 εἷς
1497 1186 1606 1240 τῶν
1644 1185 1882 1258 χριστῶν

305 1280 406 1334 καὶ
430 1278 746 1349 ἡγουμένων
775 1277 1054 1351 ῦπάρχων.
1091 1276 1470 1347 Συναφθεισῶν
1508 1276 1619 1348 γάρ
1657 1276 1766 1330 τῶν
1787 1275 1883 1330 δύο

313 1371 494 1441 φυλῶν
541 1370 639 1425 τοῦ
683 1387 748 1424 τε
795 1366 1073 1441 βασιλικοῦ
1108 1369 1203 1423 καὶ
1251 1367 1547 1441 ἱερατικοῦ,
1613 1368 1782 1421 Ἰούδα
1823 1368 1884 1423 δέ

308 1479 451 1534 φημι
480 1462 579 1515 καὶ
608 1459 842 1532 Ἀαρὼν,
867 1460 968 1514 καὶ
990 1460 1169 1531 πάσης
1189 1462 1288 1531 τῆς
1314 1458 1410 1513 τοῦ
1435 1459 1586 1522 Aeni,
1615 1458 1758 1513 οὕτω
1789 1458 1885 1530 βα·

310 1554 479 1616 σιλείς
510 1553 608 1606 καὶ
632 1552 800 1622 ἱερεῖς
830 1551 1089 1620 ἐγίνοντο.
1137 1551 1214 1604 Ού
1251 1549 1363 1622 γάρ
1387 1550 1655 1621 διήμαρτέ
1692 1567 1746 1604 τι
1774 1551 1883 1606 τῶν

308 1644 419 1700 ἀπὸ
450 1644 552 1715 τῆς
582 1644 745 1712 άγίας
775 1643 1000 1715 Γραφῆς
1024 1642 1404 1713 αἱνιγμάτων.··
1430 1642 1565 1695 Τότε
1610 1642 1667 1695 δὲ
1698 1641 1884 1696 λοιπόν

308 1734 608 1803 ἀλλόφυλος
639 1733 893 1805 βασιλεὺς
930 1732 1195 1806 Ἡρώδης,
1222 1733 1316 1787 καὶ
1346 1733 1531 1786 οὐκέτι
1574 1734 1623 1785 οἱ
1653 1731 1762 1785 ἀπὸ
1788 1732 1883 1785 τοῦ

309 1824 474 1879 Aesis
511 1824 748 1896 διάδημα
791 1823 1077 1878 ἐπέθεντο·
1110 1823 1527 1894 μεταπεσούσης
1562 1823 1620 1876 δὲ
1644 1822 1746 1893 τῆς
1790 1822 1888 1893 βα-

313 1912 520 1982 σιλικῆς
565 1912 835 1984 καθέδρας
867 1913 928 1967 έν
972 1911 1194 1984 Χριστῷ
1238 1912 1333 1966 ἐπὶ
1377 1911 1480 1983 τὴν
1537 1910 1882 1982 Ἐκκλησίαν,

1981 732 2337 802 Bethlehemi,
2366 736 2513 806 quod
2544 743 2628 791 est
2654 734 2858 794 ludam
2892 739 3175 809 oppidum,
3206 739 3261 794 in
3288 740 3432 796 hanc
3464 741 3549 796 lu·

1981 838 2100 880 cem
2124 824 2305 881 editus
2329 831 2417 880 est
2442 844 2456 879 :
2487 823 2650 897 idque
2671 826 2809 881 adeo
2834 828 2940 883 sub
2962 829 3277 885 Alexandro
3302 833 3550 903 contigit,

1981 917 2076 988 qui
2123 932 2156 971 e
2206 916 2551 972 sacerdotum
2600 919 2808 987 pariter
2856 933 2922 974 ac
2979 933 3168 989 regum
3219 923 3391 992 stirpe
3436 931 3551 975 erai

1982 1004 2269 1061 oriundus.
2318 1003 2406 1060 Ab
2452 1005 2620 1076 hujus
2651 1006 2817 1077 igitur
2858 1006 3152 1062 Alexandri
3205 1023 3309 1063 nec
3350 1024 3460 1063 non
3501 1017 3555 1064 et

1984 1094 2242 1160 Saaliiiae,
2294 1111 2417 1168 quai
2454 1104 2510 1152 et
2554 1096 2863 1153 Alexandra
2908 1105 3099 1153 vocata
3139 1107 3245 1164 est,
3290 1107 3554 1169 tempore,

1982 1203 2105 1244 sors
2119 1197 2206 1245 est
2224 1187 2317 1242 illa
2338 1187 2488 1259 regni
2518 1186 2869 1257 conditioque
2897 1187 3138 1253 sublata,
3160 1201 3284 1241 cum
3303 1173 3554 1241 'Herodes

1980 1278 2202 1344 ludam,
2233 1283 2511 1351 Augustus
2537 1294 2667 1335 vero
2709 1278 3084 1334 Romanorum
3128 1279 3416 1350 imperium
3456 1279 3559 1333 ob·

1982 1370 2200 1426 tineret.
2222 1369 2286 1423 Et
2301 1369 2519 1441 quidem
2539 1369 2844 1425 Alexander
2863 1370 2954 1424 ille
2971 1384 3115 1424 unus
3147 1384 3178 1424 e
3199 1368 3552 1433 christorum,

1984 1460 2088 1515 hoc
2116 1470 2202 1515 est
2235 1468 2535 1514 unctorum
2582 1460 2896 1531 ducumque
2922 1474 3153 1514 numero
3189 1457 3440 1513 diadema
3474 1455 3555 1513 si-

1983 1551 2153 1606 bimet
2184 1552 2464 1622 imposuit.
2487 1549 2626 1606 Cum
2656 1552 2803 1606 enim
2831 1552 2953 1607 diiae
2976 1550 3206 1605 invicem
3229 1549 3405 1604 tribus
3425 1563 3551 1604 con·

1979 1640 2184 1709 junctae
2226 1641 2493 1700 fuissent.
2532 1655 2764 1710 quarum
2812 1641 2987 1696 altera
3036 1639 3222 1710 regni,
3266 1636 3554 1694 sacerdotii

1985 1731 2157 1785 altera
2186 1730 2280 1800 jus
2319 1730 2575 1793 habebat,
2606 1739 2835 1801 eratque
2865 1730 3022 1785 Judae
3067 1731 3238 1801 prior,
3282 1730 3554 1799 posterior

1985 1820 2223 1876 Aaronis
2261 1836 2325 1874 ac
2354 1819 2613 1878 Leviticae
2638 1823 2820 1893 gentis
2861 1822 3152 1889 universae,
3185 1822 3312 1877 inde
3354 1821 3556 1877 sactum

1986 1919 2090 1979 est,
2125 1909 2289 1965 iidem
2343 1918 2402 1964 ut
2455 1926 2610 1981 reges
2630 1928 2720 1996 ‘ac
2748 1913 3064 1969 sacerdotes
3113 1918 3320 1969 essent.
3368 1910 3554 1981 Neque

310 2001 416 2055 ἀπὸ
450 2001 551 2073 μὲν
575 2000 725 2055 οἱκου
758 2001 853 2055 τοῦ
882 2000 1147 2073 σαρκικοῦ
1189 2001 1360 2055 Ἰούδα
1383 2002 1479 2056 καὶ
1524 2000 1884 2073 Ἰερουσαλὴμ
1917 1975 1962 2031 Β
1985 2001 2134 2057 enini
2176 2001 2344 2055 ullum
2372 2018 2439 2058 ex
2478 2002 2732 2061 obscuris
2773 2018 3056 2059 sacrarum
3092 2004 3394 2059 litterarum
3424 2017 3555 2057 ora-

308 2092 368 2146 τὸ
395 2091 675 2163 βασιλικὸν
720 2091 954 2164 μετέστη
1004 2091 1254 2163 ἀξίωμα·
1289 2092 1499 2164 ἵδρυται
1536 2092 1593 2146 δὲ
1624 2093 1656 2145 ὀ
1693 2092 1884 2165 Θρόνος

1984 2090 2126 2146 culis
2158 2090 2388 2147 veritate
2412 2107 2515 2147 sua
2549 2093 2751 2148 caruit.
2788 2090 2926 2147 Tum
2975 2093 3145 2164 igitur
3175 2090 3422 2147 Herodes
3459 2106 3554 2145 rex

309 2186 366 2236 ὲν
391 2186 459 2256 τῇ
502 2185 637 2256 ᾀγίᾳ
678 2184 774 2238 τοῦ
813 2183 950 2237 Θεοῦ
992 2184 1288 2257 Ἐκκλησία
1334 2185 1416 2250 είς
1446 2184 1541 2239 τὸν
1588 2184 1783 2247 αἰῶνα,
1816 2187 1884 2239 ὲκ
1984 2179 2293 2249 alienigena
2355 2180 2627 2237 submotis
2703 2180 2927 2238 navidis
3000 2183 3236 2253 posteris
3309 2180 3556 2235 diadema

306 2275 397 2329 δύο
432 2276 758 2347 προφάσεων
805 2273 946 2345 ἔχων
989 2274 1052 2329 τὸ
1092 2274 1329 2346 ἀξίωμα,
1357 2273 1454 2329 τοῦ
1494 2291 1555 2329 τε
1599 2272 1881 2345 βασιλικοῦ
1984 2269 2241 2339 sumpsit.
2263 2268 2444 2341 Atque
2468 2271 2681 2342 imperii
2713 2273 2931 2328 demum
2962 2274 3104 2330 solio
3129 2275 3475 2346 peregrinum
3501 2274 3556 2329 in

307 2365 403 2416 καὶ
447 2362 542 2417 τοῦ
588 2361 999 2436 ἀρχιερατικοῦ.
1040 2363 1150 2417 Καὶ
1194 2363 1257 2418 τὸ
1298 2363 1399 2435 μὶν
1451 2361 1730 2433 βασιλικὸν
1771 2361 1882 2415 aab
1983 2359 2263 2415 bominem
2290 2362 2577 2426 translato,
2604 2377 2634 2417 a
2662 2365 2901 2420 carnalis
2924 2363 3080 2420 Judae
3110 2366 3314 2421 familia
3349 2383 3412 2422 ac
3441 2367 3561 2425 ilie-

312 2452 409 2505 τοῦ
434 2452 640 2522 Κυρίου
666 2453 824 2523 ἡμῶν
858 2454 1034 2525 Ἰησοῦ
1067 2451 1306 2525 Χριστοῦ
1332 2453 1478 2509 κατά
1503 2453 1600 2508 δύο
1623 2453 1882 2526 τρόπους,
1982 2450 2281 2521 rosolymis
2335 2466 2433 2522 per
2488 2452 2767 2509 Christum
2808 2456 2959 2526 regia
3013 2463 3099 2511 est
3145 2457 3201 2512 in
3256 2456 3556 2512 Ecclesiam

317 2539 408 2593 διά
438 2557 498 2592 τε
523 2541 586 2593 τὸ
626 2536 765 2594 εἶναι
790 2542 952 2595 αὐτὸν
982 2545 1048 2597 εκ
1080 2543 1393 2614 σπέρματος
1418 2544 1584 2597 Δαδὶδ
1606 2544 1704 2597 τοῦ
1735 2543 1887 2615 βασι-
1983 2539 2270 2597 transfusa
2303 2540 2564 2614 dignitas.
2599 2542 2772 2616 Cujus
2801 2548 2957 2603 sedes
2990 2548 3055 2601 ad
3091 2549 3332 2603 omnium
3362 2564 3552 2618 perpe-

317 2627 459 2691 λέως
507 2627 650 2681 κατὰ
680 2628 877 2700 σάρκα,
910 2628 1010 2682 καὶ
1059 2629 1122 2681 τὸ
1170 2625 1314 2682 εἶναι
1351 2629 1537 2695 αὐτὸν,
1569 2630 1704 2704 ὅπερ
1747 2630 1886 2694 ἐστὶ,
1984 2630 2239 2686 tuitatem
2277 2638 2588 2703 temporum
2630 2635 2688 2690 in
2735 2636 2923 2692 eadem
2960 2638 3079 2708 ipsa
3124 2639 3447 2700 constituta,
3491 2654 3556 2693 cx

316 2716 544 2786 βασιλέα
582 2716 807 2788 μείζονα
835 2718 932 2772 ἀπ’
982 2716 1179 2781 αἰῶνος
1227 2715 1374 2771 κατὰ
1404 2717 1505 2788 τὴν
1535 2716 1800 2788 Θεότητα·
1831 2717 1894 2772 τὸ
1987 2715 2273 2770 ambarum
2300 2716 2652 2788 dignitatum,
2681 2718 2833 2791 regiii
2870 2721 3120 2777 videlicet
3146 2737 3211 2777 ac
3238 2724 3557 2785 sacerdotii.

315 2806 372 2859 δὲ
423 2808 721 2878 ἱερατικὸν,
773 2810 859 2862 ὅτι
907 2806 1075 2871 αὐτὸς
1117 2806 1410 2880 ἀρχιερεὺς
1457 2807 1552 2860 καὶ
1598 2807 1896 2879 ἀρχιερέων
1989 2806 2350 2877 amplitudine
2381 2808 2644 2865 coalescit
2682 2829 2695 2864 :
2729 2826 2856 2866 nam
2883 2811 3026 2881 quod
3061 2811 3128 2867 ad
3160 2813 3364 2882 regiam
3388 2813 3557 2883 maje-

309 2896 1085 3051 {polawiuxxazomogvfff
1113 2895 1281 2961 εὐθὺς
1319 2896 1629 3035 laidez&
1660 2898 1893 3000 ἀδελφοῦ
1986 2907 2183 3043 ἓιαιιιειιι
2214 2898 2432 2965 attinet,
2463 2914 2585 2954 eain
2613 2914 2644 2954 a
2681 2883 2906 2957 Christo
2928 2882 3065 2958 'lesu
3100 2901 3333 3046 Domina)
3362 2910 3559 3045 nostliio

361 2996 516 3050 ”90⁹0
651 2999 713 3033 Ου
789 2999 879 3035 νου
915 2998 989 3035 2⁶³
1078 2979 1358 3045 Μπόλου,
1435 2996 1496 3033 πῑ
1602 2998 1705 3035 “⁸0⁰⁰
1743 2997 1894 3056 πρω-
2027 2990 2191 3059 upici
2235 2989 2361 3059 jure
2391 2991 2848 3047 communicatam
2898 2993 3143 3063 accepit:
3182 3008 3292 3062 quo
3375 2992 3482 3048 eti
3528 3006 3559 3043 e

309 3068 563 3124 'tm-⁰105
589 3070 686 3125 τοῦ
726 3072 924 3143 Ἰωσὴφ
951 3069 1119 3141 φύσει
1148 3069 1324 3136 ὄντος,
1358 3073 1419 3125 ἒν
1452 3069 1606 3138 τάξει
1648 3070 1707 3126 δὲ
1734 3072 1890 3127 ἀδελ·
1988 3086 2263 3147 quatenus
2297 3095 2465 3137 carne
2496 3090 2740 3141 constat.
2772 3081 2841 3137 de
2880 3081 3104 3138 Davidis
3145 3083 3318 3154 stirpe
3360 3095 3553 3154 propa—

314 3157 417 3229 φοῦ
450 3157 552 3214 τοῦ
591 3161 796 3234 Κυρίου
836 3160 1125 3233 κληθέντος
1165 3159 1257 3214 διά
1286 3161 1387 3233 τὴν
1416 3165 1886 3236 συναναστροφὴν.
1988 3177 2146 3238 gatus
2193 3168 2378 3233 fuerit.
2425 3178 2481 3226 et
2517 3187 2615 3228 rex
2642 3172 2948 3228 divinitatis
2975 3189 3138 3245 quain
3187 3175 3329 3230 idem
3378 3175 3562 3245 babet,

309 3252 524 3310 ratione
559 3251 725 3324 119
768 3254 928 3325 longe
976 3255 1051 3310 sit
1080 3253 1333 3324 amplior,
1380 3258 1436 3308 et
1483 3261 1746 3310 aeternus.
1793 3255 2103 3314 Sacerdotii
2160 3276 2292 3317 vero
2338 3264 2659 3334 dignitatem
2713 3264 2836 3321 ideo
2887 3266 3115 3321 sortitus
3169 3276 3272 3330 est,
3312 3265 3456 3335 quod
3509 3275 3563 3321 et

315 3345 560 3416 pontifex
599 3350 694 3415 sit,
733 3357 791 3404 et
822 3348 1142 3419 pontificum
1184 3347 1431 3403 omnium
1476 3349 1792 3406 moderator
1840 3351 1915 3421 ac}
1946 3351 2234 3427 ¹princeps.
2281 3357 2464 3425 Quare
2483 3357 2721 3414 Jacobus
2746 3359 2857 3423 ille,
2881 3360 2974 3428 qui
3005 3357 3219 3413 Domini
3254 3363 3421 3412 irater
3461 3372 3563 3427 ap-

321 3437 559 3503 pellatus
600 3446 707 3504 est,
746 3447 799 3495 et
861 3442 1104 3511 ejusdem
1156 3441 1460 3511 apostolus,
1507 3442 1724 3512 primus
1778 3446 2026 3501 omnium
2104 3458 2192 3507 est
2246 3452 2542 3523 episcopus
2598 3452 2968 3518 constitutusz
3022 3452 3115 3523 qui
3169 3467 3294 3507 cum
3342 3440 3562 3521 losepl'il

318 3521 588 3674 ”gralia
647 3536 797 3580 esset
851 3530 1018 3594 tilius,
1058 3530 1272 3587 Domini
1308 3528 1480 3587 frater
1503 3532 1583 3587 ob
1617 3532 1675 3587 id
1732 3544 1965 3592 vocatus
2020 3547 2128 3606 est,
2165 3543 2311 3613 quod
2346 3543 2400 3597 in
2439 3542 2559 3612 ejus
2591 3545 2844 3599 convictu
2889 3560 2952 3598 ac
2995 3544 3391 3601 consuetudine
3443 3559 3562 3600 ver-

314 3630 378 3673 sa
465 3630 551 3670 ur.
3222 3635 3233 3642 “

382 3707 461 3802 As.
496 3701 605 3760 *nv
628 3705 737 3779 γὰρ
760 3709 792 3761 ⁶
834 3709 1087 3776 Ἰάκωοος
1111 3704 1270 3777 οὗτος
1303 3713 1382 3783 (s)
1415 3713 1528 3777 υιὸς
1561 3714 1656 3769 τοῦ
1691 3716 1888 3789 Ἰωσὴφ
1914 3730 1960 3789 c
2063 3716 2154 3773 iv.
2186 3716 2287 3775 iiic
2311 3701 2457 3775 e‘nim
2479 3719 2700 3791 insi-phi
2722 3736 2786 3777 ex
2810 3723 2918 3776 aiia
2942 3721 3226 3793 tunquam
3248 3722 3416 3781 uaria
3439 3742 3565 3785 con-

313 3902 481 3960 Urbis
502 3902 734 3957 conditae
751 3917 988 3959 nccxvii.
1016 3903 1235 3959 Period.
1258 3903 1461 3958 Julian.
1482 3919 1889 3965 nnnctxxvii

314 3981 444 4028 ante
466 3972 743 4039 vulgarem
767 3972 977 4032 Christi
1001 3974 1234 4028 natalem
1262 3974 1351 4028 57.
1375 3972 1736 4039 Quamobrem
1765 3976 1890 4033 Ale.-

314 4040 515 4097 xandri
545 4040 695 4094 illius
722 4040 906 4094 obitus
939 4049 1023 4096 tot
1055 4043 1215 4101 annis
1242 4042 1446 4097 Christi
1471 4052 1672 4111 ortum,
1700 4046 1809 4100 imo
1832 4055 1890 4101 et

314 4109 546 4181 Augusti
574 4118 630 4161 at
672 4123 739 4163 ue
788 4108 1018 4164 Hei-odis
1049 4109 1333 4180 imperium
1357 4114 1671 4176 antecessit,
1696 4125 1889 4170 contra

315 4194 508 4318 3:23¹.
515 4176 1337 4319 Ess2.2?:1⁰2235:⁵5:2·.0⁸.23¹.
1367 4180 1890 4308 “assistitis

317 4319 499 4372 alieno
522 4315 644 4371 loco
677 4316 851 4385 posita
894 4317 1124 4381 dixeris,
1152 4317 1300 4384 ἐξότε
1327 4319 1510 4382 αὐτός,
1549 4327 1660 4375 etc.
1703 4320 1775 4375 Ut
1814 4324 1888 4377 ita

317 4388 546 4441 omnino
589 4385 874 4457 legendum
918 4387 1024 4441 sit:
1062 4387 1290 4441 Διέπεσε
1322 4387 1434 4458 γὰρ
1478 4390 1511 4459 ἡ
1546 4390 1701 4453 τάξις
1738 4388 1889 4455 ἐξότε

314 4455 480 4518 αὐτὸς
505 4457 762 4542 γεννᾶται
806 4458 866 4508 ὲν
906 4455 951 4536 {3
989 4456 1156 4527 Θλεὲμ
1196 4455 1299 4525 τῆς
1348 4456 1617 4543 Ἰουδαίας.
1645 4459 1738 4511 ἐπὶ
1776 4462 1888 4540 τοῖς

315 4524 627 4671 {mimz}
648 4526 1260 4674 αὑτοικρῑξοροςῖιξααξέ
1304 4527 1887 4667 καὶὲτιὲἱδῖὶλεσέἓῖδῖἓῖ

315 4679 418 4715 του
466 4662 573 4715 άπὸ
619 4664 809 4731 γένους
855 4666 1162 4733 ἱερατικου,
1204 4664 1299 4717 καὶ

327 4730 677 4801 Ἀλεξάνδρου
712 4731 961 4785 διέπεσεν
999 4728 1154 4796 οὗτος
1185 4734 1217 4786 ὀ
1254 4732 1360 4801 κλῆ

1432 4751 1490 4793 ’·.
1526 4733 1637 4785 ἀπὸ
1683 4733 1889 4804 χρόνων

315 4800 484 4855 αὑτοῦ
507 4816 588 4860 τε.
613 4802 707 4855 καὶ
736 4801 1018 4865 Σααλίνας,
1052 4803 1151 4872 τῆς
1181 4802 1275 4853 καὶ
1307 4804 1322 4821 ”

1458 4801 1658 4873 ἀνδρας
1687 4804 1886 4858 καλου·

317 4869 512 4994 ξένης,
556 4869 617 4933 ὃς
649 4871 744 4925 καὶ
786 4870 1055 4941 διάδημα,
1098 4878 1206 4926 etc.
1250 4868 1364 4924 Hac
1407 4868 1626 4941 quidem
1676 4874 1889 4930 ratione

374 4942 498 4994 bem
534 4938 683 4993 illam
758 4941 955 4996 riorem
981 4941 1308 4995 evitabimus
1328 4955 1564 5009 .-neque
1590 4940 1885 4998 Alexandri

315 5009 524 5065 exitum
550 5023 674 5063 cum
708 4954 909 5065 &bristi
940 5016 1062 5064 ortu
1092 5010 1491 5078 copulabimus.
1523 5007 1726 5064 Verum
1755 5011 1885 5068 huic

316 5080 649 5145 conjecturae
665 5086 865 5134 nostrae
880 5094 988 5133 non
1004 5078 1297 5133 admodum
1313 5078 1656 5134 confidimus.
1671 5077 1884 5149 Quippe

317 5146 376 5201 in
417 5147 610 5202 heresi
650 5163 702 5209 i..
730 5148 783 5213 1,
830 5148 1020 5204 eadem
1060 5163 1197 5218 pene
1230 5147 1469 5202 historiae
1501 5146 1764 5217 σύγχυσις
1809 5151 1878 5205 ab
1912 5140 1960 5198 D

316 5215 624 5296 Epiphanio
675 5219 921 5285 repetita.
964 5216 1096 5283 Quae
1145 5224 1203 5270 ut
1240 5229 1516 5286 postremo
1561 5218 1881 5288 castiganda

315 5290 592 5347 videatur,
631 5286 763 5341 illud
793 5297 974 5341 tamen
1008 5301 1175 5341 unum
1216 5287 1484 5357 supererit
1517 5294 1707 5340 contra
1736 5290 1880 5342 veri·

316 5363 486 5409 tatem
517 5355 761 5411 historiae
784 5358 1012 5421 dicium,
1046 5357 1102 5410 in
1139 5356 1450 5409 Alexandro
1483 5355 1878 5412 sacerdotalem

316 5423 468 5478 illam
495 5426 810 5498 regiamque
835 5425 1068 5481 desiisse
1101 5425 1326 5494 stirpem
1349 5440 1365 5488 ;
1392 5438 1519 5477 nam
1551 5439 1617 5478 ex
1638 5422 1882 5495 Josepbo

317 5502 540 5548 constat
574 5503 698 5563 post
723 5494 1115 5559 Alexandrum,
1149 5492 1483 5565 llyrcanum,
1511 5500 1567 5547 et
1589 5493 1878 5549 Aristobu-

316 5562 432 5617 lum
477 5579 544 5618 ex
609 5562 795 5619 eadem
847 5565 1104 5635 progenie
1148 5563 1460 5633 aliquandiu
1508 5562 1880 5631 pontificatum

315 5641 487 5700 atque
518 5633 804 5702 imperium
843 5634 1166 5689 obtinuisse.
1207 5633 1489 5688 Posti-eino
1519 5631 1790 5707 losephus
1824 5634 1879 5688 in

314 5703 471 5757 calce
520 5703 617 5757 lib.
661 5702 754 5757 xi‘v
799 5703 991 5757 scribit
1035 5704 1306 5773 Antigono
1350 5701 1647 5757 Alexandri
1714 5700 1882 5758 tratre

314 5770 621 5827 Aristobuli
663 5772 775 5854 lilio
805 5773 986 5828 securi
1030 5773 1098 5853 ab
1129 5771 1364 5827 Antonio
1394 5785 1679 5853 percusso.
1706 5773 1876 5853 Assa-

313 5841 1769 5982 &sffifflzzzffiiefiffiffatltlfffl‘ffi
1806 5913 1881 5967 ι..

638 6010 910 6072 Pii-noi..
941 6010 1059 6070 Gn.
1093 6009 1252 6070 xm.

1378 4664 1644 4728 ασιλικοῦ,
1690 4665 1782 4732 ἀφ’
1824 4661 1889 4722 οὗ
1911 4663 1916 4670 ’

1990 3911 2270 3967 xandrum
2347 3912 2500 3969 illum
2565 3916 2803 3987 priorem
2889 3926 2944 3975 et
2999 3922 3365 3982 Alexandrain
3425 3938 3564 3985 tem-

2067 3997 2145 4036 re.

2062 4051 2140 4120 (t)
2186 4051 2289 4105 'Er
2315 4053 2584 4133 Βηθλεὲμ
2614 4056 2725 4124 τῆς
2761 4058 3075 4126 Ἰουδαίας.
3114 4062 3193 4117 lta
3233 4065 3288 4118 in
3330 4067 3563 4135 quibus-

1991 4118 2122 4201 dam⁸
2153 4119 2390 4201 Matthaei
2415 4127 2838 4195 exemplaribus,
2872 4143 2973 4198 pro
3011 4131 3199 4196 Ἰούδα,
3234 4142 3289 4188 ut
3317 4137 3564 4192 aiiiniad-

1994 4194 2152 4242 vertit
2205 4187 2608 4261 Hieronymus:
2642 4196 2788 4265 quod
2824 4198 2927 4253 etsi
2959 4200 3217 4256 vitiosum
3266 4204 3321 4258 in
3347 4207 3561 4262 Conim.

1991 4257 2062 4337 fid
2100 4273 2217 4319 can.
2254 4274 2297 4340 ii
2334 4259 2582 4316 llatelioei‘
2657 4273 2774 4320 utet
2817 4281 2957 4331 esse,
3017 4281 3195 4326 tamen
3245 4289 3353 4342 non
3407 4276 3565 4332 aliter

1990 4336 2222 4406 ipsemet
2253 4344 2309 4381 in
2358 4330 2573 4387 Eusebii
2653 4334 2869 4388 'ironico
2909 4337 3173 4406 scripsit:
3219 4356 3396 4411 neque
3432 4361 3564 4403 vero

1991 4396 2348 4466 improbanda
2378 4408 2463 4457 est
2491 4402 2594 4457 ista
2626 4404 2808 4469 lectio,
2848 4412 2906 4458 ut
2933 4405 3000 4458 ad
3032 4406 3325 4465 Eusebium
3355 4414 3564 4471 Ponta-
3624 4406 3641 4417 ⁰

1993 4479 2095 4519 cus
2119 4465 2394 4523 observat.

2061 4534 2141 4602 (Ξ)
2170 4537 2367 4618 Αὐτοῦ
2405 4553 2471 4592 τε
2507 4538 2606 4591 καί
2642 4543 2962 4611 Σσαλίνας.
3000 4544 3130 4601 Jsse
3167 4546 3272 4605 hus
3309 4550 3405 4605 lib.
3436 4568 3560 4616 xiii,

1989 4601 2284 4659 Alexandri
2320 4620 2564 4668 uxorem,
2595 4607 2829 4679 Hyrcani
2859 4624 2915 4668 et
2956 4614 3143 4670 Aristo
3185 4618 3257 4671 uli
3294 4629 3550 4680 matrem.

1987 4674 2354 4755 Alexandram
2394 4677 2650 4746 appellat.
2685 4694 2848 4750 quam
2875 4689 2932 4736 et
2978 4692 3197 4737 mortuo
3226 4687 3459 4758 coniuge
3506 4705 3561 4744 ix

1990 4756 2151 4796 annis
2290 4744 2458 4800 fuisse
2494 4747 2705 4802 scribit.
2732 4747 2854 4816 Quo
2882 4750 3072 4806 eodem
3107 4754 3430 4811 Alexandrae
3461 4774 3562 4812 no-

1989 4813 2135 4866 mine
2204 4816 2455 4868 ristobuli
2483 4814 2717 4887 Hyrcani
2744 4819 2967 4888 maioris
2989 4821 3082 4875 mii
3110 4837 3331 4877 uxorein
3360 4837 3558 4883 vocat:

1988 4879 2420 4968 Τελευτησαχτος
2444 4885 2501 4938 δὲ
2548 4887 2973 4956 Ἀριστοδούλου.
3013 4892 3207 4963 inquit,
3253 4894 3486 4969 Σαλώμη
3521 4899 3557 4969 ἠ

1986 4963 2123 5031 γυνη
2156 4966 2343 5034 αυτου,
2377 4952 2642 5025 λεγομένη
2671 4958 2728 5010 δὲ
2764 4959 2868 5013 ὑπὸ
2904 4961 3024 5013 Ἐλλ
3064 4981 3170 5015 νων
3215 4964 3556 5038 Ἀλεξάνδρα,

1988 5033 2196 5071 Αυσασα
2227 5036 2352 5083 τους
2383 5021 2644 5091 ἀδελφοὺς
2667 5027 2852 5093 αὐτοῦ,
2879 5039 2986 5085 etc.
3067 5047 3295 5100 usquam
3326 5036 3563 5092 Saalinae

1990 5101 2190 5168 nomen
2228 5091 2370 5171 apujl
2418 5091 2545 5147 lose
2589 5094 2714 5148 hum
2746 5097 2922 5168 legere
2954 5103 3194 5155 memini.
3230 5101 3559 5173 Quanquam

1985 5170 2094 5209 non
2124 5157 2280 5211 aliter
2302 5159 2477 5239 ‘illam
2577 5164 2823 5221 hristiani
2866 5169 3181 5236 scriptores,
3208 5185 3371 5238 quam
3418 5173 3562 5229 Sali-

1990 5239 2117 5305 naqi
2168 5239 2475 5284 nominant.
2514 5230 2783 5291 Eusebius
2828 5237 2884 5291 iii
2937 5236 3208 5300 Chi-onie..
3241 5238 3441 5296 Hieron
3480 5260 3558 5300 m.

1985 5297 2794 5426 303ss;.¹¹.i⁰⁰l};..{¹l¹‘¹¹:3..i
2821 5306 2933 5429 ‘¹39
2968 5306 3562 5440 immisisse.

1986 5433 2186 5488 Scotus
2231 5449 2377 5490 anno
2424 5440 2613 5493 mundi
2651 5441 2830 5506 4190,
2866 5446 3227 5501 Alexandram
3281 5448 3559 5507 salomam

1987 5508 2136 5556 recte
2168 5518 2348 5582 nuncii
2390 5515 2468 5562 at.
2501 5508 2700 5563 Eadem
2733 5527 2921 5582 porro,
2956 5515 3062 5570 nisi
3108 5516 3287 5584 fallor,
3318 5520 3562 5577 Alexan-

1987 5571 2108 5629 dra.
2140 5586 2256 5627 sive
2283 5574 2500 5654 Sabine
2528 5578 2815 5651 utriusque
2847 5582 3032 5639 fratris
3059 5602 3216 5648 uxor.
3233 5590 3558 5653 Aristobuli,

1987 5649 2041 5692 et
2083 5640 2398 5705 Alexandri,
2440 5644 2582 5700 fuit:
2623 5664 2744 5719 quae
2789 5663 2913 5723 post
2944 5655 3242 5712 Aristobuli
3291 5668 3559 5720 moriem.

1988 5707 2273 5764 Jannaeum
2325 5713 2694 5794 Alexandrum
2752 5724 2989 5778 vinculis
3029 5727 3151 5782 iileo
3202 5727 3442 5796 solutqm
3489 5728 3561 5783 ad

1982 5792 2207 5867 regnu-'n
2236 5789 2438 5844 evexit,
2502 5788 2648 5870 quod
2679 5805 2804 5845 cum
2837 5808 2903 5848 eo
2936 5798 3157 5866 nuptias
3187 5798 3519 5867 copulasset.

2055 5849 2132 5927 (ὅ)
2181 5850 2277 5933 qr.
2300 5851 2468 5933 γὰρῤ
2499 5853 2775 5924 ’Ῑακωὸος
2803 5858 3007 5928 οὗτος.
3045 5864 3268 5918 Frustra
3297 5867 3403 5920 sibi
3434 5879 3562 5933 pen·

1986 5928 2159 5971 suasit
2179 5918 2518 5992 Epiphanius
2534 5922 2798 5981 «iacobum
2828 5929 3090 5987 Minorem
3111 5931 3331 6001 losephi
3357 5933 3416 5986 B.
3445 5932 3560 5989 hla-

3217 6027 3296 6088 12
