3850 6517
297 491 428 549 ttt5
930 493 1300 553 ADVERSUS
1337 495 1678 555 nAEREsEs
1716 498 1841 555 ΜΒ.
1888 498 1954 557 tl.
1997 499 2162 560 Tou.
2205 502 2247 557 1.
2285 533 2356 543 —
2394 502 2667 559 nAEttES.
2704 501 2888 558 wa.
3407 502 3541 560 nto

288 608 352 663 τὸ
378 603 519 661 εἶναι
541 599 678 678 (Il-⁹0¹
709 607 786 678 μὴ
817 605 1092 678 δεσμῶται
1122 608 1190 661 δι’
1212 610 1382 682 αὐτὴν
1420 613 1479 665 ἐν
1518 614 1585 684 τῇ
1618 613 1863 685 βασιλείᾳ
1889 618 1937 675 Α
1964 629 2038 669 ne
2057 615 2405 687 sempiternis
2437 616 2676 673 vinculis
2704 607 3093 673 sceleratorum
3125 618 3304 673 instar
3335 617 3540 675 addicti

287 700 388 754 τοῦ
426 700 624 769 φωτὸς,
663 700 733 771 ην
769 699 1248 772 άπολαμδάνομεν,
1271 702 1531 775 ἐσόμεθα,
1568 703 1660 758 διὰ
1704 703 1865 759 τοῦτο
1969 705 2412 770 videamur,cum
2433 707 2489 761 in
2512 706 2695 769 lucido
2714 708 2807 763 illo
2831 722 3000 778 regno
3025 708 3200 764 simus
3224 706 3539 765 habitaturi.

290 789 395 844 οὐκ
415 790 804 861 ἀναστήσεται.
1477 808 1510 827 ·
1971 795 2109 851 Cum
2163 797 2309 851 enim
2360 796 2575 853 abunde
2623 799 2892 854 dissoluta
2944 815 3010 854 ac
3055 800 3285 856 refutata
3337 802 3411 859 sit
3452 802 3543 857 illa

296 886 589 952 sententia,
618 899 742 957 quae
772 885 975 943 animae
1008 885 1289 943 vinculum
1341 902 1564 944 carnem
1618 903 1744 945 esse
1795 889 2110 955 deliniebat,
2163 906 2273 945 una
2303 898 2358 946 et
2381 891 2515 946 illud
2547 893 2845 960 refellitur3
2894 909 3097 965 corpus
3148 895 3273 952 ideo
3322 896 3545 953 minime

296 988 776 1049 resurrecturum3
810 996 881 1039 ne
915 983 971 1038 in
1001 983 1287 1053 splendido
1310 983 1404 1040 illo
1436 999 1625 1055 regno,
1657 984 1704 1041 si
1738 986 1874 1039 illud
1906 984 2300 1057 receperimus,
2331 986 2499 1041 vincti
2526 973 2650 1042 esse
2673 986 2978 1043 videamur.

365 1080 517 1147 ΜΦ.
544 1077 797 1134 Ποταπδν
836 1077 945 1150 γὰρ
978 1076 1166 1133 λοιπὴν
1191 1078 1273 1145 είς
1304 1078 1478 1134 πειθὼ
1517 1081 1630 1145 τοῖς
1677 1079 1869 1152 δυσχε-
2043 1078 2228 1136 xlm.
2267 1082 2399 1148 Quae
2426 1083 2592 1149 enim,
2626 1083 2719 1137 illa
2749 1083 2986 1151 sublata,
3017 1090 3164 1140 certa
3191 1099 3256 1139 ac
3282 1092 3546 1141 constans

301 1170 576 1242 ραίνουσιν
605 1168 793 1241 ἐτερον
832 1167 1115 1240 άλήθευμα
1152 1168 1258 1241 χρὴ
1298 1167 1593 1237 δεικνύναι,
1632 1170 1715 1233 εἰς
1767 1186 1872 1226 πα-
1968 1172 2113 1226 ratio
2137 1184 2263 1229 esse
2291 1179 2491 1243 potest,
2518 1187 2626 1243 qua
2653 1171 2706 1227 id
2729 1187 2875 1243 aegre
2898 1172 3201 1230 serentibus
3225 1174 3547 1244 persuaderi

296 1261 422 1331 γίδα
453 1260 551 1333 τήν
582 1259 762 1332 σάρκα
801 1258 955 1331 δίκην
991 1259 1291 1330 ὑφέξουσαν
1321 1261 1431 1315 τῶν
1470 1261 1873 1334 ἡμαρτημένων
1969 1262 2166 1333 possit,
2224 1263 2461 1317 animam
2513 1270 2571 1316 ut
2619 1262 2942 1317 delictorum
2979 1277 3203 1317 suorum
3237 1276 3428 1333 poenas
3454 1277 3552 1317 ex-

299 1350 589 1421 ἐμδιδάζει
612 1366 628 1382 ·
653 1351 791 1423 ὅπερ
820 1352 842 1383 ¹
872 1349 1073 1422 μᾶλλον
1099 1350 1134 1421 ἢ
1157 1348 1467 1422 ὀρθοδοξίας
1485 1349 1652 1405 ἐστίν.
1676 1352 1740 1405 Et
1762 1350 1873 1423 γὰρ
1971 1356 2167 1420 solvat,
2192 1355 2248 1409 in
2277 1354 2422 1410 hanc
2452 1368 2671 1409 carnem
2727 1352 2876 1409 velut
2922 1354 2979 1408 in
3024 1353 3278 1426 laqueum
3307 1352 3553 1423 conjici?

300 1438 407 1512 πρὸ
433 1442 536 1512 τῆς
567 1440 954 1512 παραδάσεως,
984 1438 1236 1512 καθάπερ
1264 1440 1367 1513 ήδη
1399 1442 1494 1495 καὶ
1540 1444 1599 1496 ἐν
1625 1445 1740 1506 τοῖς
1774 1442 1876 1514 ἐμ·
1972 1447 2119 1517 quod
2173 1446 2421 1500 stultitiae
2475 1445 2672 1515 magis,
2701 1459 2867 1515 quam
2894 1444 3124 1500 sincerae
3155 1444 3279 1501 lidei
3309 1444 3550 1499 tribuen-

301 1531 538 1603 προσθεν
579 1529 908 1602 ἐξεθέμεθα,
952 1529 1184 1603 σώματα
1231 1532 1524 1603 ἐκέκτηντο
1565 1531 1622 1587 αί
1680 1531 1871 1603 ψυχαὶ,
1972 1536 2102 1591 dunt
2140 1542 2259 1600 est;
2290 1548 2416 1588 nam
2469 1548 2594 1588 cum
2640 1541 2768 1590 ante
2795 1533 3055 1587 violatum
3088 1532 3181 1588 Dei
3215 1532 3552 1596 mandatum,

303 1623 422 1687 πῶς
455 1623 535 1687 είς
588 1622 795 1691 παγίδα
844 1621 1071 1694 ὕστερον
1127 1622 1265 1693 μετὰ
1306 1622 1408 1695 τήν
1441 1622 1753 1695 παράδασιν
1796 1622 1877 1686 είς
1974 1633 2036 1683 ut
2065 1635 2228 1682 antea
2263 1625 2710 1685 monstravimus.
2731 1624 3058 1694 corporibus
3087 1623 3323 1694 praeditae
3351 1622 3557 1677 suerint

309 1713 467 1786 σῶμα
491 1713 896 1786 ἐμδιὸάζονται,
920 1716 1021 1768 οὐκ
1047 1713 1201 1779 ὄντος
1226 1715 1442 1788 χρόνου,
1467 1716 1527 1770 ἐν
1553 1710 1598 1785 ᾧ
1624 1716 1754 1788 πρὶν
1786 1714 1881 1769 αὑ-

308 1804 409 1870 τὰς
435 1804 495 1860 τὸ
534 1806 695 1878 σιῖιμα
717 1806 905 1862 λαδεῖν
939 1805 1357 1879 ἐξημάρτοσαν;
1405 1806 1481 1863 Οὐ
1513 1808 1626 1881 γὰρ
1668 1808 1880 1890 ἐμφρο-

1975 1719 2192 1782 animae,
2227 1730 2465 1787 quonam
2505 1723 2666 1786 pacto
2714 1715 3016 1771 secundum
3062 1714 3321 1769 delictum
3352 1713 3557 1767 includi

1976 1824 2208 1881 corpore
2246 1815 2564 1879 potuerunt,
2593 1822 2718 1862 cum
2748 1822 2859 1862 non
2894 1814 3150 1878 suppetat
3180 1814 3392 1875 tempus
3422 1819 3554 1875 quo,

309 1913 401 1960 νος
420 1897 511 1951 ὀτέ
544 1898 640 1967 μὲν
668 1898 744 1963 ὡς
774 1898 864 1952 διὰ
884 1898 946 1952 τὸ
975 1898 1137 1971 σῶμα
1162 1900 1343 1970 λέγειν
1371 1900 1471 1965 τὰς
1498 1901 1677 1974 ψυχὰς
1698 1904 1880 1974 ήμαρ-
1911 1943 1954 1998 Β
1980 1901 2302 1973 priusquam
2321 1913 2525 1969 corpus
2556 1898 2866 1963 induerent,
2896 1897 2950 1951 in
2979 1904 3262 1968 peccatum
3290 1894 3560 1966 prolapsae

194 2041 203 2050 ,
306 1989 557 2053 τηκέναι,
580 1989 671 2044 6τέ
688 1988 767 2057 δέ,
793 1990 1090 2064 ἐπειδήπερ
1122 1993 1475 2065 ήμάρτησαν,
1499 1994 1588 2049 διὰ
1612 1995 1769 2049 τοῦτο
1788 1997 1882 2051 καὶ

308 2077 510 2149 δεσμὸν
532 2080 681 2147 αὐτὸ,
710 2082 806 2136 καὶ
836 2082 1036 2152 παγίδα
1066 2083 1204 2155 πρὸς
1230 2084 1555 2157 κατάκρισιν
1576 2086 1881 2155 γεγονέναι.

306 2171 371 2225 Et
397 2171 504 2242 γὰρ
540 2171 630 2225 διὰ
662 2173 725 2227 τὸ
758 2173 920 2245 σῶμα
947 2175 1215 2248 ήμαρτον,
1250 2174 1420 2245 συνῆν
1451 2175 1560 2246 ἄρα
1610 2175 1672 2240 ἐξ
1706 2174 1885 2245 ἀρχῆς

306 2263 498 2327 αὐταῖς
527 2265 624 2318 καὶ
649 2265 757 2337 πρὸ
780 2265 881 2336 τῆς
910 2266 1183 2337 ἁμαρτίας
1209 2266 1271 2319 τὸ
1308 2259 1486 2337 σῶμα.
1515 2264 1642 2329 Πῶς
1665 2266 1775 2337 γὰρ
1796 2264 1885 2319 διὰ

304 2355 467 2409 τοῦτο
491 2357 827 2427 ἡμάρτανον,
859 2357 889 2409 δ
917 2357 992 2428 μὴ
1021 2354 1090 2427 ἦν
1120 2358 1373 2427 μηδὲπως
1405 2360 1469 2412 Et
1498 2357 1555 2411 δὲ
1581 2358 1748 2427 παγὶς
1780 2357 1888 2412 πά-

308 2445 391 2498 λιν
411 2443 561 2515 αὐτῷ
582 2442 645 2497 τὸ
672 2442 835 2516 σῶμα
862 2443 958 2498 καὶ
999 2444 1157 2498 πέδαι
1187 2444 1491 2514 νομίζεται,
1540 2446 1637 2499 καὶ
1664 2445 1884 2515 δεσμὸς,

308 2535 493 2589 οὐκέτι
541 2534 603 2587 τὸ
651 2534 1063 2606 συναμφότερον
1105 2532 1303 2600 αἴτιον,
1361 2533 1501 2588 ἀλλὰ
1532 2534 1678 2606 ψυχὴ
1726 2535 1886 2608 μόνη,

312 2628 662 2699 άμαρτῆσαν.
699 2626 767 2680 Τί
798 2626 909 2697 γὰρ
965 2623 1105 2697 μετὰ
1143 2625 1208 2678 τὸ
1240 2626 1556 2698 άμαρτῆσαι
1597 2626 1676 2698 τῷ
1705 2628 1889 2699 ἁμαρ-

309 2719 570 2790 τήσαντι;
600 2716 789 2787 Δεσμὰ
818 2717 914 2770 καὶ
939 2715 1190 2785 παγίδες,
1224 2716 1320 2769 καὶ
1348 2716 1506 2771 πέδαι
1548 2717 1890 2772 κατασκευά·

311 2808 519 2873 ζονται.
560 2807 722 2862 Ἀλλὰ
758 2808 857 2879 μὲν
900 2807 967 2881 δὴ
1009 2806 1467 2880 ὡμολογήσαμεν,
1513 2809 1589 2880 μὴ
1628 2808 1890 2864 δύνασθαι

310 2900 508 2972 δεσμὸν
542 2891 681 2954 εἶναι
705 2898 769 2953 τὸ
797 2897 960 2971 σῶμα
986 2898 1088 2970 τῆς
1103 2898 1286 2970 ψυχῆς
1306 2915 1321 2930 ·
1355 2899 1547 2971 ἐπειδὴ
1568 2899 1632 2952 τὸ
1659 2899 1757 2970 μὲν
1782 2898 1891 2953 σῶ-

317 3007 392 3061 μα
432 2990 569 3060 πρὸς
596 2990 856 3062 ἑκάτερα,
890 2991 986 3045 καὶ
1032 2991 1173 3064 πρὸς
1219 2989 1286 3043 τὸ
1336 2988 1546 3044 δίκαιον
1578 2989 1673 3043 καὶ
1704 2988 1892 3044 ἄδικον

314 3082 590 3151 συνεργεῖ,
633 3083 663 3134 ὀ
706 3081 765 3135 δὲ
817 3077 1016 3151 δεσμὸς
1064 3080 1241 3151 εῖργει
1286 3078 1381 3132 τοῦ
1431 3078 1657 3134 ἀδικεῖν.
1704 3078 1891 3145 Ὥστε,

310 3172 451 3244 ὅπερ
474 3172 640 3241 λέγω,
670 3173 817 3227 δυοῖν
846 3172 1093 3244 Θάτερον.
1127 3172 1200 3224 ’Ἡ
1227 3168 1337 3242 γὰρ
1360 3167 1421 3234 ἐξ
1442 3168 1619 3241 ἀρχῆς
1646 3170 1890 3241 ἡμάρτο·

1982 1991 2147 2048 sunt?
2175 1990 2363 2062 Neque
2387 2006 2518 2045 vero
2550 1992 2636 2045 sni
2666 2005 2890 2061 compos
2918 1999 3019 2050 est.
3052 1988 3148 2059 qui
3176 1987 3313 2045 alias
3339 1997 3560 2057 propter

1981 2096 2183 2151 corpus
2203 2096 2463 2151 peccasse
2483 2080 2639 2151 5¹71
2662 2091 2816 2152 putat
2836 2080 3069 2145 animas,
3091 2080 3251 2145 alias,
3272 2087 3558 2149 postquam

1981 2172 2354 2243 peccaverint,
2390 2171 2580 2228 eodem
2608 2172 2701 2227 illo
2733 2187 2964 2243 corpore
2991 2182 3249 2243 tanquam
3274 2168 3469 2225 vinclis
3496 2183 3561 2223 ac

1983 2262 2338 2333 compedibus
2361 2260 2530 2319 fuisse
2543 2264 2850 2318 damnatas.
2871 2262 2932 2316 Si
2955 2263 3098 2317 enim
3125 2268 3348 2332 propter
3364 2274 3563 2330 corpus

1984 2354 2334 2424 deliquerint,
2369 2368 2495 2408 cum
2524 2368 2590 2407 eo
2637 2353 2722 2407 vel
2754 2359 2880 2406 ante
2931 2358 3214 2422 peccatum
3259 2351 3565 2418 conjunctae

1986 2443 2191 2500 fuerint
2211 2450 2451 2513 oportet.
2469 2440 2688 2512 Alioqui
2709 2450 2931 2512 propter
2950 2439 3003 2495 id
3029 2439 3174 2512 quod
3201 2438 3444 2495 nondum
3478 2454 3566 2493 ex·

1986 2533 2228 2594 stiterat,
2249 2545 2512 2601 peccasse
2534 2530 2809 2600 quomodo
2835 2529 3168 2599 potueruntt
3193 2527 3347 2595 Quod
3378 2532 3425 2583 si
3455 2530 3567 2583 vin·

1986 2623 2099 2678 culi
2131 2623 2254 2678 loco
2291 2621 2677 2692 compedisque
2705 2636 2908 2692 corpus
2949 2626 3034 2676 est
3067 2620 3283 2684 animm,
3315 2632 3424 2673 non
3452 2619 3565 2688 iam

1980 2715 2213 2785 'utrique
2232 2714 2395 2770 simul
2417 2722 2525 2780 est,
2540 2713 2635 2768 sed
2655 2712 2852 2767 animae
2875 2710 3137 2766 duntaxat
3162 2708 3373 2781 peccati
3398 2721 3568 2764 causa

1984 2795 2300 2862 tribuenda.
2324 2804 2467 2871 Quid
2497 2811 2582 2861 est
2600 2804 2766 2870 enim,
2788 2802 2931 2875 quod
2957 2801 3258 2858 secundum
3285 2806 3567 2871 peccatum

1989 2900 2038 2955 ei
2064 2900 2159 2970 qui
2184 2899 2427 2970 peccarit
2453 2897 2759 2968 infligitur?
2780 2896 3010 2952 Vincula
3036 2895 3295 2951 nimirum
3331 2908 3394 2949 ac
3419 2908 3571 2949 com-

1990 2990 2158 3061 pedes
2190 2998 2472 3060 parantur.
2496 2986 2608 3045 Nos
2640 2996 2820 3045 autem
2846 2988 3012 3060 paulo
3045 2986 3177 3042 illud
3214 2995 3340 3043 ante
3366 2984 3572 3040 lateba-

1992 3094 2136 3145 mur,
2185 3092 2388 3154 corpus
2438 3079 2632 3133 animae
2692 3078 2972 3133 vinculum
3028 3093 3152 3134 esse
3202 3093 3314 3134 non
3366 3090 3531 3147 posse
3551 3114 3568 3138 ,

1993 3172 2250 3240 quoniam
2284 3169 2351 3226 ad
2385 3177 2698 3242 utrumque,
2736 3178 2845 3225 tam
2888 3171 3098 3240 justum
3130 3170 3360 3235 scilicet,
3405 3183 3569 3239 quam
3628 3153 3635 3160 ⁵

315 3280 414 3334 μεν
444 3262 584 3335 μετὰ
627 3257 913 3336 σώματος,
956 3264 1056 3319 καὶ
1099 3262 1163 3316 οὐ
1210 3262 1458 3333 φαίνεται
1496 3261 1711 3333 χρόνος,
1762 3264 1822 3315 ἐν
1846 3254 1892 3331 ᾧ
1916 3281 1961 3340 c
1992 3261 2284 3331 iniustum,
2319 3262 2627 3317 ministerio
2675 3262 2923 3332 corporis
2976 3259 3321 3331 adjuvamur.
3355 3261 3422 3315 At
3447 3260 3571 3314 vin-

310 3350 469 3417 ἐκτὸς
500 3352 822 3426 ὑπήρξαμεν
861 3350 1137 3425 σώματος,
1172 3352 1269 3406 καὶ
1313 3350 1587 3405 συναίτιον
1621 3350 1686 3405 τὸ
1730 3350 1894 3423 σῶμα

314 3444 409 3498 καὶ
434 3445 620 3499 κακῶν
650 3449 717 3519 τῇ
744 3446 889 3519 ψυχῇ
921 3446 1020 3500 καὶ
1052 3442 1303 3514 ἀγαθῶν·
1334 3443 1369 3515 ἢ
1414 3443 1586 3515 χωρὶς
1639 3442 1895 3514 σώματος

311 3536 627 3609 ἡμάρτομεν
653 3539 1005 3609 διαγαγόντες
1027 3554 1043 3570 ·
1086 3538 1181 3592 καὶ
1221 3536 1463 3590 ἀναίτιον
1489 3536 1552 3589 τὸ
1599 3524 1762 3606 σῶμα
1795 3553 1897 3591 κα·

311 3626 436 3693 κίας
463 3629 529 3682 ἐκ
572 3630 795 3690 παντός.
846 3626 1016 3679 Ἀλλὰ
1054 3624 1227 3693 χωρὶς
1273 3621 1527 3689 σώματος
1567 3621 1675 3674 ὑπὸ
1698 3621 1895 3689 ἀλόγου

308 3720 507 3791 ἡδονῆς
559 3718 622 3768 οὐ
664 3716 949 3782 κρατεῖται
994 3712 1031 3781 *l
1069 3710 1249 3793 ψυχή.
1293 3710 1712 3783 Ἐκρατήθησαν
1754 3711 1811 3767 δέ
1841 3713 1894 3768 οἱ

312 3800 733 3876 πρωτόπλαστοι
763 3801 945 3872 ἀλόγῳ
973 3797 1355 3865 δελεασθέντες
1382 3801 1563 3875 ἡδονῇ.

1996 3352 2182 3408 culum
2212 3351 2284 3408 ab
2312 3366 2378 3407 eo
2399 3350 2547 3423 quod
2576 3352 2840 3423 injustum
2893 3357 2980 3407 est
3035 3350 3425 3407 committendo
3471 3366 3573 3406 nos

1996 3442 2274 3514 prohibet.
2303 3443 2385 3498 Ex
2425 3458 2536 3514 quo
2583 3443 2840 3508 alterum,
2872 3442 2953 3498 uti
3005 3443 3266 3506 diximus,
3299 3455 3331 3495 e
3358 3434 3587 3496 duobus

1992 3536 2263 3607 sequitur.
2296 3534 2406 3589 Aut
2432 3533 2579 3589 enim
2602 3534 2760 3588 initio
2788 3549 2914 3589 cum
2948 3548 3178 3605 corpore
3201 3530 3570 3603 peccavinrus;

1996 3641 2099 3682 nec
2124 3626 2296 3681 ullum
2327 3631 2546 3696 tempus
2572 3631 2822 3696 apparet,
2855 3638 2967 3695 quo
2995 3623 3117 3678 sine
3143 3636 3374 3693 corpore
3403 3620 3574 3677 sueri-

1994 3731 2155 3786 mus;
2208 3728 2400 3787 estque
2455 3716 2728 3772 bonorum
2785 3715 3163 3786 malorumque
3226 3729 3394 3770 cansa
3447 3727 3574 3768 cum
3649 3768 3663 3783 ,

1992 3809 2178 3864 anima
2205 3808 2570 3865 communiter
2600 3822 2822 3878 corpus.
2862 3807 2970 3860 Aut
3003 3813 3117 3860 tum
3153 3812 3437 3877 peccatum
3479 3800 3577 3857 ad-

317 3896 592 3964 misimus,
620 3911 745 3953 cum
770 3895 907 3954 citra
949 3912 1152 3970 corpus
1183 3897 1540 3970 degeremus,
1569 3909 1630 3957 ut
1653 3903 1723 3957 ab
1751 3903 1903 3958 omni
1933 3905 2154 3959 malitiae
2187 3904 2349 3974 culpa
2383 3918 2587 3974 corpus
2615 3903 2859 3958 immune
2909 3900 3001 3957 sit.
3055 3898 3220 3970 Atqui
3257 3899 3407 3953 nulla
3456 3895 3577 3951 sine

316 4002 552 4059 corpore
600 3986 832 4043 rationis
902 3997 1130 4059 experte
1179 3988 1466 4061 voluptate
1514 3990 1637 4063 capi
1690 3992 1876 4049 anima
1899 4002 2102 4065 potest.
2166 3992 2491 4063 Cuiusmodi
2549 3992 2714 4064 primi
2774 3992 2951 4048 nostri
3002 4000 3259 4063 parentes
3319 3988 3575 4046 illecebra

316 4086 461 4157 capti
485 4084 838 4157 superatique
863 4094 994 4142 sunt
1010 4084 1052 4142 ⁸.

386 4171 496 4230 Ἤν
545 4176 656 4248 ἄρα
698 4178 733 4248 ή
800 4176 948 4250 ψυχὴ
986 4178 1127 4251 μετὰ
1177 4178 1429 4253 σώματος
1478 4182 1576 4236 καὶ
1629 4182 1737 4256 πρὸ
1794 4183 1896 4255 τῆς

320 4268 614 4340 ἁμαρτίας.
666 4269 804 4341 Περὶ
844 4270 962 4346 γὰρκ
998 4269 1094 4324 τοῦ
1131 4270 1209 4343 μὴ
1251 4273 1518 4345 ἐγχωρεῖν
1563 4275 1697 4329 αὐτὸ
1742 4274 1899 4347 νομί-

319 4359 507 4427 ζεσθαι
551 4361 641 4417 διὰ
675 4360 776 4434 τὴν
824 4362 1142 4435 παράδασιν
1175 4364 1375 4436 δεσμὸν
1406 4367 1499 4421 ἐπὶ
1535 4368 1780 4440 τιμωρίᾳ
1805 4384 1901 4437 γε·

316 4451 531 4521 γονότα,
565 4451 634 4505 ἶν’
677 4451 917 4525 ἄκρατον
938 4454 972 4525 ὴ
996 4452 1143 4526 ψυχὴ
1185 4454 1281 4508 καὶ
1316 4455 1516 4525 συνεχῆ
1546 4458 1668 4509 κατ’
1701 4456 1903 4519 αὐτοὺς

320 4543 551 4613 βάσανον
588 4541 687 4615 ἔχῃ
727 4545 1152 4615 νεκροφοροῦσα,
1198 4544 1341 4600 δοκῶ
1376 4562 1467 4616 μοι
1500 4545 1683 4618 πλήρη
1725 4545 1898 4601 ταῦτα

318 4631 418 4703 ήδη
484 4632 644 4702 μετὰ·
679 4633 862 4703 πάσης
915 4634 1241 4701 ἀποδείξεως
1301 4634 1679 4708 δεδηλωκέναι.
1733 4635 1897 4692 Ὅθεν

318 4722 621 4779 ἀσύστατον
670 4728 765 4777 καὶ
798 4724 1113 4781 άνὲνδεκτον
1143 4728 1206 4781 τὸ
1254 4728 1353 4799 μὲν
1389 4727 1548 4797 σῶμα
1580 4725 1782 4796 παγίδα
1814 4728 1896 4781 τί-

319 4814 509 4870 θεσθαι
538 4816 633 4869 καὶ
674 4816 872 4888 δεσμὰ,
907 4818 1001 4872 τὸν
1036 4818 1095 4872 δέ
1130 4818 1265 4873 Θεὸν
1292 4819 1533 4889 εἰσάγειν
1577 4818 1678 4881 τὰς
1718 4818 1897 4890 ψυχάς

318 4909 400 4970 είς
438 4907 539 4979 τὴν
579 4908 804 4977 παγίδα,
847 4908 1003 4981 δίκην
1042 4909 1378 4979 ὑφεξούσας·
1426 4909 1634 4966 ἄνωθεν
1679 4911 1744 4965 ἐκ
1781 4910 1900 4983 τρί-

318 5018 414 5056 του
464 5000 795 5055 ἐκδὰλλοντα
834 5001 1065 5072 οὐρανοῦ
1085 5041 1102 5067 ,
1156 5002 1239 5056 ὅτι
1293 5001 1501 5057 ἄνωθεν
1551 5003 1905 5073 παρήκουσαν

315 5094 419 5165 τῆς
455 5093 697 5164 ἐντολῆς.
753 5094 898 5165 Πρὸς
949 5094 1005 5147 τί
1045 5094 1156 5166 γάρ
1204 5110 1291 5157 τις
1340 5093 1541 5164 βλέψας
1561 5093 1905 5147 πιστεύσειεν

317 5186 432 5248 τοῖς
463 5182 607 5237 οὕτω
636 5184 729 5237 ὑπ’
756 5185 936 5239 αὐτῶν
967 5184 1259 5259 προπετῶς
1300 5184 1650 5258 είρημένοις;
1684 5184 1903 5256 Καίπερ

318 5274 419 5328 οὐκ
459 5276 680 5348 ἔχοντος
722 5273 896 5340 οὕτως
937 5278 1033 5331 τοῦ
1072 5276 1320 5349 ψαλμοῦ,
1368 5276 1475 5331 κᾶν
1524 5275 1901 5348 βεόιασμένως

320 5364 482 5418 αὐτὸν
522 5363 845 5420 ἐκτίθενται.
894 5366 1046 5421 Ast&
1090 5368 1147 5421 δὲ
1188 5366 1429 5441 προοίσω
1458 5367 1528 5422 τὰ
1564 5367 1894 5438 ἐγκείμενα·

321 5455 409 5509 ίνα
443 5456 542 5526 (δὲ)
574 5459 670 5512 καὶ
690 5458 751 5512 τὸ
785 5458 1030 5529 μυθῶδες
1051 5459 1231 5514 αὐτῶν
1255 5460 1358 5531 τῆς
1383 5459 1698 5532 ἐξηγήσεως
1730 5462 1897 5532 φανῇ,

322 5545 500 5618 ὀρθῶς
542 5548 618 5618 μὴ
664 5546 926 5605 Θελόντων
982 5554 1122 5605 νοεῖν
1176 5552 1276 5615 τὰς
1323 5552 1568 5624 Γραφάς.
1620 5551 1741 5605 Εἰσὶ
1771 5535 1899 5624 ’γὰρ

400 5704 416 5735 ¹
452 5704 758 5777 Corruptus
785 5714 869 5763 est
902 5707 993 5762 bic
1018 5706 1194 5762 locus.

1930 4589 1974 4645 D

1271 5707 1291 5737 ⁹
1320 5705 1476 5763 Deest
1510 5703 1717 5776 aliquid
1738 5710 1792 5761 et
1814 5701 2211 5776 ἐμδιδάζεσθαι
2234 5705 2338 5777 leg.

2061 4182 2258 4239 Anima
2304 4181 2476 4255 ig‘iturv
2512 4181 2734 4253 corpori
2786 4180 3082 4251 conjuncta
3110 4179 3214 4234 l'uit
3238 4179 3403 4234 etiam
3451 4185 3578 4233 antc

1993 4280 2305 4344 peccatum.
2352 4270 2513 4339 Quod
2550 4270 2697 4327 enim
2737 4269 3040 4323 absurdum
3094 4268 3186 4333 sit,
3243 4281 3418 4337 poenae
3457 4267 3578 4326 loco

1994 4377 2198 4434 corpus
2239 4363 2438 4418 animae
2487 4364 2611 4432 post
2650 4364 2934 4429 peccatum
2987 4366 3244 4426 tanquam
3299 4356 3577 4412 vinculum

1997 4454 2171 4509 l'uisse
2191 4453 2575 4517 constitutum,
2593 4457 2654 4506 ut
2669 4449 2885 4506 addicta
2908 4455 3129 4504 mortuo
3143 4448 3379 4518 gerendo
3394 4450 3576 4504 anima

2000 4558 2155 4599 mero
2198 4542 2441 4615 quodam
2499 4542 2750 4612 supplicii
2774 4555 2974 4613 genere
3023 4554 3089 4596 ac
3141 4540 3476 4610 sempiterno
3507 4555 3575 4595 ex

2000 4634 2218 4691 illorum
2263 4633 2525 4706 opinione
2565 4634 2865 4699 crucietur,
2909 4631 3097 4686 videor
3127 4630 3261 4685 illud
3307 4630 3575 4686 hactenus

2002 4726 2218 4782 abunde
2263 4727 2592 4797 copioseque
2637 4726 3066 4782 demonstrasse.
3117 4721 3299 4789 Quare
3352 4722 3575 4778 minime

2001 4819 2285 4875 cobaerens
2335 4833 2400 4874 ac
2432 4804 2715 4890 probabile
2758 4816 2994 4881 videtur,
3030 4815 3208 4885 laquei
3257 4829 3322 4869 ac
3371 4813 3574 4868 vinculi

2004 4912 2180 4968 instar
2214 4925 2338 4967 esse
2368 4926 2593 4981 corpus,
2623 4910 2679 4965 in
2709 4908 2855 4981 quod
2885 4909 3097 4964 animas
3131 4906 3274 4963 Deus
3322 4904 3576 4975 supplicii

2002 5019 2171 5062 causa
2202 5004 2560 5062 nibilominus
2612 5005 2840 5069 inserat,
2880 5016 3019 5073 quas
3042 5015 3074 5058 e
3102 5000 3264 5056 tertio
3312 4998 3452 5055 coelo
3483 4996 3579 5054 de·

2002 5095 2259 5163 turbarit,
2287 5094 2434 5167 quod
2463 5094 2780 5150 mandatum
2814 5108 2975 5151 suum
3006 5092 3101 5147 illo
3133 5091 3189 5146 in
3235 5090 3359 5144 loco
3403 5088 3576 5144 viola-

2000 5188 2133 5243 rint.
2170 5185 2313 5255 Quid
2356 5194 2441 5245 est
2468 5188 2638 5249 enim,
2668 5194 2918 5258 quotam
2957 5183 3164 5240 teinere
3204 5179 3320 5235 haec
3365 5180 3434 5239 ab
3464 5180 3577 5237 illis

1998 5278 2261 5335 affirmata
2302 5278 2617 5351 persuaderi
2649 5274 2901 5349 possint?
2929 5273 3068 5329 Cum
3101 5269 3404 5342 praesertim
3438 5269 3577 5326 nihil

2001 5371 2272 5443 ejusmodi
2304 5371 2546 5442 psalmus
2574 5368 2667 5425 ille
2697 5368 2999 5432 contineat,
3063 5362 3278 5419 tametsi
3334 5376 3433 5434 per
3464 5361 3575 5415 vim

2003 5463 2126 5533 ejus
2157 5461 2487 5518 sententiam
2519 5461 2847 5532 detorquere
2883 5454 3188 5511 conentur?
3225 5449 3335 5508 Scd
3385 5450 3575 5507 eadem

2005 5552 2097 5607 illa
2122 5550 2286 5608 verba
2313 5551 2446 5607 libet
2480 5549 2696 5614 all'erre,
2760 5561 2871 5619 quo
2932 5542 3151 5603 illorum
3198 5538 3578 5613 interpretatio

2432 5703 2612 5760 ⁸Gen.
2651 5718 2733 5770 ιιι,
2765 5702 2789 5757 l
2829 5717 2950 5774 sqq.

307 5853 329 5874 ⁸
400 5880 514 5955 (⁴3)
555 5883 809 5940 Λέ.ῑι·ται
848 5884 949 5941 καί
987 5881 1053 5937 τὸ
1094 5878 1268 5937 εἶναι.
1330 5878 1614 5953 Expuncta
1652 5877 1845 5937 vocula
1875 5873 2015 5938 εἶναι
2045 5887 2323 5951 utcunque
2354 5849 2626 5934 sententia
2658 5834 2978 5933 cohaerebit.
