3850 6517
1441 477 1719 538 NOTITIA
1756 478 1825 536 ΙΝ
1866 478 1921 534 S.
1965 475 2410 534 t-:tnt‘ttammt
3489 486 3556 533 m

369 604 426 662 5.
466 600 817 672 Epiphanius,
859 601 1110 654 diaconus
1160 597 1497 663 catanensis,
1549 600 1604 654 in
1652 598 1859 663 Sicilia,
1890 598 1984 668 qui
2032 595 2277 652 interfuit
2317 595 2525 668 synodo
2553 593 2785 650 Nicaenae
2816 609 2854 649 n
2891 593 2955 648 A.
2980 591 3111 652 Chr.
3141 590 3268 649 78⁷.
3298 591 3465 651 Fun.
3491 621 3562 635 ·-·

302 698 372 756 V.
398 699 691 768 Mongitor.
723 694 1032 750 Bibliothec.
1062 693 1321 759 Siculam,
1353 703 1487 751 tom.
1514 692 1558 761 l,
1582 711 1639 765 p.
1670 694 1795 761 184,
1828 695 1974 750 Cave
1998 694 2118 748 loco
2146 694 2334 754 citato,
2360 702 2492 747 tom.
2527 689 2568 751 Ι,
2598 706 2651 760 p.
2678 688 2804 749 640.
2833 690 2900 745 ad
2929 689 2997 746 A.
3027 689 3149 747 787.
3180 689 3355 745 flant..

370 790 427 844 4.
465 787 817 857 Epiphanius,
846 784 1009 857 Cypri
1042 785 1485 856 archiepiscopus
1510 785 1718 855 junior,
1747 784 1909 855 cujus
1959 784 2180 838 nomine
2211 783 2279 836 A.
2311 781 2443 837 Chr.
2478 780 2586 836 680
2615 782 2668 835 in
2703 782 2911 851 synodo
2945 790 3120 846 sexta,
3154 783 3364 839 actione
3406 795 3556 845 ιη’,

294 885 626 953 subscripsit
654 881 995 943 Theodorus,
1032 877 1428 933 Trimethuntis
1452 879 1763 949 episcopus»,
1791 887 1852 934 ut
1876 876 2159 935 Petavium
2195 877 2522 932 Sir-mondus
2556 878 2787 932 monuit.
2824 874 2988 929 Fun.
3017 907 3088 916 —
3125 875 3433 947 Epiphanii‚
3470 893 3560 931 ar-

294 972 626 1045 chiepiscopi
662 970 846 1043 Cypri,
881 973 1049 1039 (num
1082 968 1245 1037 hujus
1267 968 1392 1039 jun.
1424 984 1491 1022 an
1536 967 1752 1028 territt)
1787 968 1842 1022 in
1868 966 2253 1033 Hexaemeron,
2284 965 2377 1020 Gr.
2408 966 2462 1019 in
2505 966 2627 1020 cod.
2663 964 2868 1022 Veneto
2902 965 2966 1022 D.
2992 966 3159 1024 Marci
3191 968 3282 1024 64.
3312 968 3449 1032 lnc.,
3479 970 3559 1041 Τῇ

295 1064 497 1137 πράηῃ
530 1062 710 1134 ἡμέρᾳ
741 1062 1001 1131 ἐποίησεν
1028 1062 1059 1114 ὁ
1094 1058 1226 1123 Θεὸς
1253 1060 1378 1121 τοὺς
1402 1057 1687 1129 οὐρανούς,
1717 1064 1824 1110 etc.
1856 1054 2017 1110 Plura
2046 1054 2197 1109 dabit
2233 1060 2425 1109 auctor
2457 1052 2635 1109 Catal.
2663 1054 2816 1109 codd.
2847 1054 3020 1112 Marc.
3050 1054 3169 1120 Gr„
3203 1071 3325 1125 pag.
3357 1056 3446 1109 44.
3476 1055 3560 1109 An

298 1155 369 1207 ad
390 1154 533 1208 hunc
552 1157 801 1217 pertinet,
837 1150 983 1221 quod
1012 1150 1151 1206 infra
1183 1169 1240 1206 n.
1267 1150 1300 1205 9
1328 1150 1470 1206 inter
1515 1147 1715 1218 scripta
1763 1147 2050 1219 Epiphanii
2098 1146 2380 1203 Constant.
2425 1148 2631 1218 perdita
2667 1147 3018 1203 numeratur?
3051 1146 3267 1201 Fabric.
3300 1148 3355 1201 iu
3384 1147 3564 1203 indico

298 1246 405 1300 sub
448 1245 501 1298 h.
535 1261 589 1299 v.
619 1236 1139 1314 Epiphanio.'Cypri
1188 1239 1356 1309 episc.
1387 1238 1617 1309 juniori,
1648 1239 1874 1293 ascribit
1907 1252 2209 1303 sermones,
2243 1253 2384 1306 qnos
2437 1238 2491 1292 in
2530 1246 2770 1299 sanctor.
2819 1238 3008 1307 elogiis
3050 1247 3104 1293 et
3145 1238 3294 1306 vitiS,
3325 1238 3434 1294 vol.
3464 1236 3560 1305 lx,

294 1355 421 1411 pag.
452 1341 544 1407 94,
573 1341 698 1404 111,
727 1341 832 1395 115
861 1346 917 1395 et
945 1338 1044 1393 129
1073 1337 1297 1392 indicat.
1329 1334 1501 1391 Ηιιιιι..

367 1432 422 1486 5.
462 1431 819 1501 Epiphanius,
849 1430 1013 1501 Cypri
1040 1431 1505 1502 archiepiscopus»,
1535 1430 1726 1484 tertius
1754 1429 1859 1483 hoc
1891 1427 2132 1495 nomine,
2168 1427 2235 1483 de
2263 1442 2373 1497 quo
2394 1422 2627 1483 ‘Carens
2653 1428 2720 1482 ad
2749 1430 2815 1481 Δ.
2844 1430 2975 1484 Chr.
3004 1430 3128 1486 870.
3163 1429 3298 1502 Ejus
3329 1429 3561 1503 epistola

296 1520 367 1576 ad
397 1522 685 1592 ignatium,
717 1520 1087 1592 patriarcham
1130 1520 1742 1591 constantinopolitan..
1771 1528 1904 1574 tom.
1932 1516 1998 1572 lli
2034 1517 2238 1574 Concit.
2273 1516 2412 1572 Binii
2441 1516 2572 1572 edit.
2606 1517 2765 1584 1618,
2798 1531 2952 1590 parte
2981 1537 3041 1584 ιι,
3067 1538 3122 1592 p.
3151 1519 3273 1575 751.

366 1606 425 1663 6.
464 1607 817 1678 Epiphanius,
847 1609 1153 1665 monachus
1177 1625 1241 1665 ac
1269 1611 1571 1681 presbyter,
1601 1625 1667 1665 ex
1693 1607 1847 1678 euius
1870 1608 2054 1664 libello
2079 1608 2152 1662 De
2180 1611 2288 1661 vita
2306 1606 2375 1661 B.
2394 1606 2588 1664 Harioe
2609 1607 2842 1679 Virginis
2870 1611 3132 1666 nonnulla
3153 1611 3311 1667 affert
3327 1611 3559 1665 Allatius

295 1704 366 1760 ad
392 1701 1057 1771 Eustathiiflexaemeron,
1085 1721 1140 1775 p.
1163 1705 1294 1772 285,
1321 1715 1376 1761 et
1397 1705 1470 1761 De
1489 1703 1792 1760 simeonium
1815 1703 2052 1773 scriptis,
2075 1718 2132 1772 p.
2151 1702 2288 1768 106;
2313 1718 2380 1758 ex
2402 1717 2511 1774 quo
2537 1705 2837 1775 posteriore
2864 1706 2986 1763 loco
3002 1717 3166 1778 patet,
3187 1707 3281 1762 diu
3302 1715 3421 1777 post
3448 1708 3556 1761 An·

297 1800 482 1855 dream
497 1798 811 1855 Cretensem
826 1799 1157 1856 etJoannem
1176 1799 1722 1857 Thessalonicensem
1740 1800 2050 1870 scripsisse,
2060 1813 2202 1869 quos
2216 1798 2420 1855 sanctis
2434 1798 2687 1857 Patribus
2704 1802 3024 1858 adnumerat
3038 1802 3136 1875 (a).
3151 1802 3406 1874 Ejusdem
3417 1799 3560 1871 ssepi

296 1895 408 1950 τοῦ
428 1895 598 1960 βίου,
622 1894 724 1949 καὶ
749 1895 1045 1965 πράξεων,
1075 1896 1175 1949 καὶ
1214 1894 1432 1962 τέλους
1462 1895 1570 1951 τοῦ
1599 1895 1775 1965 ἁγίου
1813 1895 2163 1949 ἀποστόλου
2194 1893 2478 1962 Ἀνδρέου
2508 1905 2773 1950 memorat
2802 1895 3036 1954 Allatius
3079 1899 3156 1953 De
3205 1897 3558 1962 simeonibus,

298 2006 354 2062 p.
381 1991 473 2055 90,
528 1999 691 2061 atque
740 1991 927 2061 accepi
969 2003 1187 2049 exstare
1230 1993 1287 2047 in
1321 1992 1455 2048 bibl.
1489 1993 1635 2064 regis
1665 1990 1854 2047 Galli-‘e
1885 1989 2075 2046 codice
2103 1988 2267 2052 2951,
2313 1987 2410 2044 fol.
2451 1990 2574 2045 255.
2606 1988 2803 2046 Nescio
2832 2006 2900 2046 an
2929 1992 2998 2047 ab
3026 1992 3132 2048 hoc
3160 1993 3409 2049 diversus
3441 2003 3559 2048 sta-

295 2084 535 2141 tuendus
562 2085 635 2139 sit
660 2082 1023 2156 Epiphanius,
1053 2084 1360 2140 monachus
1387 2082 1753 2156 Hagiopolita,
1793 2082 1912 2138 sive
1956 2078 2509 2149 Hierosolymitanus,
2539 2079 2606 2135 de
2637 2081 2798 2152 cujus
2827 2081 3090 2154 Perieqesi
3133 2081 3306 2154 Syrioe
3331 2094 3380 2139 et
3406 2083 3559 2139 urbis

293 2184 497 2230 sauctoe
549 2171 661 2228 dixi
709 2172 808 2227 lib.
856 2189 930 2238 tv,
977 2189 1097 2245 cap.
1144 2172 1200 2235 2.
1260 2172 1289 2245 5
1338 2172 1429 2228 18.
1477 2171 1701 2229 Fannio.
1750 2201 1822 2212 -
1860 2169 1920 2225 ln
1952 2171 2060 2227 vol.
2116 2167 2208 2234 lv,
2243 2184 2366 2241 pag.
2417 2169 2545 2234 665,
2596 2179 2760 2243 atque
2806 2188 2930 2243 pag.
2973 2172 3101 2240 670,
3145 2175 3260 2244 jam
3305 2174 3558 2230 animad-

294 2269 457 2332 verti,
504 2267 606 2326 cel.
643 2268 711 2326 de
776 2267 967 2326 Sainte
992 2268 1200 2324 -Croix
1239 2268 1531 2341 Epiphanii
1572 2254 1828 2324 monachi
1872 2264 2128 2321 Enim-at.
2170 2265 2454 2335 qeoqraplt.
2494 2262 2667 2335 Syria
2703 2280 2752 2321 et
2794 2267 2940 2321 urbis
2994 2277 3193 2323 εαιισιω
3245 2283 3372 2324 cum
3428 2270 3556 2324 aliis

296 2362 619 2431 geographis
664 2364 938 2420 editurum
967 2367 1107 2417 esse.
1138 2391 1207 2402 —
1251 2362 1391 2418 Add.
1421 2375 1589 2434 supra
1618 2361 1673 2416 in
1703 2362 1807 2415 hoc
1830 2358 1945 2414 vol.
1976 2372 2103 2429 pag.
2133 2357 2224 2426 99,
2254 2356 2613 2428 Epiphanium
2639 2360 3015 2433 presbyterum
3049 2368 3104 2415 et
3132 2358 3555 2432 llagiopolitam,

294 2467 332 2508 a
376 2451 709 2522 Uiugarellio
750 2470 851 2526 pro
892 2470 1006 2510 uno
1046 2453 1350 2525 eodemque
1398 2452 1609 2519 haberi,
1663 2451 1829 2523 paulo
1878 2459 2009 2506 ante
2067 2458 2315 2505 notatum
2366 2459 2470 2506 est.
2526 2449 2574 2504 Δ
2638 2449 2912 2506 Maittario
2967 2450 3021 2506 in
3065 2451 3130 2506 A.
3179 2452 3265 2517 T„
3317 2462 3453 2510 tom.
3488 2453 3552 2515 V.

303 2550 447 2607 part.
490 2554 532 2604 ι,
572 2544 685 2595 sive
721 2542 923 2610 indice,
967 2558 1089 2613 pag.
1118 2544 1245 2608 567,
1282 2542 1505 2599 affertur
1560 2541 1701 2596 liber
1750 2539 2093 2609 inscriptus:
2125 2536 2402 2607 Expositio
2431 2538 2718 2592 mennatum
2742 2537 3138 2594 Dominicorum
3163 2551 3212 2596 et
3242 2542 3556 2598 memorabi-

315 2626 470 2691 lium,
526 2643 639 2695 quoe
690 2632 1065 2699 Hierosotqmis
1110 2643 1260 2695 sunt:
1310 2632 1616 2687 auctoribus
1665 2639 1716 2684 et
1757 2629 1980 2684 testibus
2015 2628 2262 2691 oculatis,
2289 2636 2442 2698 poeta
2480 2626 2663 2683 Groeeo
2697 2645 2980 2701 anonymo,
3011 2641 3062 2685 et
3092 2630 3410 2702 Epiphanio,
3443 2651 3555 2687 mo-

307 2717 503 2778 nacho,
532 2715 590 2770 S.
620 2716 766 2773 urbis
791 2718 903 2771 cive
924 2718 1237 2787 togam-opha
1258 2722 1471 2771 minime
1499 2719 1801 2785 spernendo.
1828 2717 1960 2770 Fed.
1984 2715 2237 2770 Hor-ellus
2259 2718 2617 2785 professorum
2645 2729 2695 2772 et
2730 2720 2949 2789 interpr.
2969 2737 3076 2791 req.
3099 2722 3348 2787 decanus,
3367 2721 3555 2779 Groeca

291 2821 326 2861 e
353 2806 481 2860 bibl.
503 2805 765 2861 Vaticana
786 2816 947 2863 eruta
976 2816 1030 2879 et
1059 2804 1323 2874 descripta
1338 2804 1654 2875 recognovit,
1685 2811 1735 2857 et
1755 2804 1994 2873 politicos
2007 2821 2097 2859 seu
2122 2805 2446 2874 ditleyramb.
2480 2820 2656 2859 versus
2685 2803 2895 2861 Groecos
2921 2810 3173 2863 trimetris
3193 2810 3316 2865 Lat.
3345 2828 3556 2880 expres·

292 2901 386 2957 sit.
422 2898 596 2959 Index
623 2919 729 2957 non
769 2902 951 2957 inanis
989 2903 1229 2955 accessit.
1254 2900 1437 2954 Lutet.
1469 2916 1556 2970 ap.
1588 2899 1721 2955 Fed.
1757 2899 1943 2955 floret.
1973 2912 2177 2972 typoqr.
2206 2917 2314 2970 req.
2351 2899 2510 2967 1620,
2545 2901 2621 2955 4“.
2661 2899 2862 2957 Eodem
2907 2902 3080 2960 usin.
3123 2904 3322 2961 ibidem
3363 2905 3554 2962 obser-

296 3010 480 3063 vante,
513 3013 701 3053 eornm
722 2998 891 3055 editio
939 3000 998 3052 in
1024 2996 1084 3053 8⁰
1111 2998 1301 3053 eadem
1333 3005 1443 3059 est,
1472 2997 1578 3052 nisi
1615 3004 1676 3052 ut
1721 2997 1778 3051 in
1830 2998 1936 3052 hac
1980 3006 2165 3053 textus
2192 2996 2485 3068 Epiphanii
2517 2997 2736 3054 Graecus
2773 2999 3130 3064 desideretur,
3162 3010 3220 3057 et
3259 3000 3554 3073 Nicephori

295 3092 513 3151 Callisti
533 3094 860 3165 xanthoputi
889 3106 1112 3151 carmen
1145 3104 1178 3145 a
1205 3090 1335 3145 Fed.
1367 3090 1596 3146 morello
1630 3106 1871 3160 versum,
1900 3092 2193 3148 inseratur.
2238 3091 2414 3163 liujus
2439 3092 2696 3150 editionis
2729 3096 2961 3168 insigne,
2991 3097 3283 3154 arbuscula
3319 3114 3442 3156 rore
3472 3098 3553 3155 ri·

290 3198 441 3259 gata,
475 3204 599 3245 cum
625 3187 926 3243 lemmate-z

1173 3299 1261 3354 He
1284 3316 1390 3354 non
1418 3308 1561 3355 terra
1589 3300 1750 3371 louet,
1782 3302 1980 3355 coelesti
2012 3316 2129 3356 rore
2162 3303 2380 3357 viresco.

2297 3391 2469 3448 linat..

362 3506 417 3560 7.
463 3503 820 3575 Epiphanius,
853 3504 942 3560 cui
989 3504 1250 3576 scriptum
1303 3504 1381 3559 De
1425 3504 1687 3560 miraculo
1717 3500 2077 3558 Eucharistiae
2107 3503 2298 3559 tribuit
2339 3503 2671 3576 Theophilus
2715 3506 3051 3578 Raynaudus
3103 3521 3238 3566 tom.
3274 3511 3337 3565 Vt
3382 3511 3546 3585 0pp.,

290 3616 353 3671 p.
379 3597 505 3653 589.
542 3595 676 3652 vide
703 3593 844 3651 infra
871 3596 1012 3651 inter
1040 3596 1247 3666 scripta
1280 3594 1341 3650 S.
1371 3594 1664 3666 Epiphanii
1698 3612 1756 3650 ιι.
1785 3595 1872 3650 17.

360 3692 416 3749 8.
460 3691 788 3761 Epiphanius
813 3689 1090 3756 diaeonus,
1124 3690 1194 3746 ad
1223 3706 1388 3763 quem
1420 3690 1479 3745 S.
1509 3690 1712 3749 Isidori
1744 3689 2036 3747 Pelusiotae
2059 3692 2323 3760 epistolae.

362 3792 418 3847 9.
462 3790 815 3862 Epiphanius,
849 3787 1038 3860 Perqoe
1062 3789 1361 3860 episeopus,
1392 3791 1489 3861 qni
1528 3789 1859 3860 subscripsit
1896 3789 2134 3846 concilio
2161 3789 2616 3851 chalcedonensi.
2645 3794 2799 3853 Alius
2832 3796 3122 3866 episcopus
3153 3797 3543 3866 lleracleanus.

285 3893 353 3942 et
378 3885 520 3943 alius
545 3886 686 3941 item·
703 3882 997 3957 Tyriorum
1030 3882 1113 3953 [v.
1148 3882 1218 3936 ad
1243 3898 1302 3934 n.
1328 3880 1389 3949 t]
1422 3881 1585 3945 alius,
1612 3881 1771 3949 cnjus
1799 3880 2027 3948 epistola
2054 3880 2124 3938 ad
2150 3880 2433 3952 Synodum
2467 3899 2521 3950 v,
2552 3892 2687 3937 tom.
2719 3883 2765 3943 ll
2789 3882 2952 3948 ninii,
2977 3900 3031 3954 p.
3062 3884 3185 3940 756.

361 4176 437 4250 (ι)
475 4179 535 4234 ln
570 4178 696 4235 cod.
723 4176 949 4231 Bar-occ.
984 4173 1107 4238 142,
1139 4164 1194 4227 n.
1222 4172 1313 4239 20,
1358 4169 1488 4227 bibl.
1520 4169 1696 4254 Bodl„
1728 4169 1864 4254 Epi·
1969 4171 2210 4241 opusculi
2257 4174 2414 4241 liujus
2454 4173 2672 4229 titulum
2699 4177 2924 4299 αᾳῗενεηε
2951 4180 3100 4250 leqit,
3131 4182 3239 4236 Καὶ
3265 4180 3365 4251 τῆς
3394 4178 3540 4253 ζωῆς

291 4249 451 4320 pha.
487 4248 736 4304 monachi
778 4256 827 4301 et
872 4243 1103 4314 presbyt.
1136 4243 1415 4296 character
1451 4239 1520 4295 Β.
1556 4240 1783 4313 Virginis
1813 4251 1865 4296 et
1968 4242 2137 4314 αὐτῆς
2163 4243 2389 4313 χρόνων,
2414 4260 2532 4314 quoe
2559 4244 2712 4299 verba
2796 4248 2961 4302 abt-ic.
2991 4254 3047 4304 in
3081 4249 3272 4306 Codice
3310 4268 3538 4323 apocry-

295 4316 505 4373 Domini
537 4319 737 4381 nostri;
790 4317 929 4379 inc„
963 4314 1028 4366 Oi
1079 4311 1455 4384 ἀφωρισμένοι
1502 4312 1677 4377 τόποι,
1700 4320 1867 4392 atque
1967 4312 2070 4379 plto
2104 4310 2176 4366 Ν.
2220 4311 2306 4378 Τ.,
2352 4328 2405 4382 p.
2440 4313 2530 4377 45,
2558 4316 2636 4368 sic
2678 4318 2851 4378 vertit,
2887 4336 2908 4368 ι
2936 4330 2986 4373 ct
3018 4321 3082 4374 de
3114 4322 3230 4390 ejus
3255 4323 3379 4376 vitoe
3405 4334 3538 4378 tem-

287 4398 482 4443 auctor
526 4386 715 4456 Catal.
753 4384 910 4440 codd.
957 4382 1182 4463 Anqlioe,
1211 4392 1345 4436 tom.
1379 4379 1420 4444 Ι,
1455 4395 1508 4449 p.
1542 4379 1629 4441 18,
1646 4381 1813 4461 ‘addit
1846 4399 1860 4434 ε
1966 4382 2203 4449 poribus.
2233 4401 2253 4434 ι
2283 4382 2551 4448 Attamen,
2572 4381 2768 4442 Groecis
2796 4388 2968 4441 minus
2984 4392 3216 4458 antiquis
3245 4407 3383 4461 soepe
3405 4392 3537 4464 χρό-

288 4454 467 4521 Idem,
489 4468 547 4511 ut
573 4458 795 4520 videtur,
828 4454 894 4507 de
924 4451 1146 4506 dissidio
1174 4458 1403 4521 quatuor
1430 4466 1555 4504 eran
1589 4449 1865 4505 eltstarum
1968 4467 2049 4504 vot
2098 4460 2220 4505 sunt
2270 4454 2446 4518 potius
2493 4458 2622 4509 anni
2671 4474 2831 4528 quam
2882 4467 3145 4529 tempora.
3178 4460 3234 4514 ln
3270 4466 3539 4530 prooemio

289 4528 436 4580 circa
478 4527 910 4582 resurrectionem
940 4520 1171 4583 Christi:
1202 4520 1309 4576 inci
1356 4559 1393 4583 .‚
1427 4521 1545 4574 Κατ
1615 4519 1866 4589 Ἰωάννην
1968 4519 2355 4590 Epiphanium,
2388 4524 2790 4593 presbyterum.
2825 4536 3098 4583 auctorem
3136 4530 3279 4585 illius
3326 4547 3536 4587 sermo-

288 4594 485 4667 Μαρία
515 4598 673 4668 μόνη.
708 4624 779 4635 -
810 4591 868 4646 ln
906 4591 1027 4646 cod.
1052 4590 1281 4671 Coislin.
1311 4536 1441 4671 3955.
1489 4588 1582 4644 fol.
1612 4589 1702 4651 15,
1736 4587 1867 4659 Epi·
1971 4593 2057 4642 nis
2087 4600 2141 4643 et
2164 4588 2549 4659 Epiphanium,
2572 4597 2900 4651 monachum
2927 4596 3340 4668 Hagiopolitam,
3365 4617 3533 4657 unum

289 4665 481 4789 phun„
509 4676 639 4730 etc„
670 4665 743 4719 De
785 4662 903 4717 Vita
928 4661 1275 4715 sanctissimoe
1295 4657 1563 4727 Detparoe.
1595 4656 1662 4711 V.
1686 4657 1867 4712 Monte
1968 4671 2090 4712 esse
2120 4662 2502 4732 eumdemque,
2535 4678 2600 4717 ex
2637 4668 2762 4736 styli
2793 4667 3150 4721 similitudine
3179 4670 3406 4739 colligit.
3434 4687 3536 4727 nec

315 4749 520 4789 ancon.
547 4733 687 4789 Bibl.
716 4732 965 4794 coislin..
998 4744 1053 4799 p.
1073 4729 1198 4783 415.
1229 4727 1327 4781 Est
1352 4729 1540 4783 eadem
1571 4742 1735 4796 qnam
1761 4726 1867 4806 Fa·
1968 4727 2037 4782 ah
2058 4742 2248 4784 eorum
2277 4732 2566 4796 sententia,
2593 4732 2973 4803 Epiphanium,
3000 4737 3393 4808 presbyterum,
3411 4755 3536 4796 esse

291 4803 437 4858 bric.
468 4803 628 4869 inira,
658 4804 765 4858 vol.
798 4799 888 4864 tx,
924 4815 1048 4870 pag.
1075 4798 1202 4862 110,
1232 4798 1375 4851 inter
1420 4798 1506 4851 elo
1543 4797 1593 4849 ia
1625 4804 1682 4876 et
1721 4804 1866 4851 vitas
1967 4812 2185 4867 quoque
2215 4810 2493 4856 auctorem
2516 4807 2781 4859 orationis
2808 4805 2861 4858 in
2891 4803 2949 4859 S.
2993 4807 3266 4862 Andreatn
3307 4820 3535 4879 aposto-

293 4883 613 4929 nnctorum
662 4880 903 4929 recenset
933 4869 1179 4924 uberius.
1211 4896 1284 4907 —
1313 4865 1458 4946 idem
1525 4866 1692 4921 ahrtc.
1726 4864 1859 4921 ibid.
1968 4864 2101 4929 lum,
2129 4877 2214 4924 est
2238 4870 2448 4925 alienus
2479 4890 2491 4925 :
2527 4873 2703 4940 ipsum
2740 4883 2920 4927 autem
2954 4873 3148 4943 Epiph.
3185 4893 3359 4948 neque
3404 4889 3532 4935 ante

292 4957 350 5012 p.
390 4942 481 5008 54,
515 4943 778 5013 scriptum
804 4940 948 5011 quod
981 4938 1172 5007 incipit
1216 4936 1339 5006 (uti
1380 4936 1568 4989 citavit
1594 4935 1752 4990 Allat.
1787 4934 1863 4989 De
1965 4938 2318 4992 undecimum
2344 4939 2543 4995 Christi
2568 4942 2995 5012 saeculum,quia
3019 4944 3367 5019 Hippolytum
3392 4947 3530 5004 'l’he-

294 5013 600 5069 Simeonum
623 5009 1013 5081 scriptis‚p.90
1052 5006 1410 5075 εἘπειδήπερ
1435 5005 1617 5058 πολλοὶ
1630 5005 1864 5075 ἁνεγρά-
1963 5005 2190 5073 banum,
2221 5023 2348 5062 saec.
2378 5024 2411 5060 x
2439 5020 2531 5063 aut
2560 5026 2614 5064 st
2646 5013 2935 5078 viventem,
2979 5017 3131 5083 citet,
3187 5033 3362 5087 neque
3405 5030 3531 5088 post

371 5100 464 5137 ντο
492 5083 661 5151 βίους,
689 5098 735 5137 s.
777 5080 951 5134 Vitam
1033 5119 1047 5133 .
1091 5079 1335 5139 Andraeoe,
1362 5073 1606 5144 apostoli,
1641 5086 1863 5157 auctore
1963 5075 2234 5130 decimum
2273 5078 2514 5141 tertium,
2540 5081 2666 5149 quia
2710 5097 2777 5135 ex
2812 5082 2904 5137 illo
2946 5087 3210 5156 opusculo
3246 5086 3528 5156 fragmen-

343 5153 620 5221 piphanio‚
663 5147 930 5205 monacho
961 5158 1015 5202 et
1048 5149 1388 5216 presbytero,
1445 5142 1609 5198 refert
1649 5152 1705 5198 et
1744 5159 1858 5214 Jam
1964 5152 2077 5198 tum
2110 5147 2426 5213 protulisset
2446 5146 2781 5219 Nicephorus
2803 5151 3081 5217 Callistus,
3115 5157 3168 5209 in
3203 5158 3346 5211 Hist.
3371 5158 3527 5228 eccl„

285 5223 424 5276 ‚citat
449 5220 853 5275 Tillemontium
885 5227 1015 5271 tom.
1042 5218 1063 5270 l
1100 5217 1345 5275 Memor..
1373 5228 1427 5282 p.
1456 5213 1581 5274 541,
1617 5214 1709 5293 qui
1738 5224 1859 5268 acta
1963 5222 2097 5293 tom.
2137 5213 2201 5277 ll,
2233 5232 2351 5286 cap.
2381 5216 2472 5277 25,
2507 5220 2746 5289 adeoque
2795 5238 2921 5277 saec.
2952 5223 3171 5277 circiter
3200 5224 3529 5285 duodecimo

298 5291 538 5346 sabulosa
569 5306 691 5345 esse
720 5291 909 5357 prohat
959 5303 1081 5358 pag.
1109 5284 1214 5339 620
1242 5299 1357 5352 seq.
1387 5283 1473 5339 ed.
1508 5283 1684 5337 Paris.
1716 5283 1855 5336 Anu.
1964 5297 2018 5335 ιιι
2049 5284 2186 5338 vivis
2216 5284 2406 5351 inisse,
2435 5291 2661 5355 judicat.
2691 5290 3059 5361 mingarellius
3087 5292 3154 5347 de
3180 5296 3371 5350 eodem
3398 5299 3522 5354 cod.

296 5359 553 5417 Lantbec.
582 5359 863 5426 Commaie
889 5357 1015 5409 bibl.
1046 5358 1288 5409 Caesarea
1315 5362 1445 5405 tom.
1478 5350 1566 5416 tv,
1602 5352 1859 5431 pag..502
1962 5351 2068 5421 egit
2093 5355 2145 5406 in
2180 5356 2406 5423 epistola
2437 5358 2501 5412 ad
2531 5357 2828 5427 AEgidium,
2859 5361 3079 5414 fratrem
3114 5378 3300 5431 suum,
3345 5364 3527 5421 Bono-

295 5447 436 5501 seq„
466 5442 519 5484 et
560 5440 690 5483 tom.
724 5426 787 5491 V,
823 5442 941 5498 pag.
973 5427 1043 5481 55
1094 5439 1209 5492 seq.
1246 5419 1405 5500 “..E
1450 5424 1571 5475 cod.
1615 5420 1856 5500 Namano
1890 5433 1933 5487 Β
1959 5437 2062 5476 ntae
2092 5423 2249 5490 1770,
2278 5441 2402 5479 cum
2450 5428 2708 5481 ineditum
2756 5429 2813 5482 S.
2846 5428 3092 5500 Gregorii
3126 5431 3523 5507 Thaumaturgi

293 5502 464 5555 edidit
489 5498 584 5553 Gr.
621 5514 744 5554 cum
775 5513 912 5552 vers.
931 5496 1055 5552 Lat.
1081 5502 1136 5549 ct
1168 5491 1385 5548 scholiis
1412 5489 1569 5545 loan.
1600 5491 1852 5559 Aloysnts
1956 5506 2260 5547 sermonem
2296 5496 2347 5547 in
2379 5497 2548 5549 lucent
2583 5496 2865 5565 proferret,
2897 5509 2951 5553 et
2989 5502 3043 5555 in
3074 5500 3197 5560 Cat.
3231 5505 3386 5558 codd.
3425 5505 3521 5561 Gr.

294 5568 663 5637 ningarellius
690 5569 742 5622 in
771 5567 1040 5622 Amadutii
1072 5562 1350 5618 Anecdotis
1374 5558 1561 5625 litter„
1588 5574 1721 5614 tom.
1760 5558 1844 5616 ΙΙΙ.
1958 5558 2328 5616 Ναηὶαηονιιηι
2378 5580 2505 5634 pag.
2528 5565 2648 5630 106,
2695 5568 2817 5620 cod.
2854 5569 2942 5633 65,
2992 5588 3043 5623 n.
3090 5571 3175 5626 40.
3229 5571 3369 5626 Add.
3400 5591 3524 5644 quat

292 5644 356 5720 pi
380 5639 568 5694 59-85.
596 5639 764 5693 Serm.
793 5645 856 5693 de
887 5640 995 5692 nita
1034 5633 1381 5690 sanctissima·
1420 5628 1659 5699 Deiparoe
1701 5639 1751 5683 et
1783 5630 1847 5683 de
1954 5632 2148 5699 scripsi
2191 5634 2243 5684 in
2281 5632 2489 5687 Introd.
2520 5636 2574 5687 in
2607 5637 2734 5690 hist.
2763 5636 2826 5691 L.
2859 5638 2979 5696 Cr..
3016 5637 3081 5708 ll,
3107 5644 3163 5706 2,
3193 5659 3248 5713 p.
3272 5643 3379 5697 259
3400 5660 3518 5715 seq.

292 5710 460 5780 ipsius
484 5709 659 5773 annis,
701 5709 795 5763 nai
837 5708 943 5761 τῶν
978 5706 1077 5776 τῆς
1108 5702 1277 5771 αὐτῆς
1304 5699 1528 5770 χρόνων,
1557 5699 1697 5753 haud
1730 5701 1843 5752 ele·
1951 5698 2096 5754 litem
2133 5700 2357 5769 Mingar.
2392 5703 2588 5759 ibidem
2620 5721 2743 5776 pag.
2775 5708 2865 5775 94,
2896 5711 3096 5781 adjecit
3125 5713 3272 5767 notis
3301 5712 3519 5769 brevem

293 5788 505 5848 gauter,
552 5781 721 5833 multo
759 5778 939 5831 minus
987 5783 1210 5829 retntste
1253 5773 1537 5838 scriptum.
1568 5766 1705 5849 'l'nm
1757 5783 1842 5821 se·
1950 5766 2010 5822 S.
2040 5771 2258 5824 Andreae
2289 5769 2551 5829 Cretensis
2582 5780 2738 5831 uitam
2762 5794 2806 5835 s.
2842 5783 3066 5853 aloytum
3105 5798 3138 5837 e
3164 5782 3286 5837 cod.
3318 5780 3520 5841 Nauia·-

291 5858 536 5917 quuntur
575 5862 610 5916 p
651 5847 720 5901 84
744 5863 859 5916 seq.
885 5848 1147 5900 adnotatt.
1188 5839 1243 5894 ln
1280 5842 1449 5908 prima
1478 5847 1657 5892 statim
1690 5848 1838 5897 nota,
1948 5852 2019 5893 no
2049 5838 2165 5892 127.
2196 5837 2368 5897 llam..

290 5919 544 5987 allatius,
570 5918 668 5985 ait,
697 5920 754 5971 in
783 5916 947 5971 diatr.
976 5916 1041 5969 de
1063 5912 1363 5966 Simeonnnt
1386 5908 1614 5975 scriptis,
1638 5923 1690 5977 p.
1719 5907 1840 5976 106,
