3850 6517
290 472 389 530 801

958 468 1325 525 ADVERSUS
1366 466 1705 522 nAEttESES
1743 465 1870 518 Lm.
1913 461 1954 517 1.
1997 462 2159 516 Toxi.
2194 461 2276 516 ΙΙΙ.
2316 494 2379 501 -
2421 462 2690 517 HAERES.
2736 459 2889 514 xlm.
3421 459 3524 513 802

290 577 537 655 δαυτιῦν,
567 589 701 644 ἀλλὰ
748 588 843 641 τοῦ
895 590 1099 657 Κυρίου
1142 587 1316 640 αὐτῶν
1378 584 1551 654 Ἰησοῦ
1600 582 1855 651 Χριστοῦ,
1890 586 1931 640 Α
1963 579 2212 632 lebrarct.
2251 578 2330 631 Ob
2365 577 2415 630 id
2451 576 2708 629 Ecclesiae
2750 589 2941 628 nomen
2993 587 3158 625 unum
3199 587 3388 626 onmes
3427 566 3527 625 i'm-

290 685 399 741 ἀπὸ
438 681 763 751 ’Δντιοχείας
819 680 1132 749 ἀρξαμένων
1166 676 1498 749 Χριστιανῶν
1546 672 1848 727 καλεῖσθαι·

289 774 427 841 ὅπερ
454 770 602 823 ἐστὶν
629 770 663 837 ἡ
695 768 831 838 μόνη
857 764 1114 835 καθολικὴ
1151 764 1437 833 Ἐκκλησία
1458 802 1473 825 ,
1511 763 1611 815 οὐκ
1651 761 1778 814 ἄλλο
1801 778 1855 812 τι

292 862 513 931 ἔχουσα,
548 858 684 912 ἀλλὰ
711 854 977 927 Χριστοῦ,
1012 854 1344 924 Χριστιανῶν
1370 848 1501 907 οὖσα
1540 851 1853 922 Ἐκκλησία,

300 952 363 1005 οὐ
392 947 646 1019 Χριστῶν
671 987 685 1011 ,
744 945 881 999 ἀλλὰ
895 943 1230 1013 Χριστιανῶν
1254 960 1269 975 ·
1299 942 1393 996 τοῦ
1427 944 1521 1013 μὲν
1551 942 1666 1005 ἑνὸς
1695 942 1861 1012 ὑπαρ-

296 1055 507 1111 χοντος,
535 1037 639 1089 τῶν
658 1036 713 1089 δὲ
742 1035 849 1089 ἀπὺ
871 1033 964 1087 τοῦ
990 1033 1107 1097 ἑνὸς
1133 1031 1470 1103 Χριστιανῶν
1496 1030 1856 1099 καλουμένων.

301 1129 459 1183 Μετὰ
489 1126 689 1196 ταύτην
722 1125 779 1178 δὲ
817 1124 1059 1186 καὶτοὺς
1086 1124 1252 1192 αὐτῆς
1286 1124 1534 1193 κήρυκας
1570 1122 1737 1173 πᾶσαι
1773 1121 1862 1173 οῦ-

305 1220 422 1272 κέτι
450 1217 541 1271 τοῦ
576 1216 738 1269 αὑτοῦ
774 1213 1115 1285 χαρακτῆρος
1140 1212 1462 1282 φαινόμεναι
1490 1210 1577 1263 διὰ
1606 1209 1712 1262 τῶν
1744 1212 1864 1263 ἑπι-

306 1310 471 1363 θέτων
511 1307 789 1378 ὀνομάτων
829 1306 1176 1375 Μανιχαίων,
1223 1304 1318 1357 καὶ
1358 1301 1739 1373 Σιμωνιανῶν,
1774 1301 1866 1353 καὶ

306 1400 666 1453 Οῦαλεντίνιυν
686 1440 701 1464 ,
736 1397 830 1451 καὶ
877 1396 1201 1449 Ἔΰιωναίων
1222 1412 1235 1425 ·
1271 1387 1345 1447 ὧν
1373 1388 1454 1455 εἷς
1479 1393 1571 1447 καὶ
1595 1391 1679 1455 σὺ,
1711 1393 1868 1461 Μαρ-

305 1489 456 1552 κίων,
487 1486 772 1556 ὑπάρχεις.
804 1485 911 1538 Καί
959 1501 1051 1537 σου
1083 1484 1144 1536 τὸ
1187 1484 1357 1554 ὄνομα
1407 1480 1789 1548 ὲπικέκληνται
1817 1480 1866 1531 οἱ

304 1577 411 1630 ὑπὸ
460 1576 553 1629 σοῦ
588 1574 927 1645 ἠπατημένοι
950 1614 965 1638 ,
993 1574 1068 1637 ὡς
1115 1573 1335 1626 σεαυτὸν
1369 1569 1702 1642 κηρύξαντος
1723 1608 1736 1631 ,
1780 1570 1871 1622 καὶ

304 1668 425 1738 οὐχὶ
457 1668 712 1738 Χριστόν.
745 1662 881 1719 Εἷτά
900 1682 1095 1734 φασιν,
1127 1665 1209 1717 ὃτι
1246 1664 1301 1716 Ὁ
1340 1662 1483 1727 Θεὸς
1515 1664 1548 1713 ὀ
1584 1660 1769 1713 εἰπὼν
1804 1661 1870 1713 ἐκ

307 1760 567 1825 σκότους
600 1756 725 1827 φῶς
751 1757 1000 1827 λάμψαι.
1050 1757 1108 1808 '0
1132 1753 1261 1817 Θεὸς
1293 1754 1351 1807 δὲ
1393 1755 1541 1816 ποῖος
1578 1751 1691 1805 ἀλλ’
1734 1753 1763 1803 ό
1794 1748 1873 1815 εἷς

308 1855 337 1905 ὀ
376 1853 436 1903 ὲν
461 1849 537 1921 τῷ
565 1852 816 1923 προφήτῃ
843 1849 1023 1916 δείξας
1061 1850 1126 1901 ἐκ
1168 1847 1389 1908 σκότους
1430 1845 1573 1913 φῶς,
1600 1846 1875 1898 τουτέστιν

309 1943 421 1995 ἀπὸ
448 1941 547 2010 τῆς
576 1940 685 1994 τῶν
711 1939 1010 2011 ἀνθρώπων
1045 1939 1303 2001 ἀπιστίας
1342 1938 1435 1990 καὶ
1458 1937 1729 2003 ἀγνωσίας
1759 1935 1874 2003 φῶς
1906 1938 1946 1991 Β
1982 1931 2119 1986 Tum
2148 1932 2362 1986 demum
2405 1931 2655 1999 inquiunt
2706 1949 2718 1983 :

312 2032 404 2086 καὶ
436 2031 635 2101 γνῶσιν
682 2033 741 2083 ὲν
785 2030 1001 2104 Χριστῷ
1027 2029 1248 2098 λᾶμψαν
1285 2030 1299 2060 ¹
1351 2030 1409 2081 ὲν
1465 2029 1585 2090 ταῖς
1630 2026 1879 2096 καρδίαις

315 2122 471 2195 ἡμῶν
516 2122 627 2175 τῶν
673 2138 800 2174 ποτε
846 2119 1013 2173 ἐθνῶν
1065 2117 1619 2188 εἰδωλολατροῦντων,
1675 2113 1769 2167 νῦν
1822 2114 1878 2167 δὲ

314 2212 447 2265 Θεὸν
482 2210 571 2264 τὸν
607 2209 726 2263 τότε
755 2212 812 2262 ἐν
847 2208 924 2280 τῷ
949 2209 1199 2280 προφήτῃ
1227 2204 1800 2277 προεπαγγειλὰμενον
1820 2203 1881 2256 τὸ

315 2304 428 2373 φῶς
457 2302 647 2356 ἑαυτοῦ
680 2303 736 2354 ἐν
769 2302 846 2371 τῷ
872 2301 1060 2371 κόσμῳ
1090 2300 1298 2369 λάμψαι
1325 2315 1338 2362 ;
1368 2298 1444 2361 ὡς
1472 2298 1574 2350 οὐκ
1597 2295 1877 2364 ἀλλοτρίου

316 2393 465 2454 ὄντος
494 2392 735 2453 Παλαιᾶς
785 2392 879 2442 καὶ
910 2388 1121 2456 Καινῆς
1142 2388 1441 2456 Διαθήκης,
1471 2386 1546 2449 ὡς
1600 2386 1731 2454 ἡμῖν
1759 2382 1879 2445 ἔθος

317 2483 510 2551 γέγονε
542 2481 747 2533 πείθειν
770 2496 849 2542 σε,
874 2473 921 2531 ὧ
946 2478 1229 2548 Μαρκίων,
1258 2477 1350 2545 ἀφ’
1372 2471 1448 2529 ὧν
1474 2475 1618 2546 ἔχεις
1637 2491 1884 2545 γεγραμ-

323 2572 501 2643 μένων
533 2571 800 2639 λειψάνων
844 2567 939 2621 τοῦ
988 2566 1316 2635 Εὐαγγελίου
1341 2604 1356 2629 ,
1384 2566 1478 2619 καὶ
1528 2564 1605 2635 μὴ
1637 2563 1742 2616 ὑπὸ
1792 2562 1884 2616 σοῦ

317 2660 650 2714 ἀπατᾶσθαι.

1964 677 2258 737 posuerunt
2281 711 2293 732 ,
2314 683 2421 720 non
2463 683 2621 721 suum
2653 667 2856 733 utiquc,
2886 663 2976 717 scd
3001 663 3199 717 Christi
3222 662 3370 725 lesu,
3402 678 3528 716 cuin

1963 761 2261 815 Antiochiae
2303 761 2536 829 primum
2573 759 2831 827 appellari
2884 756 3177 810 Christiani
3228 767 3528 823 coepcrnnt.

1964 852 2117 917 Quod
2152 852 2366 920 quidem
2400 850 2572 904 solam
2599 850 2665 901 ad
2705 849 3024 902 catholicam
3074 846 3367 901 Ecclesiam
3400 862 3532 897 ‹on-
3634 877 3644 882 -

1966 945 2112 999 venit
2140 985 2151 1003 ‚
2179 958 2297 1012 quae
2333 942 2478 995 nullo
2504 942 2609 993 alio
2640 955 2800 1009 quain
2827 939 3027 992 Christi
3062 938 3280 990 nominc.
3310 936 3537 1006 praedito

1966 1035 2405 1089 Christianorum
2443 1030 2714 1093 Ecclesia,
2745 1044 2850 1082 non
2880 1028 3224 1082 Cin-istorum
3250 1066 3264 1090 ,
3294 1028 3494 1080 dicitur
3521 1041 3534 1076 ε

1968 1126 2102 1192 adeo
2149 1133 2208 1179 ut
2263 1140 2384 1178 cum
2424 1139 2564 1177 unus
2617 1122 2705 1176 ille
2743 1120 2844 1183 sit,
2898 1121 3079 1188 plures
3130 1130 3310 1172 tamen
3360 1119 3427 1170 ab
3475 1134 3540 1171 cn

1969 1213 2263 1268 Christiani
2315 1211 2684 1265 nominentur.
2733 1209 2813 1261 Ab
2871 1209 2973 1262 bac
3019 1206 3260 1261 Ecclesia
3317 1206 3543 1275 ejusque

1972 1303 2312 1374 praeconibus
2362 1282 2454 1355 ub⁸i
2504 1299 2857 1361 discesseris,
2913 1297 3132 1365 reliqnae
3169 1312 3359 1351 omncs
3399 1295 3543 1348 haud

1971 1393 2157 1449 eadem
2214 1400 2338 1445 nota
2393 1395 2681 1452 constant,
2729 1403 2849 1459 quae
2904 1386 3173 1455 adjunctis
3232 1387 3546 1439 nominibus

1975 1494 2138 1553 atque
2169 1482 2422 1552 epithetis
2464 1489 2759 1545 meantum
2803 1478 3219 1532 Manichaeorum
3260 1477 3503 1531 videlicet
3528 1516 3543 1538 ‚

1978 1572 2417 1627 simonianorum
2441 1614 2457 1638 ,
2492 1570 2901 1626 Valentinorum
2926 1608 2942 1635 ,
2973 1570 3348 1624 Ebionoeorum
3371 1608 3384 1630 ,
3423 1569 3548 1636 qni·

1978 1665 2081 1718 bus
2112 1672 2165 1717 et
2193 1671 2271 1727 tu,
2298 1663 2522 1727 Marcio,
2549 1661 2987 1716 annumerandus
3022 1676 3082 1715 es
3112 1677 3125 1713 :
3160 1660 3319 1728 cnjus
3352 1675 3548 1712 nomen

1982 1750 2290 1805 inscribunt
2317 1749 2353 1803 ii
2383 1750 2526 1811 sibi,
2556 1764 2693 1819 quos
2715 1758 2833 1802 tute
2863 1749 2916 1800 in
2943 1761 3180 1801 errorem
3223 1746 3499 1800 induxeris
3535 1765 3549 1799 ι

1986 1850 2173 1911 utpote
2218 1840 2308 1912 qui
2361 1843 2633 1910 teipsum,
2674 1855 2782 1893 non
2835 1837 3109 1892 Christum
3155 1837 3550 1907 praedicaveris.

2768 1930 2903 1983 Dens
2944 1930 3032 1996 qui
3075 1930 3208 1982 dixit
3240 1928 3302 1982 de
3335 1929 3555 1982 tenebris

1985 2023 2340 2092 splendescere
2357 2022 2543 2075 lucem.
2577 2023 2710 2087 Quis
2732 2021 2818 2074 hic
2849 2020 2991 2077 Dcus
3018 2031 3100 2076 est
3155 2021 3261 2075 nisi
3295 2038 3437 2076 unus
3469 2022 3558 2075 ille

1984 2114 2078 2185 qni
2104 2112 2244 2182 apud
2279 2112 2572 2181 prophetas
2599 2128 2628 2167 e
2659 2112 2899 2167 tenebris
2933 2113 3114 2168 lumen
3152 2112 3430 2167 ostendit?
3453 2112 3557 2165 hoc

1985 2214 2067 2260 est
2099 2219 2162 2257 ex
2197 2202 2482 2256 hominum
2532 2201 2852 2259 infidelitate
2882 2214 2937 2259 et
2977 2204 3194 2259 inscitia
3217 2244 3231 2267 ,
3269 2219 3366 2273 per
3402 2203 3562 2257 Clu-i-

1987 2302 2131 2350 stum
2165 2293 2340 2347 lucem
2372 2307 2435 2347 ac
2473 2294 2756 2348 scientiam
2792 2294 2847 2349 in
2892 2294 3148 2349 cordibus
3183 2294 3386 2347 nostris
3415 2293 3564 2347 exci-

1987 2383 2138 2437 tavit.
2162 2382 2265 2449 Qui
2301 2397 2424 2437 cum
2445 2383 2569 2438 olim
2595 2386 2733 2440 inter
2751 2393 2938 2457 gentes
2955 2401 3366 2440 numerareinur
3395 2385 3564 2438 simu·

1990 2474 2158 2528 lacris
2182 2474 2461 2540 addictam,
2512 2476 2678 2531 Deum
2713 2478 2862 2530 illum
2893 2476 3055 2531 modo
3084 2490 3432 2536 veneramur,
3470 2476 3562 2543 qni

1992 2579 2090 2634 per
2119 2566 2433 2634 proplietam
2471 2568 2647 2622 lucem
2677 2584 2830 2623 suam
2869 2568 3144 2622 illaturum
3193 2582 3314 2621 sese
3361 2566 3567 2619 mundo

1994 2656 2341 2725 promiserat,
2370 2664 2429 2711 ut
2462 2658 2734 2730 intelligas
2774 2658 3024 2715 eumdem
3074 2674 3250 2729 neque
3280 2674 3309 2712 a
3348 2657 3566 2738 Veteri.

322 2766 497 2821 neque
520 2765 549 2803 a
578 2747 724 2803 Novo
753 2747 1105 2803 Testamento
1132 2742 1399 2800 dissidere
1429 2762 1441 2796 :
1473 2742 1526 2798 id
1548 2741 1693 2812 quod
1723 2741 1888 2798 certis
1929 2743 2028 2800 tibi
2065 2745 2373 2801 rationibus
2414 2748 2680 2813 suadere,
2707 2747 2908 2803 Marcio
2928 2789 2943 2813 ,
2990 2752 3263 2815 solemus,
3324 2764 3388 2804 ex
3460 2749 3567 2802 illis

322 2847 459 2916 ipsis
489 2844 759 2915 Evangelii
786 2840 1069 2914 reliquiis,
1101 2856 1221 2912 quae
1246 2839 1386 2910 apud
1418 2849 1471 2894 te
1517 2840 1733 2908 scriptae
1761 2838 2110 2911 reperiuntur
2137 2880 2156 2905 ,
2191 2856 2370 2912 neque
2416 2842 2610 2900 fraude
2679 2851 2772 2900 tua
2834 2861 2933 2901 nos
2992 2846 3376 2901 circumveniri
3427 2845 3566 2916 pati-

319 2955 463 2997 ntur.

390 3034 442 3098 γ’
467 3028 563 3083 καὶ
587 3027 668 3094 κζ’
694 3026 838 3100 σχόλ.
861 3028 1142 3097 Ἔχοντες
1163 3026 1233 3082 δὲ
1256 3026 1321 3081 τὸ
1343 3025 1489 3082 αὐτὸ
1521 3025 1756 3096 πνεῦμα
1781 3025 1890 3095 τῆς

321 3121 582 3185 πίστεως
614 3118 712 3173 καὶ
759 3120 932 3189 ἡμεῖς
962 3119 1319 3187 πιστεύομεν
1344 3134 1359 3148 ·
1415 3117 1507 3170 διὸ
1544 3117 1641 3170 καὶ
1671 3118 1892 3173 λαλοῦ-

318 3227 451 3280 μεν.
500 3209 749 3279 Ἐξὲκοιῖιε
783 3210 842 3263 δὲ
864 3210 947 3273 τὸ,
984 3210 1135 3263 κατὰ
1158 3208 1223 3261 τό
1250 3206 1672 3278 γεγραμμένον.

394 3306 444 3369 γ’
467 3300 561 3355 καὶ
594 3298 675 3363 κζ·
707 3300 886 3369 ἔλεγχ.
921 3299 996 3352 Οὐ
1030 3296 1311 3366 δοθήσεταί
1341 3314 1423 3350 σοι
1443 3298 1604 3361 τόπος
1624 3300 1681 3351 ἐν
1714 3293 1794 3361 οἷς
1822 3297 1890 3350 ἂν

322 3392 668 3463 τολμήσειας.
694 3392 814 3447 Κάν
854 3407 916 3444 τε
962 3390 1069 3461 γὰρ
1096 3390 1334 3461 ἐκκόψῃς
1360 3390 1420 3443 τὸ
1439 3431 1455 3455 ,
1502 3391 1652 3443 κατὰ
1697 3388 1762 3443 τὸ
1794 3406 1891 3458 γε·

326 3479 681 3552 ψαμμένον,
707 3482 955 3551 φαίνεται
988 3483 1021 3553 ἠ
1046 3481 1148 3552 τῆς
1173 3482 1673 3554 προγεγραμμένης
1696 3480 1893 3547 λέξεως

326 3571 629 3628 ἀκολουθία.
679 3570 810 3628 Ἀπὸ
859 3570 952 3626 τοῦ
1000 3570 1111 3642 γὰρ
1134 3611 1151 3636 ,
1215 3573 1581 3626 Ἐπίστευσα
1609 3611 1622 3635 ,
1655 3570 1749 3625 διὸ
1795 3570 1895 3624 καὶ

322 3662 635 3733 §.u-lma,
674 3661 835 3725 εὐθὺς
877 3660 949 3715 τὰ
999 3660 1093 3715 ἴσα
1135 3661 1439 3727 ἐπενέγκας
1489 3662 1517 3712 ό
1575 3658 1894 3722 Ἀπόστολος

326 3754 461 3825 ἔφη·
496 3755 777 3820 Ἔχοντες
804 3752 870 3803 τὸ
898 3752 1045 3803 αὐτὸ
1098 3749 1334 3814 πνεῦμα
1367 3747 1478 3811 τῆς
1511 3752 1766 3812 πίστεως
1798 3750 1896 3805 καὶ

241 3861 248 3869 ·
324 3844 500 3914 ἡμεῖς
535 3842 928 3906 πιστεύομεν,
973 3837 1065 3889 διὸ
1110 3835 1210 3889 καὶ
1266 3837 1593 3903 λαλοῦμεν.
1640 3838 1807 3891 Παντὶ
1838 3838 1895 3892 δέ

325 3949 409 4001 τῳ
443 3928 610 3995 σαφές
642 3929 756 3979 ἐστι
786 3925 963 3984 τοῦτο,
996 3925 1078 3977 ὅτι
1114 3925 1172 3976 ὲν
1201 3922 1279 3993 τῷ
1310 3924 1585 3995 ἑκατοστῷ
1616 3943 1899 3981 πεντεκαι-

332 4019 544 4087 δεκάτῳ
571 4015 770 4085 ψαλμῷ
818 4017 875 4067 ὲν
920 4014 1000 4084 τῷ
1044 4014 1143 4085 τὴν
1197 4013 1506 4086 ἐπιγραφὴν
1551 4016 1899 4083 Ἁλληλεύΐα

338 4108 534 4178 ἔχοντι,
569 4108 666 4177 τῆς
706 4106 763 4159 δὲ
790 4104 882 4158 τοῦ
916 4104 1080 4157 Δαὸὶδ
1112 4104 1294 4174 βίὸλου
1322 4104 1454 4169 ὄντι,
1492 4106 1583 4158 καὶ
1616 4107 1708 4159 ὑπ’
1737 4106 1898 4160 αὐτοῦ

340 4196 858 4270 προπεφητευμὲνῳ,
891 4198 919 4249 ὀ
944 4195 1100 4265 λόγος
1141 4194 1256 4257 τοῦ,
1275 4196 1642 4250 Ἐπίστευσα
1673 4197 1790 4252 ἐστὶ
1811 4215 1899 4266 γε·

339 4289 675 4362 γραμμένος.
708 4287 869 4340 Ὅθεν
896 4289 989 4340 καὶ
1017 4289 1046 4339 ὀ
1084 4287 1402 4350 ’Δπόστολος
1437 4287 1594 4341 ἔλαὸε
1622 4290 1683 4343 τὸ
1714 4291 1897 4361 ῥητὸν,

337 4381 432 4435 καὶ
454 4380 653 4449 ὁμοίως
681 4377 782 4449 ἔφη
813 4379 904 4440 τὸ,
932 4378 1030 4431 Διὸ
1075 4380 1439 4447 πιστεύομεν
1469 4382 1566 4434 καὶ
1596 4381 1766 4451 ἡμεῖς
1800 4384 1897 4437 καὶ

334 4471 661 4539 λαᾷοῦμεν,
684 4464 763 4532 εἷς
789 4468 864 4522 ὢν
884 4469 975 4523 τοῦ
1000 4469 1233 4542 ἀριθμοῦ
1256 4471 1367 4524 τῶν
1384 4472 1712 4526 ἀποστόλων.
1738 4472 1901 4526 Ὅθεν

2069 3028 2254 3086 Schol.
2283 3031 2318 3085 5
2346 3038 2400 3085 et
2428 3028 2518 3083 27.
2552 3027 2811 3083 Habentes
2853 3037 3028 3083 aulem
3062 3035 3298 3085 eumdem
3326 3034 3570 3101 spiritum

2003 3118 2122 3183 fidei
2175 3128 2227 3173 el
2263 3135 2357 3172 nos
2398 3118 2693 3179 credimus,
2736 3127 2946 3187 propler
2969 3122 3106 3190 quod
3141 3133 3189 3175 et
3226 3121 3489 3193 loquimur
3523 3128 3568 3180 ¹.

2000 3208 2102 3264 Ubi
2130 3226 2293 3265 voces
2322 3210 2443 3265 illas
2465 3209 2710 3275 sustulit,
2757 3210 2894 3264 sicut
2924 3214 3179 3281 scriptum
3202 3223 3303 3269 est.

2065 3299 2248 3356 Resut.
2285 3302 2319 3355 5
2357 3309 2410 3358 et
2443 3300 2535 3357 27.
2561 3300 2899 3372 Quocunque
2940 3303 3223 3358 audaciam
3266 3313 3413 3359 tuam
3441 3321 3572 3362 con-

1996 3393 2246 3456 verteris,
2299 3394 2507 3448 nullum
2549 3408 2658 3463 quo
2712 3403 2763 3447 te
2801 3393 3010 3449 inseras
3056 3395 3263 3449 aditum
3304 3396 3571 3454 invenies.

1998 3484 2124 3539 Sive
2168 3484 2312 3539 enim
2360 3484 2451 3539 illa
2503 3486 2699 3551 verba,
2734 3484 2866 3538 sicul
2904 3486 3159 3555 scriptum
3199 3495 3309 3554 est,
3353 3489 3570 3552 deleas,

1997 3559 2434 3630 antecedentium
2483 3576 2774 3629 verborum
2816 3573 2935 3643 ipsa
2968 3576 3138 3631 series
3168 3588 3409 3645 apparet.
3445 3578 3575 3635 Post

1997 3664 2111 3720 haec
2131 3665 2272 3719 enim
2304 3665 2468 3718 verba
2502 3684 2515 3719 z
2546 3664 2778 3728 Credidi,
2800 3667 3170 3735 propterquod
3193 3666 3395 3719 loculus
3423 3686 3569 3734 sum,

1997 3755 2228 3812 subinde
2252 3753 2482 3823 aequalia
2513 3754 2851 3825 subjungens
2875 3761 2949 3809 ait
2977 3756 3273 3826 Apostolus
3304 3776 3317 3810 :
3356 3757 3572 3814 Haben-

1998 3855 2073 3899 les
2103 3843 2339 3897 eumdem
2377 3843 2622 3912 spiritum
2662 3844 2790 3913 fidet·
2817 3852 2866 3897 et
2901 3860 2994 3899 nos
3030 3846 3323 3913 credimus,
3364 3857 3577 3914 propter

1996 3936 2135 4005 quod
2167 3936 2448 4005 loquimur.
2493 3933 2662 3989 Nemo
2695 3944 2873 3990 autem
2897 3934 3028 3991 illud
3060 3935 3272 4006 ignorat
3294 3953 3324 3992 e
3362 3937 3574 4007 psalmo

1997 4042 2123 4091 cxv,
2147 4028 2235 4082 cui
2265 4027 2585 4096 inscriptum
2618 4033 2702 4081 cst
2733 4026 2994 4093 Alleluia,
3027 4028 3230 4100 quique
3265 4030 3318 4083 in
3354 4027 3574 4085 Davidis

2001 4116 2141 4173 libro
2186 4117 2402 4188 legitur,
2426 4123 2479 4171 et
2520 4116 2659 4171 inter
2686 4117 2806 4186 ejus
2835 4118 3056 4172 oracula
3090 4130 3344 4175 censetur
3363 4159 3379 4181 ,
3409 4122 3572 4175 veria

2000 4208 2092 4262 illa
2120 4223 2243 4264 esse
2283 4208 2629 4278 deprompta,
2663 4207 2899 4273 Credidi,
2930 4218 3036 4265 etc.
3064 4210 3220 4267 Unde
3245 4219 3300 4267 et
3340 4212 3574 4283 Aposto-

2000 4300 2088 4355 lus
2117 4299 2382 4370 ejusmodi
2415 4302 2740 4353 sententiam
2765 4301 3082 4365 transtulit,
3112 4317 3176 4356 ac
3206 4302 3457 4358 similiter
3478 4320 3575 4358 ex·

2000 4391 2198 4461 pressit
2231 4409 2245 4446 t
2284 4391 2504 4461 Propter
2528 4395 2666 4465 quod
2697 4395 2956 4447 credimus
3001 4404 3048 4447 et
3093 4394 3258 4465 368
3297 4411 3388 4447 nos
3421 4405 3468 4448 et
3497 4396 3578 4449 Io·

2001 4479 2212 4547 quimus·
2242 4494 2261 4532 .·
2296 4481 2385 4536 ille
2427 4482 2648 4552 inquam
2699 4482 2932 4547 Paulus,
2961 4483 3052 4553 qni
3095 4500 3160 4537 ex
3202 4485 3574 4553 apostolorum

338 4564 402 4616 ‘'l'’
425 4562 572 4630 λέγει
599 4578 617 4594 ·
646 4561 737 4614 Διὸ
782 4562 876 4614 καὶ
927 4563 1243 4626 ἐπίστευσα.
1300 4563 1396 4615 καὶ
1445 4562 1703 4632 ἐλάλησα·
1735 4562 1892 4627 ἀλλὰ,
1933 4577 1976 4632 D
2005 4585 2233 4627 numero
2272 4575 2421 4629 'unus
2454 4574 2680 4628 exstitit.
2733 4573 2938 4629 idcirco
2984 4591 3092 4629 non
3127 4576 3265 4629 dixit
3300 4597 3313 4629 ι
3350 4574 3579 4646 Propter

353 4649 547 4719 Ἡμεῖς
571 4651 950 4717 πιστεύομεν,
984 4649 1077 4702 διὸ
1106 4651 1204 4703 καὶ
1236 4651 1561 4719 λαλοῦμεν,
1598 4652 1685 4704 ἵνα
1710 4652 1902 4705 ἑαυτὸν

347 4740 484 4812 μετὰ
524 4742 634 4795 τῶν
679 4741 853 4795 ἄλλων
904 4740 1218 4794 ἀποστόλων
1270 4742 1502 4813 συνάψῃ.
1550 4742 1657 4795 Καί
1698 4760 1861 4813 φησιν
1884 4760 1897 4773 ·

347 4834 628 4901 Ἔχοντες
669 4831 738 4885 δὲ
769 4831 834 4885 τὸ
864 4833 1006 4886 αὐτὸ
1040 4830 1303 4901 πνεῦμω
1346 4832 1434 4884 ἵνα
1461 4832 1608 4904 δείξῃ
1652 4833 1712 4885 τὸ
1739 4834 1797 4885 ἑν
1822 4832 1901 4904 τῷ

342 4924 504 4977 Δαὸὶδ
523 4924 757 4995 λαλῆσαν
774 4923 992 4995 Πνεῦμα
1017 4924 1079 4976 τὸ
1108 4924 1235 4977 αὐτὸ
1255 4923 1312 4976 ὃν
1338 4925 1559 4995 Πνεῦμα
1584 4926 1676 4979 καὶ
1704 4926 1759 4977 ὲν
1789 4904 1902 4989 τοῖς

339 5016 653 5079 ἀποστόλοις
681 5056 696 5079 ,
751 5016 843 5081 ἀφ’
891 5009 1061 5085 οῦπρ
1115 5016 1235 5067 τότε
1285 5017 1493 5079 ἐκεῖνος
1547 5017 1902 5086 προφητεύων

342 5107 620 5160 ἐπίστευεν
638 5122 654 5134 ·
705 5107 761 5157 ὲν
812 5097 857 5172 ᾧ
919 5104 1194 5172 Πνεῦματι
1251 5107 1345 5158 καὶ
1398 5107 1552 5160 αὐτοὶΙ
1601 5108 1753 5172 ὄντες
1810 5127 1904 5162 πι-

343 5195 588 5249 στεύουσι
614 5196 708 5249 καὶ
750 5192 987 5248 λαλοῦσι.
1030 5193 1205 5264 Πολλὴ
1241 5193 1298 5245 δὲ
1324 5195 1507 5248 ἀδικία
1557 5196 1652 5250 καὶ
1712 5198 1903 5253 πλεον-

341 5286 481 5351 εξία,
509 5286 585 5349 ὡς
616 5287 808 5349 εἰπεῖν,
839 5284 925 5337 διὰ
950 5282 1233 5354 νοημάτων
1248 5286 1289 5336 ⁸.
1319 5284 1422 5336 Τοῦ
1443 5284 1551 5356 γὰρ
1578 5287 1901 5342 Ἀποστόλου

342 5374 399 5427 ἓν
433 5377 526 5427 καὶ
551 5373 613 5425 τὸ
645 5374 774 5427 αὐτὸ
802 5373 1021 5445 Πνεῦμα
1049 5372 1344 5442 φάσκοντος
1363 5412 1377 5436 ,
1414 5373 1530 5436 πῶς
1558 5375 1592 5445 ἡ
1630 5376 1721 5429 τοῦ
1746 5379 1906 5451 Μαρ-

342 5464 537 5524 κίωνος
567 5463 739 5524 ἄνοια,
759 5463 1090 5535 ὁμολογοῦσα
1118 5463 1302 5518 τοῦτον
1327 5464 1416 5518 τὸν
1442 5462 1598 5532 λόγον
1627 5465 1719 5519 τὸν
1749 5467 1903 5537 ἅγιον

355 5552 672 5606 Ἀπόστολον
703 5554 976 5624 εἰρηκέναι
1001 5595 1016 5619 ,
1044 5555 1215 5627 τολμᾷ
1253 5556 1429 5623 λέγειν
1458 5553 1584 5609 ἄλλο
1617 5551 1753 5611 εἶναι
1783 5559 1903 5613 τότε

337 5641 404 5698 τὸ
441 5641 679 5713 Πνεῦμα,
706 5645 799 5696 καὶ
833 5644 957 5698 ἄλλο
977 5648 1037 5700 τὸ
1063 5649 1119 5700 ἑν
1146 5652 1256 5714 τοῖς
1284 5646 1598 5711 ἀποστόλοις
1613 5651 1642 5713 ;’

2007 4664 2150 4732 quod
2180 4672 2233 4719 et
2261 4664 2490 4730 credidi,
2519 4673 2572 4719 et
2605 4665 2820 4721 locutus
2855 4681 2995 4729 sum,
3029 4666 3121 4720 sed
3141 4705 3156 4729 ‚
3178 4666 3288 4721 Nos
3319 4668 3576 4720 credimus

2004 4762 2214 4823 propter
2239 4756 2378 4825 quod
2417 4766 2467 4809 el
2510 4756 2790 4824 loquimur,
2833 4763 2891 4809 ut
2923 4771 2983 4812 se
3025 4772 3148 4810 cum
3188 4758 3411 4828 reliquis
3447 4773 3578 4827 apo·

2008 4845 2161 4901 stolis
2215 4846 2588 4917 conjungeret.
2636 4849 2815 4914 Quare
2863 4848 2936 4902 ita
2997 4847 3250 4918 scripsit,
3319 4849 3577 4904 Habentes

2008 4933 2244 4988 eumdem
2285 4937 2565 5005 spiritum,
2613 4944 2673 4990 ut
2719 4937 3026 4992 ostenderet
3052 4940 3202 4994 illum
3245 4940 3450 5009 ipsum,
3484 4942 3577 5010 qni

2010 5037 2108 5092 per
2159 5022 2419 5079 Davidem
2473 5025 2829 5095 loquebatur,
2879 5043 2976 5097 per
3030 5032 3306 5100 apostolos
3362 5045 3579 5100 quoque

2014 5108 2278 5181 Spiritum
2297 5128 2419 5169 esse
2438 5114 2679 5169 locutum
2706 5134 2721 5172 :
2751 5118 2910 5189 cujus
2932 5120 3022 5174 ille
3041 5122 3314 5190 quondam
3341 5122 3408 5173 im
3418 5122 3576 5189 pulsu

2011 5203 2316 5261 vaticinans
2343 5205 2600 5272 credidit,
2631 5218 2685 5264 et
2735 5211 2805 5268 ad
2837 5211 3087 5267 eumdem
3119 5214 3454 5282 pertinentes
3485 5215 3576 5270 isti

2013 5295 2175 5351 modo
2211 5296 2442 5352 credunt
2472 5307 2528 5354 et
2553 5299 2875 5367 loquuntur.
2898 5301 3160 5358 Versatur
3183 5311 3362 5358 autem
3388 5304 3445 5360 in
3475 5305 3580 5362 line
3622 5363 3629 5369 ,

2013 5384 2132 5440 loco
2188 5387 2524 5459 intelligendi
2568 5406 2635 5446 ae
2670 5392 2986 5463 disputandi
3036 5408 3288 5463 perversa
3329 5397 3579 5466 quandam

2011 5490 2077 5532 ac
2126 5476 2334 5534 fraudis
2378 5480 2536 5550 plena
2568 5484 2728 5538 ratio.
2766 5482 2898 5538 Nam
2923 5499 3046 5541 eum
3087 5485 3377 5556 Apostolus
3408 5505 3576 5544 unum

2012 5570 2370 5637 eorundemque
2421 5568 2684 5640 Spiritum
2744 5587 2868 5628 esse
2921 5574 3172 5641 deliniat,
3226 5593 3332 5649 qua
3400 5578 3581 5635 ῐιοιιιο

2010 5674 2199 5715 vecors
2234 5660 2321 5718 ille
2362 5661 2603 5729 Marcio,
2653 5664 2747 5736 qui
2792 5665 2939 5721 illam
2978 5683 3291 5740 germanam
3331 5669 3577 5743 Apostoli

419 5802 432 5832 ¹
467 5799 528 5855 F.
563 5801 797 5875 λάμψας,
839 5804 933 5861 sed
974 5804 1127 5863 deest
1149 5807 1377 5879 aliquid.
1455 5811 1476 5840 ⁸
1515 5805 1576 5861 F.
1602 5807 2003 5885 διανοημάτων.
