3850 6517
295 474 360 530 st
1569 462 1626 518 S.
1670 461 2004 516 titurnssn
2049 463 2226 516 vir-x.
2604 487 2615 499 ·
3456 462 3525 517 οε

294 609 396 654 σας
415 588 506 644 τὸν
529 586 690 640 παῖδα
720 582 814 636 τοῦ
848 580 1168 650 Εὐδαίμονος
1209 580 1314 632 ἀπὸ
1345 580 1440 648 τῆς
1497 580 1676 650 χειρὸς
1710 619 1724 642 ,

293 680 604 753 σφραγίσας
630 677 719 731 τὸν
748 674 1022 745 ὀφθαλμὸν
1051 671 1234 734 αὑτοῦ,
1257 672 1345 724 τὸν
1378 670 1451 740 μὴ
1483 672 1714 751 ὁρῶντα,
1742 674 1860 742 τρί-

289 790 404 834 τον,
445 768 650 830 εὐθέως
680 765 989 835 ἀνέΰλεψεν.
1031 762 1176 817 Ἰδὼν
1203 764 1259 816 δὲ
1287 763 1571 832 Εὐδαίμων
1607 761 1635 813 ὅ
1676 763 1862 831 ἐποίη-

292 882 386 918 σεν
416 861 753 930 Ἐπιφάνιος,
787 855 1158 926 παρεκάλεσεν
1183 854 1344 907 αὑτὸν
1381 852 1583 921 λέγων·
1616 854 1680 907 Εἰ
1713 853 1863 922 φίλον

291 957 440 1010 ἐστὶν
469 954 618 1022 ὑμῖν.
648 948 956 1013 διδάσκαλε,
996 947 1135 1000 θέλω
1169 943 1321 1014 κάγὼ
1362 944 1682 1016 Χριστιανὸς
1709 945 1861 1013 γενέ·

295 1046 443 1099 σθαι.
489 1043 547 1095 Ὀ
571 1042 627 1094 δὲ
657 1035 810 1092 εἶπεν
835 1038 1015 1109 αὐτῷ·
1063 1039 1349 1102 Ἄκουσον,
1391 1037 1585 1106 φησιν,
1620 1029 1666 1089 ὦ
1712 1036 1864 1104 φιλό-

300 1152 453 1202 σοφε,
477 1132 541 1186 τὰ
562 1132 688 1203 περὶ
718 1129 812 1183 τοῦ
832 1128 1036 1197 ἀγαθοῦ
1081 1128 1173 1180 καὶ
1222 1127 1589 1197 εύσπλὰγχνου
1622 1127 1785 1193 Θεοῦ,
1821 1120 1864 1194 ᾧ

304 1225 353 1275 οἰ
383 1220 685 1293 Χριστιανοὶ
721 1217 1090 1272 πιστεύουσιν.
1123 1217 1259 1269 Ποτὲ
1290 1216 1376 1269 τὸν
1408 1215 1617 1287 Ἰσραὴλ
1658 1218 1716 1268 ὲν
1747 1215 1865 1268 δου-

302 1313 417 1383 λείᾳ
446 1312 758 1383 ὑπάρχοντα
782 1307 861 1379 τῷ
884 1307 1082 1378 Φαραὼ
1111 1307 1319 1379 βασιλεῖ
1344 1307 1617 1376 Αἰγύπτου
1645 1306 1865 1376 ὴλευθέ-

306 1420 494 1475 ρειισεν,
531 1403 624 1456 καὶ
652 1399 959 1473 ἀπήλλαξεν
987 1398 1149 1454 αὑτὸν
1177 1400 1274 1454 ἀπ’
1305 1399 1489 1461 αὐτοῦ,
1521 1399 1614 1452 καὶ
1645 1397 1732 1451 διὰ
1762 1396 1864 1466 τῆς

300 1492 574 1562 θαλάσσης
602 1490 787 1560 διῆγεν
820 1489 981 1543 αὐτὸν
1015 1488 1102 1541 διὰ
1131 1487 1234 1557 τῆς
1255 1488 1481 1558 ἐρήμου,
1513 1487 1605 1540 καὶ
1636 1487 1862 1557 εἰσήγα-

293 1600 389 1649 γεν
421 1581 584 1635 αὑτὸν
604 1583 681 1643 εἰς
700 1581 803 1651 γῆν
842 1581 1068 1652 ῥέουσαν
1098 1578 1239 1646 γάλα
1279 1578 1373 1631 καὶ
1413 1577 1555 1646 μέλι.
1588 1577 1695 1631 Καὶ
1734 1576 1864 1629 ποτὲ

292 1668 485 1722 τοῦτον
532 1669 903 1739 ἀπειθήσαντα
939 1669 1032 1721 καὶ
1060 1666 1332 1736 ἀμνησίαν
1387 1665 1578 1735 ἔχοντα
1610 1666 1743 1738 πρὸς
1775 1666 1864 1718 τὸν

292 1758 427 1811 Θεὸν
451 1758 542 1812 διὰ
587 1759 680 1811 τοῦ
719 1759 1002 1829 Προφήτου
1032 1756 1220 1810 τοῦτον
1274 1757 1611 1827 παρακαλεῖ,
1653 1757 1860 1825 λέγων·

293 1850 454 1915 Λαός
473 1865 613 1913 μου,
640 1849 697 1901 τί
717 1847 974 1916 ἐποίησά
998 1861 1097 1900 σοι
1113 1864 1134 1912 ,·
1165 1846 1204 1915 ἢ
1243 1846 1302 1900 τί
1326 1845 1586 1915 ἡδίκησά
1609 1861 1702 1909 σε,
1729 1846 1767 1913 ἢ
1808 1848 1865 1900 τί

292 1938 730 2007 παρηνόχλησά
750 1953 824 1992 σε
844 1957 865 2004 ,·
893 1938 1250 2007 ἁποκρίθητί
1265 1956 1385 2006 μοι.
1421 1939 1581 1990 Ὥστε
1619 1935 1712 1992 οὗν
1729 1980 1745 2003 ,
1772 1938 1864 1992 λό-

291 2047 380 2098 γιε
406 2029 711 2100 Εὐδαίμων,
734 2029 949 2099 ἕτοιμός
995 2031 1143 2083 ἐστιν
1191 2031 1220 2083 ὀ
1248 2029 1380 2093 Θεὸς
1428 2029 1633 2093 πάντας
1678 2030 1868 2102 τρόπῳ

290 2116 485 2187 ἀγαθῷ
510 2117 922 2188 εἰσερχομένους
958 2116 1327 2186 εἰσδέχεσθαι,
1359 2118 1462 2170 κᾶν
1508 2118 1785 2190 ἀμαρτίας
1833 2114 1868 2192 ᾗ

294 2226 383 2272 τις
408 2209 661 2273 πλείστας
697 2209 1031 2280 πεποιηκὼς,
1072 2209 1400 2280 ἀφεθήσεται
1432 2209 1602 2280 αὐτῷ.
1635 2211 1871 2265 ’Δπελθε

291 2296 402 2361 οῦν,
435 2300 581 2369 λόγιε
603 2299 908 2372 Εὐδαίμων,
937 2301 1030 2354 καὶ
1047 2300 1252 2354 εἴσελθε
1275 2301 1332 2354 ὲν
1360 2305 1426 2372 τῇ
1454 2300 1629 2363 πόλει,
1657 2303 1752 2356 καὶ
1786 2302 1862 2376 μὴ

1771 582 1864 632 καὶ
1895 589 1936 640 Α
1967 588 2112 633 cvi-at
2167 578 2535 649 Epiphanius,
2588 580 2797 648 rogavit
2832 593 2953 631 cum
2999 576 3185 631 dicens
3222 592 3235 627 ε
3276 573 3329 627 Si
3369 573 3528 628 vobis

1965 671 2161 739 placet,
2198 670 2477 739 magister,
2513 671 2633 722 volo
2663 685 2763 738 ego
2784 683 3002 737 qnoque
3028 667 3141 722 lieri
3170 665 3523 720 christianus.

1966 761 2301 830 Epiphanius
2337 771 2514 814 autem
2554 760 2690 813 dixit
2733 760 3048 812 Eudaenioni
3082 776 3095 812 :
3132 757 3292 818 Audi,
3334 771 3366 808 ο
3409 755 3531 824 phi·

1967 854 2209 929 losophc,
2245 854 2310 906 de
2346 853 2489 907 bono
2535 866 2587 905 et
2635 850 2975 905 misericordi
3018 849 3145 912 Deo,
3186 848 3273 904 cui
3303 848 3530 904 credunt

1964 942 2281 997 Christiani.
2337 940 2591 994 lsraelem
2628 977 2642 1002 .
2718 938 2810 1009 qui
2888 936 3184 1006 aliquando
3264 935 3530 991 serviebat

1964 1035 2236 1088 Pharaoni
2265 1034 2373 1100 regi
2420 1032 2651 1104 AEgypti,
2684 1031 2947 1094 liberavit,
2976 1039 3028 1083 et
3053 1043 3178 1083 eum
3214 1029 3436 1098 eripuit,
3476 1038 3532 1083 et

1965 1140 2061 1194 per
2083 1140 2229 1178 mare
2262 1123 2503 1177 Rubrum
2540 1140 2663 1178 eum
2699 1122 2960 1185 traduxit,
2992 1128 3249 1189 tanquam
3285 1135 3381 1189 per
3424 1130 3532 1174 ter·

1964 1229 2081 1267 ram
2112 1214 2318 1267 aridam
2379 1226 2543 1280 atque
2586 1228 2681 1282 per
2726 1213 3096 1277 solitudinem,
3132 1219 3185 1265 et
3231 1208 3530 1277 introduxit

1964 1325 2086 1362 eum
2129 1309 2181 1361 in
2216 1317 2413 1361 terram
2465 1308 2718 1361 liuentem
2770 1306 2906 1360 lacte
2942 1313 2997 1357 et
3044 1302 3248 1357 melle:
3294 1315 3531 1369 eumque

1964 1413 2087 1452 cum
2124 1398 2420 1468 aliquando
2443 1413 2548 1451 non
2584 1399 2875 1467 patuisset,
2906 1403 2961 1448 et
2991 1391 3085 1447 Dei
3111 1391 3303 1447 suisset
3338 1391 3530 1444 imme-

1964 1503 2103 1552 mor,
2150 1502 2246 1556 per
2278 1487 2596 1556 prophetam
2640 1486 2720 1540 sic
2760 1485 3105 1545 adhortatur,
3151 1481 3375 1534 dicens:
3422 1480 3528 1534 Po-

1963 1579 2083 1647 pule
2110 1580 2213 1642 mi,
2266 1579 2393 1648 quid
2425 1578 2523 1647 [eci
2565 1578 2695 1640 citet,
2736 1586 2827 1629 aut
2860 1591 2966 1645 qua
2997 1574 3050 1628 in
3084 1588 3139 1627 re
3179 1573 3272 1626 tibi
3315 1572 3391 1641 [ui
3425 1587 3532 1625 mo·
3582 1609 3590 1621 .

1964 1669 2125 1724 leatus
2158 1671 2182 1724 ‚⁹
2213 1670 2465 1739 responde
2500 1669 2629 1721 mihi
2671 1668 2713 1720 ⁸.
2748 1664 3139 1732 Quamobrem,
3172 1677 3204 1716 o
3232 1664 3387 1718 docte
3414 1663 3528 1729 Bu-

1964 1762 2196 1825 dremon,
2240 1771 2463 1831 paratus
2492 1771 2577 1815 est
2622 1759 2764 1815 Deus
2800 1774 2916 1820 eos,
2957 1758 3050 1827 qui
3088 1757 3231 1811 bono
3258 1757 3415 1810 modo
3440 1770 3531 1823 at:-

1965 1851 2188 1912 cedunt.
2231 1852 2481 1921 excipere
2515 1870 2529 1905 :
2561 1851 2686 1905 etsi
2730 1849 2854 1920 quis
2890 1847 3078 1902 fecerit
3121 1858 3338 1915 peccata
3367 1862 3527 1915 qnam

1966 1941 2217 2010 plurima,
2251 1942 2339 1996 illa
2373 1945 2420 1996 ei
2458 1943 2819 1996 remittentur.
2871 1939 3019 1993 Vade
3050 1952 3200 2006 erge,
3248 1949 3281 1988 o
3324 1932 3532 1987 erudite

1965 2031 2283 2094 Eudaemon,
2318 2044 2370 2088 et
2394 2032 2678 2102 ingredere
2707 2031 3004 2090 civitatem,
3037 2037 3091 2082 et
3119 2042 3219 2081 nec
3250 2033 3302 2079 te
3332 2025 3530 2094 pudeat

1967 2127 2223 2182 accedere
2248 2127 2316 2180 ad
2344 2127 2681 2195 episcopum.
2723 2123 2975 2178 Christus
3001 2120 3146 2175 enim
3190 2126 3339 2170 amat
3363 2115 3533 2170 humi·

1966 2215 2193 2270 litatem.
2246 2216 2513 2282 Quocirca
2558 2214 2625 2268 ad
2663 2226 2765 2267 nos
2813 2223 3031 2281 quoque
3063 2205 3211 2261 venit
3239 2204 3292 2258 in
3340 2215 3532 2272 magna

1970 2307 2297 2363 humilitate.

297 2391 590 2462 αἰσχυνθῇς
615 2395 938 2463 προσπεσεῖν
961 2391 1040 2463 τῷ
1063 2393 1364 2463 ἑπισκόπῳ.
1402 2393 1457 2446 Ὀ
1479 2392 1586 2464 γὰρ
1624 2395 1859 2465 Χριστὸς
1894 2396 1993 2469 τὴν
2039 2399 2364 2454 ταπείνωσιν
2390 2399 2597 2469 ἀγαπᾷ.
2626 2395 2716 2450 Διὸ
2770 2391 2864 2446 καὶ
2888 2393 2945 2445 ἐν
2984 2391 3149 2461 πολλῇ
3212 2385 3532 2443 ταπεινώσει

299 2481 464 2552 ἦλθεν
495 2483 626 2550 πρὸς
654 2485 820 2552 ἡμᾶς.

381 2569 460 2620 A‘.
498 2568 760 2618 Ἤκουσεν
781 2568 835 2619 δὲ
860 2567 1144 2636 Βδδαίμων
1171 2567 1279 2620 τῶν
1312 2568 1482 2636 λόγων
1513 2568 1857 2637 Ἐπιφανίου,

310 2657 406 2710 καὶ
435 2655 681 2724 εἰσῆλθεν
729 2655 787 2707 ὲν
825 2657 892 2725 τῇ
925 2654 1097 2717 πόλει,
1152 2658 1246 2708 καὶ
1278 2657 1606 2726 προσέπεσεν
1626 2659 1702 2728 τῷ
1741 2661 1863 2712 ἑπι-

299 2749 516 2818 σκόπῳ,
549 2748 640 2801 καὶ
663 2747 887 2816 ἐγένετο
914 2746 1258 2817 Χριστιανός.
1277 2747 1562 2819 Διαὸὀητος
1580 2749 1634 2802 δὲ
1656 2750 1865 2818 ἐγένετο

296 2838 617 2906 Ἐπιφάνιος
648 2839 732 2900 εἰς
765 2838 892 2907 ὅλην
923 2837 1023 2908 τὴν
1067 2835 1362 2905 Αἴγυπτον.
1397 2839 1694 2910 Ἐζήτησαν
1726 2841 1781 2894 δὲ
1813 2841 1864 2894 οἰ

300 2928 587 2981 ἐπίσκοποι
624 2929 893 3000 κρατῆσαι
935 2928 1100 2981 αὐτὸν
1157 2929 1491 2982 ἐπίσκοπον·
1530 2932 1624 2985 καὶ
1662 2932 1690 2983 ὀ
1717 2932 1865 3002 ἄγων

299 3013 432 3090 ἦγεν
454 3019 545 3073 τὸν
571 3018 900 3088 Ἐπιφάνιον.
953 3019 1134 3089 Ἔγνω
1159 3019 1268 3094 γὰρ
1311 3020 1469 3075 τοῦτο
1507 3022 1826 3092 Ἐπιφάνιος
1848 3040 1864 3055 ·

297 3113 388 3166 καὶ
417 3107 568 3165 εἶπεν
592 3111 727 3183 πρὸς
767 3113 836 3182 μέ
861 3128 876 3143 ·
902 3111 1091 3184 Δεῦρο,
1121 3113 1331 3177 τέκνον,
1362 3113 1715 3185 πορευθῶμεν
1761 3115 1868 3169 πά-

295 3199 376 3256 λιν
411 3204 468 3255 ὲν
518 3204 585 3273 τῇ
631 3201 869 3272 πατρίδι.
928 3202 1041 3262 Καὶ
1090 3202 1467 3274 ἐπορεύθημεν
1506 3202 1679 3279 ,πάλιν
1711 3204 1771 3255 ὲν
1797 3205 1863 3274 τῇ

299 3291 513 3362 πατρίδι
539 3286 726 3362 ἡμῶν·
754 3293 845 3345 καὶ
869 3290 1188 3362 εἰσήλθομεν
1218 3293 1276 3345 ἐν
1308 3290 1388 3362 τῷ
1406 3291 1751 3364 μοναστηρίῳ
1772 3293 1863 3346 τοῦ

307 3382 536 3453 μεγάλου
569 3383 888 3452 Ἱλαρίωνος.
954 3378 1062 3435 Ἦν
1093 3383 1148 3435 δὲ
1185 3386 1214 3436 ὁ
1237 3383 1413 3452 μέγας
1465 3383 1707 3455 Ἱλαρίων
1737 3385 1868 3439 ἀνα-

299 3472 554 3543 χωρήσας
578 3473 644 3526 ἐκ
679 3471 771 3526 τοῦ
807 3473 1160 3545 μοναστηρίου
1189 3473 1277 3528 διὰ
1305 3476 1405 3545 τὴν
1421 3474 1621 3546 πολλὴν
1646 3475 1866 3546 ὄχλησιν

296 3561 393 3631 τὴν
412 3561 705 3632 γινομένην
730 3561 894 3633 αὐτῷ,
939 3563 1032 3616 καὶ
1083 3563 1432 3627 ἀποπλεύσας
1487 3563 1595 3616 ἀπὸ
1623 3565 1722 3636 τῆς
1754 3568 1868 3620 Κυ-

297 3653 555 3724 πρίωνὲν
577 3656 692 3717 τοῖς
717 3653 900 3717 τόποις
927 3657 1037 3717 τοῖς
1086 3655 1213 3728 περὶ
1256 3655 1356 3725 τὴν
1402 3655 1610 3723 Πάφον.
1652 3655 1868 3719 Εἰδότες

297 3738 388 3795 οὗν
416 3745 464 3796 οἱ
479 3742 700 3811 ἀδελφοὶ
718 3743 806 3796 τδν
827 3745 1145 3813 Ίίπιφάνιον
1188 3745 1465 3814 ἐχάρησαν
1499 3743 1674 3814 χαρὰν
1709 3745 1869 3814 μεγά-

296 3833 413 3904 λην.
437 3827 618 3888 ’Ἡσαν
649 3834 707 3887 δὲ
735 3834 1054 3895 πενθοῦντες
1080 3834 1171 3885 διὰ
1210 3835 1299 3884 τὸν
1353 3833 1528 3900 μέγαν
1569 3835 1868 3905 Ἱλαρίωνα.

299 3922 669 3992 Ἐποιήσαμεν
705 3923 765 3974 δὲ
806 3924 864 3972 ὲν
916 3920 996 3986 τῷ
1027 3918 1369 3991 μοναστηρίῳ
1397 3921 1613 3991 ἡμέρας
1679 3929 1749 3993 μ’,
1782 3925 1871 3977 καὶ

307 4007 614 4069 ἐξελθόντες
640 4005 1016 4074 ἐπορεύθημεν
1054 4006 1111 4057 ὲν
1146 4007 1222 4076 τῷ
1248 4008 1499 4080 ἡμετέρῳ
1532 4014 1871 4084 μοναστηρίῳ

310 4093 395 4165 τῷ
424 4092 835 4164 ἐπικαλουμένῳ
855 4095 1186 4168 Σπανυδρίῳ,
1214 4099 1271 4154 ἐν
1291 4092 1335 4167 ᾧ
1363 4095 1432 4171 ἦν
1455 4103 1682 4174 ποιήσας
1713 4105 1871 4176 ήγού·

322 4201 476 4255 μενον
503 4184 818 4252 Ἐπιφάνιος
857 4186 948 4241 τὸν
1001 4189 1278 4262 Ἐδεοηνὸν
1309 4190 1645 4263 Ἐπιφάνιον.
1675 4191 1785 4249 Ἧν
1810 4196 1868 4250 δὲ

315 4266 458 4338 οὗτος
472 4276 959 4348 περιποιησάμενος
978 4281 1037 4333 ὲν
1054 4279 1133 4350 τῷ
1151 4284 1491 4356 μοναστηρίῳ
1510 4284 1711 4357 πλῆθος
1723 4286 1871 4340 ἀδελ-

309 4365 440 4436 φῶν.
470 4368 579 4421 Καὶ
611 4365 722 4439 γάρ
745 4367 903 4433 αὐτὸς
933 4369 1240 4442 θαυμαστὸς
1265 4374 1426 4446 ἀνήρ.
1452 4373 1664 4441 Εἰδότες
1687 4377 1745 4432 δὲ
1762 4377 1868 4440 ,τὸν

305 4457 616 4530 Ἐπιφάνιον
651 4460 847 4525 πάντες
891 4461 1168 4534 ἐχάρησαν
1195 4464 1367 4535 χαράν
1396 4467 1654 4538 μεγάλην.
1691 4469 1871 4524 Ἐποι-

2037 2571 2206 2627 XXX.
2249 2570 2469 2624 Audivit
2503 2577 2681 2623 autem
2730 2563 3023 2618 Eudaemon
3087 2561 3249 2616 verba
3296 2559 3536 2630 Epipha-

1969 2663 2080 2724 nii,
2114 2670 2168 2716 et
2210 2661 2488 2728 ingressus
2535 2664 2617 2711 est
2664 2655 2719 2709 in
2760 2653 3053 2717 civitatem,
3102 2659 3157 2705 et
3202 2651 3435 2722 procidit
3462 2649 3532 2704 ad

1967 2755 2134 2824 pedes
2185 2728 2441 2820 episcopi,
2472 2758 2525 2803 et
2557 2746 2735 2801 sactus
2776 2753 2863 2800 est
2905 2742 3268 2797 Christianus.
3303 2740 3534 2811 Fuitqne

1962 2844 2301 2917 Epiphanius
2333 2840 2510 2910 magni
2544 2838 2779 2892 nominis
2825 2837 2881 2889 in
2904 2843 3015 2889 tota
3038 2834 3289 2906 AEgypto.
3313 2835 3533 2902 Quaere-

1962 2940 2091 2994 bant
2140 2935 2284 2989 enim
2332 2930 2569 3001 episcopi
2624 2943 2751 2984 eum
2800 2935 2980 2981 tenere
3016 2934 3070 2980 et
3102 2924 3528 2997 facere-episco-

1961 3042 2088 3098 pum
2122 3045 2136 3081 2
2174 3033 2228 3080 et
2257 3025 2368 3095 jam
2402 3040 2432 3077 a
2466 3023 2701 3093 quodam
2738 3021 3035 3075 ducebatur
3077 3019 3433 3090 Epiphanius.
3464 3017 3524 3074 ld

1964 3119 2052 3174 ille
2080 3117 2532 3180 animadvertens,
2564 3114 2701 3169 dixit
2727 3112 2857 3167 mihi
2890 3129 2904 3166 ι
2938 3111 3202 3182 Agedum,
3224 3111 3320 3176 lili,
3348 3126 3529 3165 rever·

1967 3218 2148 3264 tamur
2174 3208 2229 3261 in
2276 3207 2530 3277 patriam.
2588 3205 2655 3260 Et
2693 3219 2883 3258 rursus
2945 3205 2999 3257 in
3053 3213 3294 3257 nostram
3338 3215 3529 3256 sumus

1969 3298 2193 3370 profecti
2226 3299 2521 3367 regionem,
2553 3302 2607 3350 et
2651 3295 2880 3365 ingressi
2923 3308 3116 3348 sumus
3160 3294 3215 3347 in
3255 3299 3531 3346 monaste-

1968 3391 2110 3446 rium
2139 3389 2318 3461 magni
2353 3388 2664 3444 Hilarionis.
2713 3387 3034 3442 Recesserat
3078 3394 3258 3442 autem
3295 3399 3528 3455 magnus

1969 3481 2205 3537 llilarion
2246 3497 2277 3537 e
2317 3481 2647 3536 monasterio
2667 3488 2887 3550 propter
2914 3493 3166 3548 magnam
3185 3517 3200 3539 ,
3226 3491 3349 3548 quae
3368 3477 3414 3531 ei
3442 3492 3532 3531 cx·

1969 3574 2276 3637 hibebatur,
2321 3574 2642 3630 molestiam.
2677 3571 2924 3642 Cumque
2963 3571 3016 3630 in
3059 3569 3382 3642 Cypriorum
3426 3584 3527 3624 na-

1969 3667 2202 3737 vigasset
2228 3667 2521 3737 regionem,
2556 3664 2876 3721 versabatur
2905 3666 2956 3718 in
2983 3665 3050 3719 iis
3078 3664 3228 3725 locis,
3255 3677 3375 3731 quae
3402 3671 3529 3716 sunt

1968 3759 2111 3814 cirea
2145 3757 2409 3828 Paphum.
2443 3760 2578 3812 Cum
2634 3766 2815 3811 autem
2866 3756 3065 3810 fratres
3098 3754 3361 3807 vidissent
3407 3752 3531 3820 Epi·

1969 3846 2252 3917 phauium,
2276 3860 2472 3916 magno
2494 3853 2622 3900 sunt
2648 3844 2823 3899 allecti
2849 3842 3064 3912 gaudio.
3089 3839 3368 3910 Lugebant
3385 3840 3529 3894 enim

1970 3946 2191 4007 propter
2221 3951 2474 4006 magnum
2502 3934 2853 3990 Hilarionem.
2882 3932 3109 3988 Fuimus
3144 3948 3272 3987 vero
3296 3930 3533 4002 quadra-

1969 4023 2116 4093 ginta
2147 4023 2264 4078 dies
2298 4024 2351 4078 in
2379 4023 2729 4078 monasterio.
2755 4023 2880 4077 lnde
2902 4021 3103 4094 egressi
3128 4022 3329 4078 suimus
3360 4021 3412 4074 in
3431 4034 3532 4075 no·

1969 4124 2140 4173 strum
2176 4116 2548 4189 Spanhydrion
2591 4117 2677 4173 cui
2712 4117 3041 4189 Epiphanius
3066 4117 3370 4173 Edesenum
3412 4113 3536 4185 Epi-

1968 4207 2226 4277 phanium
2244 4206 2573 4277 praesecerat.
2592 4206 2688 4265 Hic
2711 4217 2887 4262 autcm
2908 4205 3169 4278 plurimos
3190 4204 3256 4260 ad
3275 4204 3402 4260 illud
3418 4218 3535 4258 mo-

1968 4298 2266 4353 nasterium
2295 4297 2619 4367 adjunxerat
2657 4296 2873 4351 fratres.
2922 4296 3133 4351 Etenim
3168 4296 3282 4365 ipse
3313 4295 3395 4349 vir
3415 4307 3531 4351 erat

1969 4387 2334 4443 admirandus.
2391 4387 2523 4442 Cum
2580 4397 2757 4440 autem
2819 4386 3086 4441 vidissent
3134 4393 3188 4441 et
3243 4384 3531 4455 praesectus

1971 4476 2267 4540 Edesenus,
2319 4486 2373 4532 et
2410 4477 2605 4531 fratres
2640 4475 3021 4546 Epiphanium,
3073 4491 3324 4545 magnam
3376 4490 3533 4529 acce·

302 4547 512 4620 ἧσαμῑν
544 4548 601 4602 δὲ
621 4550 679 4602 ἐν
705 4549 784 4621 τῷ
838 4551 1180 4623 μοναπῗιρῖῳ
1205 4553 1390 4625 τρίτην
1421 4555 1634 4627 ἡμέραν
1681 4558 1738 4611 2⁹
1788 4559 1869 4612 ἑνὶ
1899 4586 1945 4645 D
1972 4583 2099 4638 pere
2130 4569 2391 4623 laetitiam.
2425 4563 2558 4620 Tres
2588 4582 2717 4621 vero
2750 4568 2865 4623 dies
2892 4568 3095 4622 luimus
3123 4566 3231 4619 illic
3262 4566 3313 4620 in
3346 4567 3533 4636 hospi-

299 4639 473 4711 τόπῳ,
495 4638 604 4709 ἐγώ
630 4657 689 4694 τε
714 4641 808 4694 καὶ
834 4641 1144 4704 αὐτός-Καὶ
1165 4647 1232 4715 ’Ξῇ
1249 4645 1482 4718 τετάρτη
1508 4644 1693 4717 ἡμέρᾳ
1718 4645 1865 4702 εἶπεν
1968 4657 2065 4718 tio.
2096 4672 2196 4727 ego
2228 4667 2281 4711 et
2324 4655 2458 4724 ipse.
2491 4653 2701 4721 Quarto
2749 4665 2928 4710 autem
2978 4656 3113 4709 dixit
3159 4656 3288 4708 mihi
3329 4674 3342 4710 ι

303 4733 442 4805 πρὸς
472 4735 540 4804 μέ
559 4755 572 4766 ·
613 4735 837 4798 Τέκνον,
871 4734 1002 4790 λάὸε
1035 4735 1243 4790 κελλίον
1264 4737 1471 4809 ἕτερον,
1505 4740 1599 4792 καὶ
1627 4738 1865 4812 ἡσύχαζε

301 4827 361 4878 ὲν
398 4823 547 4895 αὐτῷ
564 4841 577 4855 ·
613 4825 708 4879 καὶ
733 4826 966 4896 ἐποίησα
992 4826 1188 4892 οὕτως.
1221 4827 1334 4880 Καὶ
1360 4829 1540 4900 ἥμεθα
1567 4831 1865 4902 ἡσυχάζον-

300 4934 392 4981 τες
419 4919 477 4972 ἐν
501 4916 581 4987 τῷ
613 4918 971 4989 μοναστηρίῳ.

372 5009 495 5062 AA'.
531 5007 707 5078 Λιμοῦ
734 5007 791 5061 δὲ
814 5010 1096 5077 γενομένου
1121 5010 1180 5065 ὲν
1221 5010 1298 5082 τῷ
1333 5002 1482 5083 τ’όπῳ
1536 5005 1727 5084 ἐκείνῳ
1773 5015 1866 5069 ἐπὶ

304 5101 401 5168 τῆς
429 5099 532 5168 γῆς
543 5098 653 5150 τῶν
679 5098 959 5162 Φοινίκων,
989 5101 1330 5171 συνήχθησαν
1353 5101 1526 5174 πλήθη
1541 5102 1709 5157 πολλὰ
1733 5106 1867 5176 πρὸς

305 5188 621 5256 Ἐπιφάνιον
645 5227 660 5252 ,
692 5188 787 5242 καὶ
820 5189 1159 5259 παρεκάλουν
1190 5191 1376 5245 τοῦτον
1413 5192 1661 5263 λέγοντες
1679 5215 1694 5228 ·
1729 5197 1865 5267 Βοη-

305 5279 470 5349 θησον
494 5281 645 5349 ἡμῖν.
665 5280 868 5351 Πάτερ,
893 5281 1043 5345 ὅπως
1077 5281 1150 5352 μὴ
1178 5281 1522 5353 ἀπολώμεθα,
1559 5286 1652 5339 καὶ
1691 5304 1869 5358 παρα-

307 5367 534 5422 κάλεσον
549 5367 640 5422 τδν
669 5368 819 5433 Θεὸν,
844 5371 992 5433 ὅπως
1021 5369 1183 5423 δώσει
1211 5371 1362 5424 ὑετὸν
1389 5375 1480 5427 ἐπὶ
1504 5373 1602 5444 τὴν
1629 5377 1752 5445 γῆν,
1777 5378 1869 5431 καὶ

286 5461 525 5530 ’ποιησει
556 5460 589 5528 ὴ
618 5460 687 5530 γῆ
716 5459 784 5514 τὰ
806 5461 1033 5532 ἑκφόρια
1053 5463 1244 5532 αὐτῆς.
1277 5460 1445 5519 Εἶπεν
1477 5463 1532 5517 δὲ
1557 5467 1869 5533 Ἐπιφάνιος

308 5550 447 5622 πρὸς
470 5551 595 5613 τοὺς
620 5551 933 5622 ἀνθρώπους
951 5569 963 5583 ·
998 5553 1063 5605 Τί
1089 5571 1176 5624 μοι
1209 5556 1410 5618 κόπους
1439 5555 1730 5627 παρέχετε;
1775 5559 1867 5611 ἄν·

308 5641 527 5710 θρωπός
549 5638 657 5710 γὰρ
681 5642 995 5714 ἁμαρτωλός
1017 5646 1152 5713 εἰμι.
1174 5644 1284 5698 Καὶ
1305 5645 1463 5698 πλέον
1486 5665 1538 5700 τι
1567 5648 1725 5702 πάλιν
1775 5651 1870 5703 ἐπ·

306 5732 519 5787 εδέοντο
546 5732 880 5802 Ἐπιφανίου,
908 5738 1055 5800 ὅπως
1080 5736 1242 5801 αὐτὸς
1270 5738 1618 5805 προσεύξεται
1636 5740 1711 5809 τῷ
1762 5743 1871 5794 ωιλ-

381 5823 401 5850 ⁸
440 5819 598 5875 Miclt.
639 5837 688 5875 vt
714 5863 726 5883 ,
764 5825 815 5878 ὖ.

3406 4656 3527 4717 Fili.

1966 4747 2151 4817 accipe
2165 4748 2323 4802 aliam
2347 4746 2559 4810 cellam,
2580 4745 2704 4800 etin
2727 4761 2789 4801 ea
2808 4746 3042 4816 quietem
3064 4761 3160 4818 age
3189 4764 3201 4801 :
3228 4756 3280 4802 ct
3304 4749 3382 4805 sic
3408 4748 3528 4818 feci,

1964 4848 2019 4893 et
2038 4840 2273 4908 quietem
2303 4841 2596 4909 agebamus
2621 4838 2673 4893 in
2705 4838 3056 4897 monasterio,
3075 4838 3336 4913 [Hospitis
3353 4852 3531 4899 autem

1965 4932 2143 4985 locum
2184 4931 2464 4985 obtinebat
2494 4929 2878 5004 Epiphanius]
2994 4948 3000 4958 ·

2034 5020 2226 5076 xxm.
2290 5021 2427 5075 Cum
2480 5037 2608 5078 vero
2658 5021 2711 5077 in
2774 5025 2993 5096 regione
3025 5024 3344 5080 Phoenicum
3391 5037 3534 5084 essct

1966 5113 2139 5168 fames
2192 5114 2245 5168 in
2293 5112 2383 5167 illo
2412 5128 2577 5181 anno,
2626 5131 2820 5188 magna
2880 5115 3166 5173 multitudo
3210 5131 3531 5190 congregata

1966 5205 2139 5259 estad
2171 5206 2557 5276 Epiphanium,
2584 5224 2707 5278 quae
2735 5223 2859 5263 eum
2896 5207 3140 5277 rogabat,
3177 5208 3399 5268 dicens:
3433 5212 3536 5267 Fer

1967 5297 2125 5351 nohis
2189 5313 2368 5368 opem,
2403 5297 2581 5363 Pater,
2620 5313 2687 5353 ne
2732 5313 3060 5368 pereamus:
3112 5310 3166 5356 et
3210 5318 3334 5376 roga
3365 5305 3532 5362 Deum

1972 5395 2030 5441 ut
2054 5386 2144 5442 det
2171 5389 2327 5444 nobis
2361 5389 2601 5458 pluviam
2637 5404 2803 5459 super
2831 5397 3056 5460 terram,
3080 5402 3134 5449 et
3156 5402 3296 5451 terra
3325 5397 3534 5453 fructus

1972 5477 2250 5545 producat.
2310 5476 2455 5532 Dixit
2505 5487 2689 5533 autem
2754 5480 3069 5540 hominibus
3130 5486 3468 5556 Epiphanius
3516 5507 3531 5543 ι

1967 5568 2107 5633 Quid
2134 5571 2289 5633 mihi,
2319 5570 2515 5641 inquit,
2545 5571 2815 5630 exhibetis
2842 5577 3189 5633 molestiam?
3215 5582 3345 5635 Sum
3386 5581 3531 5636 enim

1973 5660 2135 5716 homo
2173 5672 2438 5733 peccator.
2496 5663 2708 5721 Rursus
2772 5683 2896 5723 eum
2956 5673 3215 5742 rogabant
3273 5681 3333 5725 ut
3384 5674 3534 5729 henl-

1972 5764 2134 5812 gnnm
2176 5760 2228 5806 et
2259 5753 2571 5810 clementem
2607 5754 2775 5813 Deum
2828 5773 3025 5818 oraret.
3072 5764 3118 5817 ts
3156 5771 3335 5818 autem
3393 5767 3530 5824 dixu
