3850 6517
444 503 514 560 95
1711 505 1768 561 S.
1811 502 2155 561 EPtPnANu
2192 504 2377 564 vlu.
3594 501 3665 562 9⁶

441 633 564 673 eum
606 633 635 672 a
687 619 912 690 genibus
956 619 1157 677 invasit
1195 620 1478 693 paralysis,
1519 620 1793 691 iacuitque
1836 620 1891 674 in
1931 619 2001 676 ie·
2029 624 2070 676 A
2099 622 2222 683 τοὺς
2250 620 2433 684 πόδας,
2465 620 2572 674 ἀπὸ
2621 621 2728 676 τῶν
2762 621 3001 690 γονάτων
3050 615 3142 674 καὶ
3198 617 3352 674 κάτω,
3389 617 3671 691 παρελύθη
3779 681 3784 685 ,

439 716 528 760 cto
557 717 759 780 septem
813 711 1116 766 mensibus.
1144 710 1197 767 is
1236 712 1303 767 ad
1354 710 1713 782 Epiphanium
1746 713 1894 768 misit
1945 712 1999 766 in

437 795 696 865 Cyprum,
726 809 785 857 ιιι
805 799 1012 854 veniret
1056 800 1110 853 in
1143 801 1365 871 regiam,
1403 809 1458 856 et
1484 816 1639 871 opem
1671 801 1835 858 ferret
1871 803 1996 858 sibi.

435 884 577 939 Cum
610 888 658 940 ei
699 897 878 943 autem
917 890 1321 954 occurrissent,
1344 891 1435 960 qui
1484 892 1637 946 missi
1676 891 1891 947 ruerant
1932 894 2003 947 ah

436 972 784 1043 imperatore,
812 977 1080 1048 urgebant
1108 978 1491 1049 Epiphaniam,
1526 991 1588 1036 ut
1611 983 1784 1038 exiret
1809 992 1999 1039 eterra

435 1061 781 1134 Cypriorum.
815 1065 892 1120 Ex
937 1083 1044 1137 qua
1084 1084 1207 1124 cum
1247 1084 1382 1139 opus
1420 1080 1567 1127 esset
1605 1072 1681 1127 ini
1720 1074 1995 1144 navigare,

434 1167 626 1209 omnes
667 1152 861 1209 fratres
912 1158 1184 1214 malebant
1230 1160 1390 1226 mori,
1439 1175 1600 1231 qnam
1646 1165 1850 1233 privari
1894 1178 1998 1217 suo

437 1253 606 1309 patre.
636 1243 779 1300 Cum
812 1246 846 1300 ii
898 1257 1100 1313 autem,
1147 1251 1240 1321 qui
1276 1251 1428 1307 missi
1465 1253 1679 1308 fuerant
1718 1255 1793 1309 ab
1827 1256 1999 1325 impc-

433 1343 640 1400 ratore,
681 1337 1032 1394 sollicitarent
1064 1339 1448 1411 Epiphaniam,
1491 1351 1552 1399 ut
1592 1346 1904 1401 ascenderet
1942 1348 1995 1401 in

435 1414 662 1493 regiam,
703 1427 837 1484 dixit
883 1430 962 1486 eis
1006 1430 1387 1503 Epiphanius:
1428 1434 1524 1500 lte,
1556 1450 1590 1489 o
1632 1437 1747 1502 (iiii,
1785 1438 1852 1493 ad
1894 1439 1999 1493 im-

432 1523 736 1582 peratorem
757 1534 773 1581 ;
797 1531 898 1589 ego
928 1520 1074 1575 enim
1104 1532 1227 1593 post
1257 1537 1354 1580 vos
1388 1525 1620 1582 venia-m.
1649 1526 1787 1583 Cum
1809 1529 1844 1584 ii
1868 1545 1998 1586 ret-o

431 1604 714 1662 dicerent:
751 1607 831 1665 Ne
876 1610 1192 1681 indigneris,
1224 1629 1264 1669 o
1289 1613 1484 1671 Pater:
1532 1617 1615 1673 sic
1657 1619 1800 1675 enim
1834 1620 1998 1690 jussit

434 1697 755 1767 irnperator;
799 1715 898 1756 nee
943 1717 1235 1772 possumus
1266 1706 1426 1761 aliter
1477 1705 1676 1776 facere,
1733 1725 1804 1766 ne
1859 1711 1998 1768 forte

430 1788 713 1843 veniamus
748 1790 798 1844 in
842 1791 1164 1860 periculum,
1208 1795 1445 1851 maxime
1493 1812 1619 1854 cum
1653 1808 1894 1870 aegrotet.
1942 1810 1998 1857 et

429 1885 582 1932 tuum
613 1878 899 1936 adventum
933 1892 1230 1952 exspectet,
1256 1900 1291 1941 o
1328 1884 1524 1943 Pater:
1553 1887 1644 1943 vix
1670 1903 1991 1968 persuasum

429 1976 512 2022 est
552 1967 869 2039 Epiphanio,
918 1980 977 2027 ιιι
1024 1987 1150 2028 cum
1177 1975 1258 2032 eis
1314 1977 1613 2049 navigaret.
1659 1977 1992 2050 Epiphanius

431 2059 644 2129 itaque,
681 2062 948 2118 accersito
978 2064 1393 2136 religiosissimo
1435 2069 1692 2139 episcopo
1742 2069 1990 2135 Philone.

425 2151 590 2220 jussit
620 2169 744 2207 eum
776 2168 965 2210 curam
995 2169 1182 2229 gerere
1211 2159 1554 2215 necessitatis
1582 2161 1989 2218 ecclesiasticae.

429 2241 749 2314 congregati
787 2256 914 2301 sunt
941 2257 1121 2303 autem
1160 2263 1352 2304 omnes
1384 2247 1575 2306 Patres
1601 2259 1656 2305 et
1680 2249 1901 2319 fratres,
1938 2261 1992 2308 et

425 2332 518 2401 qui
550 2335 816 2391 catechesi
856 2337 1087 2393 instituti
1129 2336 1346 2394 fueraut
1369 2340 1440 2394 ab
1467 2339 1810 2410 Epiphanio:
1850 2355 1991 2412 quos

426 2436 616 2480 animes
663 2426 840 2481 valere
896 2427 1201 2496 jussimus,
1261 2438 1318 2482 et
1370 2429 1748 2499 navigavimus
1794 2430 1861 2484 ad
1909 2445 1993 2484 re-

425 2509 591 2576 giam.
647 2510 814 2567 Nobis
856 2524 1038 2568 autem
1089 2515 1350 2584 ingressis
1422 2515 1984 2588 Constantinopoiim,

423 2600 976 2670 ipsc-ingrediebatur
1002 2619 1127 2658 eum
1172 2619 1386 2660 siumma
1422 2606 1605 2676 quiete
1636 2615 1691 2663 et
1721 2610 1987 2679 tranquil·

423 2685 593 2751 litate,
643 2705 807 2759 quam
836 2692 1152 2749 ostendebat
1182 2694 1458 2759 euntibus,
1495 2696 1697 2766 quibus
1726 2712 1987 2755 occurre-

423 2773 533 2832 bat.
577 2776 706 2833 Erat
739 2779 902 2851 igitur
930 2779 1271 2837 Theodosius
1320 2782 1620 2852 imperator-
1659 2795 1845 2842 mutus
1876 2803 1986 2854 prae

421 2865 630 2932 dolore,
642 2868 834 2938 jacens
857 2871 910 2925 in
928 2871 1087 2927 lecto.
1105 2871 1396 2942 Postquam
1413 2882 1596 2930 autem
1612 2877 1841 2932 accessit
1857 2876 1985 2952 Epi·

424 2955 652 3023 phanias
669 2959 733 3013 ad
752 2961 1152 3030 imperatorem,
1182 2965 1473 3034 imperator
1496 2964 1633 3020 dixit
1653 2967 1981 3037 Epiphanio,

422 3041 650 3100 Precare
675 3062 771 3116 pro
801 3064 907 3112 me,
928 3049 1108 3115 Pater,
1143 3061 1202 3105 ut
1229 3052 1598 3111 benevaieam.
1633 3053 1780 3112 Dixit
1802 3067 1979 3114 autem

422 3133 787 3207 Epiphanius:
811 3139 933 3211 Fiii,
960 3142 1118 3198 crede
1141 3141 1437 3210 Cruciflxo,
1480 3145 1792 3206 ethabebis
1829 3146 1981 3203 sani-

2101 709 2217 762 δλον
2246 709 2306 762 τὸ
2328 709 2491 780 μέρος
2521 710 2714 772 ἐκεῖνο,
2746 710 2841 763 καὶ
2864 705 2932 780 ἦν
2957 708 3205 778 κείμενος
3233 706 3326 759 ἐπὶ
3354 706 3451 775 τῆς
3476 706 3670 778 κλίνης

2101 800 2491 870 ἑπταμηνιαῖον
2522 800 2731 871 χρόνον.
2773 792 2939 862 Οὗτος
2968 796 3284 851 ἀπέστειλεν
3320 795 3454 867 πρὸς
3512 797 3669 856 ’Em-

2101 871 2288 957 φάνῖον
2316 890 2407 943 ἐπὶ
2429 893 2529 960 τῆς
2565 889 2847 961 Κυπρίων,
2872 889 3019 951 ὅπως
3041 886 3234 957 ἀνέλθῃ
3261 887 3353 938 ἐπὶ
3379 884 3477 956 τὴν
3513 883 3670 954 βασι·

2099 979 2217 1033 λίδα
2235 979 2646 1034 Κωνσταντίνου
2670 980 2822 1034 πόλιν
2838 1020 2853 1042 ,
2877 980 3023 1042 ὅπως
3048 977 3300 1048 βοηθήσει
3320 975 3665 1045 ὀδυνωμένῳ.

2099 1070 2210 1123 Καὶ
2235 1069 2300 1141 δὴ
2333 1072 2780 1143 καταντησάντων
2800 1069 2907 1124 τῶν
2934 1067 3349 1137 ἀπεσταλμένων
3388 1064 3541 1136 παρὰ
3569 1063 3667 1119 τοῦ

2100 1159 2381 1229 βασιλέως,
2402 1161 2691 1216 διεκώλυεν
2712 1161 2805 1216 τὸν
2858 1161 3173 1230 Ἐπιφάνιον
3200 1158 3261 1212 τὸ
3306 1157 3381 1229 μὴ
3430 1155 3668 1222 ἐξελθεῖν

2098 1250 2206 1303 ἀπὸ
2238 1252 2348 1322 τῆς,
2365 1251 2624 1324 Κυπρίων
2653 1254 2687 1324 ὴ
2712 1252 2889 1322 θλίψις
2916 1252 3013 1306 καὶ
3028 1250 3098 1304 τά
3115 1250 3323 1320 δάκρυα
3357 1247 3467 1302 τῶν
3508 1245 3664 1302 ἀδελ-

2098 1340 2232 1408 φῶν.
2270 1341 2398 1394 Ὂτε
2440 1341 2549 1414 γάρ
2572 1343 2820 1408 ἐξέπλεεν
2850 1343 2957 1400 ἀπὸ
2980 1343 3081 1413 τῆς
3109 1340 3405 1411 Κυπρίων..
3424 1339 3666 1402 &atavus

2095 1428 2147 1481 οἰ
2169 1428 2387 1498 ἀδελφοὶ
2407 1428 2633 1484 θάνατον
2661 1429 3108 1502 προσεκαλοῦντο.
3133 1429 3253 1482 Τῶν
3284 1428 3342 1481 δὲ
3389 1426 3666 1488 &nemn-

2100 1518 2276 1588 μένων
2304 1520 2456 1590 παρὰ
2479 1519 2572 1574 τοῦ
2606 1521 2870 1592 βασιλέως
2895 1519 3324 1577 ἐπισπευδόντων
3366 1517 3459 1572 τὸν
3508 1517 3667 1572 'Em-³

2098 1607 2306 1677 φάνιον,
2333 1609 2485 1674 ὅπως
2529 1610 2726 1682 ἀνέλθῃ
2765 1612 2859 1665 ἐπὶ
2884 1611 2984 1682 τὴν
3008 1609 3279 1682 βασιλίδα,
3318 1609 3514 1678 ἔλεγεν,
3525 1608 3666 1679 πρὸς

2094 1700 2289 1765 αὐτοὺς
2329 1701 2645 1771 Ἐπιφάνιος
2668 1718 2682 1732 ·
2719 1701 3042 1774 Πορεύεσθε,
3063 1702 3249 1764 τέκνα,
3275 1700 3412 1771 πρὸς
3432 1699 3524 1759 τὸν
3563 1699 3666 1769 βα-

2096 1791 2269 1858 σιλέα,
2311 1791 2468 1862 κᾲγὼ
2504 1791 2810 1865 πορεύομαι
2843 1789 3169 1851 κατόπισθεν
3212 1789 3401 1860 ὑμῶν.,
3437 1787 3557 1841 Τῶν
3605 1786 3667 1840 δὲ

2093 1880 2389 1948 λεγόντων·
2418 1882 2509 1952 Μὴ
2522 1882 2763 1954 δργίζου,
2792 1882 2994 1953 Πάτερ,
3021 1882 3102 1935 ὄτι
3129 1880 3381 1942 κέλευσις
3398 1877 3666 1950 βασιλέως
3780 1886 3787 1892 “

2098 1970 2267 2033 ἐστὶν,
2297 1971 2392 2024 καὶ
2421 1973 2489 2025 οὐ.
2513 1970 2789 2043 δυνάμεθα
2821 1972 3044 2042 ποιῆσαι
3072 1970 3263 2035 ἄλλως,
3295 1972 3503 2042 μήποτε
3550 1985 3667 2022 κιν-

2096 2059 2459 2131 δυνεύσωμεν,
2500 2062 2730 2132 μάλιστα
2766 2064 2825 2116 ἐν
2848 2061 3137 2136 ἀρρωστία
3175 2062 3324 2126 ὄντος
3373 2061 3469 2115 τοῦ
3511 2060 3667 2130 βασι·

2097 2149 2251 2214 λέως,
2272 2152 2366 2205 καὶ
2394 2152 2818 2223 προσδεχομένου
2842 2152 3367 2225 τὴν,.σὴν-άγγελίαν,
3393 2151 3439 2206 ὢ
3458 2152 3663 2222 Πάτερ·

2100 2241 2251 2311 μόλις
2280 2242 2505 2305 ἔπεισαν
2527 2242 2618 2298 τὸν
2652 2244 2969 2313 Ἐπιφάνιον
3002 2244 3263 2298 ἀποπλεῖν
3292 2245 3410 2315 μετ’
3458 2242 3669 2298 αὐτῶν.

2106 2332 2317 2401 ’0.γοῦν
2336 2334 2650 2404 Ἐπιφάνιος
2673 2336 3160 2406 μεταστειλάμενος
3192 2335 3285 2390 τὸν
3314 2333 3661 2404 θεοφιλέστα-

2091 2439 2183 2477 τον
2204 2424 2500 2479 ἐπίσκοπον
2522 2425 2752 2491 Φίλωνα,
2785 2426 3083 2498 ἐπέτρεψεν
3112 2426 3261 2498 αὐτῷ
3283 2426 3380 2496 τὴν
3407 2424 3661 2496 φροντίδα

2094 2510 2359 2570 ποιεῖσθαι
2391 2514 2489 2585 τῆς
2539 2515 3001 2588 ἐκκλησιαστικῆς
3053 2516 3263 2589 χρείας.
3312 2514 3663 2588 Συνῆχθησαν
3714 2580 3727 2587 ⁴

2092 2595 2186 2654 οὖν
2228 2602 2466 2679 ἅπαντες
2483 2607 2531 2658 οἱ
2562 2606 2824 2678 Πατέρες,
2856 2609 2950 2662 καὶ
2998 2608 3236 2679 ἀδελφοὶ,
3270 2610 3365 2662 καὶ
3422 2622 3664 2676 κατηχη-

2092 2691 2275 2757 θέντες
2304 2695 2456 2767 παρὰ
2485 2698 2800 2768 Ἐπιφανίου
2819 2718 2830 2731 ·
2863 2701 3228 2773 ἠσπασάμεθα
3281 2703 3543 2758 ἅπαντας,
3566 2692 3662 2756 καί

2089 2784 2516 2856 ἀπεπλεύσαμεν
2548 2791 2640 2842 ἐπὶ
2687 2790 2787 2860 τὴν
2827 2791 3089 2860 βασιλίδα.
3148 2786 3509 2844 Είσελθόντων
3560 2776 3656 2829 οὗν

2088 2875 2243 2945 ἡμῶν
2261 2878 2321 2930 ἐν
2348 2879 2753 2931 Κωνοταντίνου
2777 2879 2960 2938 πόλει,
2981 2872 3283 2943 ἀνηγγέλθη
3317 2868 3397 2940 τῷ
3444 2864 3657 2938 βασιλεῖ

2086 2965 2120 3032 ἠ
2146 2964 2416 3034 παρουσία
2438 2963 2776 3031 Ἐπιφανίου.
2798 2961 2904 3015 Τοῦ
2927 2961 2982 3013 δὲ
3013 2959 3275 3030 βασιλέως
3302 2958 3657 3017 κελεύσαντος
3687 3019 3691 3022 .

2086 3052 2311 3107 εἰσιέναι
2340 3054 2486 3123 ἡμᾶς
2518 3054 2575 3106 ἐν
2599 3055 2712 3116 τοῖς
2734 3051 3045 3124 βασιλείοις,
3089 3051 3300 3104 ἔσαινεν
3339 3046 3697 3116 Ἐπιφάνιος-.

2086 3143 2145 3196 ἐν
2168 3143 2337 3215 πολλῇ
2370 3145 2719 3200 καταστάσει.
2754 3140 2863 3200 Ἦν
2898 3144 2957 3202 δέ
3002 3145 3035 3196 ό
3085 3142 3334 3212 βασιλεὺς
3376 3136 3691 3206 Θεοδόσιος,δ

421 3237 602 3284 tatem.
635 3229 781 3309 Παῦε
801 3232 917 3287 sine
939 3233 1341 3291 intermissione
1356 3234 1525 3291 Deum
1553 3237 1610 3293 in
1629 3247 1755 3294 voto
1784 3247 1902 3304 tuo,
1925 3249 1981 3295 et
2088 3235 2162 3308 μὴ
2186 3235 2479 3307 δυνάμενος
2528 3235 2761 3306 λαλῆσαι
2793 3235 2901 3291 ἀπὸ
2921 3235 3023 3305 τῆς
3053 3233 3370 3305 ἀλγηδόνθςν.
3406 3230 3690 3299 κείμενος..

417 3335 577 3374 οιιιιιε
609 3323 807 3376 maium
838 3324 913 3378 tui
945 3339 1050 3377 non
1085 3324 1477 3381 dominabitur.
1507 3326 1765 3383 Miserere
1783 3344 1975 3385 eorum
2087 3326 2182 3380 ἐπὶ
2208 3327 2309 3398 τῆς
2349 3327 2557 3398 κλίνης·
2616 3328 2705 3391 Ὦς
2736 3323 2828 3382 Οὗν
2860 3329 3083 3399 {nucea
3115 3324 3439 3393 Ἐπιφᾶνῑος.
3459 3320 3541 3390 τῷ
3567 3319 3657 3390 βῡε

418 3412 511 3479 qui
529 3411 1205 3482 affliguntmnrtnominus
1223 3418 1300 3471 tui
1321 3418 1684 3474 miserebitur.
1705 3418 1839 3474 Esto
1859 3430 1981 3476 tan-

418 3516 583 3568 quam
617 3519 728 3565 rex,
757 3503 847 3574 qui
873 3506 1105 3560 honorat
1138 3522 1261 3563 eum
1309 3508 1403 3577 qui
1427 3508 1518 3562 dat
1549 3507 1599 3563 ei
1630 3517 1978 3578 potestatem,

424 3598 480 3644 et
504 3591 866 3662 ipse-adjiciet
894 3596 989 3649 tibi
1024 3597 1284 3666 majorem
1324 3598 1573 3668 gratiam.
1618 3597 1758 3654 Cum
1796 3609 1976 3653 autem

429 3681 759 3754 Epiphanius
790 3687 902 3742 haec
926 3687 1154 3744 dixisset
1177 3689 1514 3759 imperatori,
1543 3696 1597 3743 et
1617 3689 1978 3758 eia'ppropin-

419 3785 665 3843 quassat,
691 3787 745 3832 ct
775 3779 1040 3845 tetigisset
1065 3781 1184 3849 ejns
1211 3781 1745 3851 pedes,eumqueter
1772 3781 1982 3850 signas·

417 3872 518 3929 set,
548 3866 685 3921 dixit
715 3869 764 3922 ei
794 3887 808 3922 z
843 3867 965 3933 Fili,
989 3884 1150 3939 surge
1184 3885 1215 3925 e
1268 3870 1430 3926 lecto.
1480 3870 1605 3926 Hoec
1649 3885 1773 3926 cum
1807 3870 1979 3940 impe-

420 3965 570 4011 rator
599 3956 863 4014 audiisset
904 3959 973 4013 ab
1001 3959 1328 4029 Epiphanio,
1360 3962 1602 4016 surrexit
1633 3975 1664 4015 a
1705 3961 1847 4017 lecto
1885 3977 1979 4017 su-

424 4062 518 4118 pra
551 4048 738 4118 pedes,
771 4048 906 4104 nihil
934 4050 1159 4105 omnino
1191 4051 1396 4106 habens
1439 4051 1587 4106 maii.
1617 4049 1766 4106 Dixit
1795 4059 1976 4106 autem

415 4140 708 4209 imperator
730 4139 1030 4211 Epiphanio
1059 4161 1072 4197 ι
1110 4142 1290 4204 Pater,
1325 4142 1458 4196 mihi
1491 4157 1707 4210 semper
1747 4142 1939 4211 jubeto
1962 4182 1976 4205 ,

412 4238 476 4283 et
507 4244 607 4299 ego
656 4239 744 4285 tua
766 4233 918 4298 jussa
950 4247 1243 4302 exsequar.
1274 4231 1423 4287 Dixit
1455 4231 1791 4302 Epiphanius
1819 4249 1833 4286 z
1865 4230 1976 4285 lia-

417 4320 547 4375 hcas
572 4320 666 4379 Dei
701 4322 861 4377 verba
901 4324 956 4378 in
983 4324 1167 4380 animo
1198 4334 1327 4390 tuo,
1362 4334 1423 4380 et
1445 4338 1568 4378 non·
1586 4338 1722 4393 opus
1749 4323 1975 4379 habebis

416 4409 736 4480 Epiphanio.
764 4413 902 4468 Cum
944 4415 1062 4470 haeo
1096 4422 1309 4483 autem,
1344 4414 1518 4470 ethis
1551 4414 1707 4485 plura
1734 4414 1973 4484 impera-

413 4502 517 4556 tori
543 4502 768 4559 dixisset
796 4501 1163 4571 Epiphanius,
1189 4500 1338 4559 venit
1365 4513 1578 4573 tempus
1617 4503 1858 4573 prandii.
1886 4502 1977 4558 Di-

2088 3417 2245 3484 σιλεῖ,
2274 3412 2428 3473 εἶπεν
2464 3421 2493 3474 ὁ
2517 3418 2769 3490 βασιλεὺς
2798 3418 2933 3490 πρὸς
2963 3417 3278 3485 Ἐπιφάνιον
3301 3431 3315 3444 ·
3354 3410 3519 3476 Εὗξαί
3542 3428 3664 3482 μοι,

2086 3507 2287 3580 Πάτερ,
2316 3507 2465 3572 ὅπως
2493 3509 2740 3577 ὑγιαίνω.
2770 3502 2937 3561 Εἶπεν
2959 3506 3016 3559 δὲ
3054 3505 3368 3574 Ἐπιφάνιος
3398 3502 3478 3573 τῷ
3505 3502 3675 3572 βασι-ιΔ

2084 3596 2200 3651 λεῖ·
2248 3598 2498 3664 Πίστευέ,
2548 3598 2758 3663 τέκνον,
2785 3596 2863 3666 τῷ
2913 3596 3333 3666 ἐσταυρωμένῳ,
3364 3594 3461 3650 καὶ
3514 3592 3656 3669 ἕξεις

2083 3688 2288 3759 ταύτην
2324 3689 2699 3753 ἀδιαλείπτως.
2740 3689 2870 3758 Ἔχε
2918 3687 3009 3741 τὸν
3044 3688 3177 3742 Θεὸν
3210 3682 3349 3746 κατὰ
3388 3682 3656 3750 amimam}

2084 3779 2252 3832 κακὸν
2275 3780 2335 3833 οὐ
2364 3767 2641 3852 κυριεῦσει
2677 3795 2791 3833 σου.
2828 3778 2982 3831 Γίνου
3031 3777 3278 3849 ἐλεήμων
3321 3779 3432 3842 τοξς
3478 3775 3655 3843 θλιὸο-

2088 3869 2289 3940 μένοις,
2323 3869 2418 3924 ’καὶ
2448 3871 2546 3943 ἔσῃ
2583 3868 2885 3942 ἠλεημένος
2909 3870 3015 3923 ὑπὸ
3062 3869 3216 3923 Θεοῦ.
3249 3868 3404 3922 Γίνου
3450 3867 3526 3932 ὡς
3559 3867 3652 3938 βα·

2085 3960 2266 4025 σιλεὺς
2292 3961 2466 4033 τιμῶν
2490 3962 2580 4017 τὸν
2607 3961 2765 4016 δόντα
2805 3978 2889 4016 σοι
2918 3961 3017 4034 τὴν
3054 3959 3300 4027 ἐξουσίαν
3319 4001 3335 4025 ,
3368 3961 3464 4014 καὶ
3489 3959 3650 4022 αὐτὸς

2081 4050 2244 4104 δώσει
2272 4069 2353 4105 σοι
2382 4052 2603 4106 πλείονα
2632 4053 2814 4125 χάριν.
2843 4053 2953 4107 Καὶ
3001 4053 3175 4108 ταῦτα
3224 4050 3394 4106 εἰπὼν
3422 4048 3650 4119 Ἐπιφά-

2082 4156 2193 4202 νιος
2215 4140 2294 4209 τῷ
2324 4140 2549 4210 βασιλεῖ,
2602 4142 2847 4210 ἐγγίσας,
2898 4143 2993 4196 καὶ
3040 4144 3315 4213 ἁψάμενος
3343 4140 3509 4195 αὐτοῦ
3540 4140 3648 4194 τῶν

2085 4227 2279 4288 ποδῶν.
2324 4229 2420 4283 καὶ
2452 4229 2759 4300 σφραγίσας
2788 4231 2949 4283 αὐτὸν
2989 4232 3170 4301 τρίτον
3215 4229 3386 4294 sltem,
3418 4231 3650 4300 Ἐπιφά-

2082 4335 2193 4381 νιος
2221 4318 2302 4400 τῷ
2332 4318 2541 4390 βασιλεῖ
2558 4335 2571 4348 ·
2598 4320 2853 4386 Ἀνάστα,
2889 4322 3097 4386 τέκνον,
3130 4324 3280 4393 φησι,
3304 4322 3417 4393 τῆς
3438 4307 3646 4394 κλίνης·

2082 4407 2357 4462 πέπαυται
2400 4408 2509 4481 γάρ
2538 4410 2568 4462 ό
2617 4410 2777 4474 πόνος
2826 4411 2935 4465 ἀπὸ
2975 4410 3084 4465 τῶν
3113 4411 3309 4466 ποδῶν.
3363 4411 3548 4477 Ταῦτα
3590 4413 3645 4466 δὲ

2080 4497 2316 4564 ἀκούσας
2345 4499 2376 4552 ὁ
2407 4499 2657 4570 βασιλευς
2687 4494 2890 4565 εὐθέω’ς
2919 4501 3120 4575 ἀνέστη
3158 4503 3278 4562 άπὸι
3303 4503 3401 4572 τῆς
3428 4503 3641 4574 κλίνης,

414 4593 493 4647 xit
526 4608 655 4663 ergo
676 4592 1338 4664 Epiphaniusimperatori
1363 4613 1376 4649 ι
1407 4594 1574 4660 Vade,
1600 4594 1697 4662 mi,
1728 4595 1796 4649 ad
1827 4611 1975 4649 men·
2009 4615 2050 4670 D
2084 4590 2248 4662 μηδὲν
2270 4592 2435 4646 κακὸν
2462 4591 2600 4661 ἔχων
2619 4592 2713 4646 ἐπὶ
2741 4592 2865 4656 τοὺς
2895 4592 3061 4657 πόδας
3098 4592 3283 4647 αὐτοῦ.
3322 4589 3491 4648 Εἶπεν
3514 4593 3572 4648 δὲ
3613 4595 3644 4646 ὁ

413 4698 552 4749 sam,
574 4693 630 4739 et
655 4685 942 4740 benedices
963 4684 1316 4741 benefactori.
1348 4683 1478 4741 Erat
1512 4694 1694 4739 autem
1726 4682 1972 4755 Epipha-

415 4774 539 4830 nius
560 4773 771 4844 lepidus
804 4785 859 4830 et
896 4776 1160 4843 urbanus,
1195 4785 1250 4832 et
1265 4777 1471 4831 habens
1503 4789 1811 4831 sermonem
1838 4789 1974 4830 con-

412 4865 583 4920 ditum
631 4866 813 4920 divina
851 4866 1043 4933 gratia.
1091 4866 1156 4922 Et
1197 4867 1416 4937 quando
1447 4866 1502 4921 in
1537 4866 1789 4923 morbum
1831 4867 1958 4943 qui-3

413 4957 534 5011 dem
568 4957 752 5012 Romae
781 4956 968 5010 incidit
991 4956 1100 5011 filia
1127 4957 1442 5026 Theodosii,
1471 4967 1601 5014 tunc
1631 4959 1899 5014 Arcadius
1921 4966 1977 5012 et

418 5027 689 5103 Honorius
723 5046 943 5104 ruerunt
992 5047 1195 5110 Romae.
1245 5061 1300 5104 ct
1318 5050 1513 5105 versati
1569 5060 1694 5105 sunt
1746 5064 1870 5105 cum
1907 5031 1970 5103 ea

416 5141 576 5208 longo
613 5148 885 5208 tempore,
925 5139 1183 5209 quoniam
1211 5139 1322 5196 illic
1360 5150 1478 5195 crat
1509 5141 1625 5196 viro
1657 5139 1969 5210 conjuncta.

413 5233 547 5285 Cum
604 5247 733 5288 vero
781 5231 1044 5289 audiisset
1076 5231 1412 5287 Theodosius
1470 5230 1696 5287 Romam
1759 5231 1972 5287 venisse

414 5321 793 5391 Epiphaniam,
822 5336 1046 5378 curasse
1091 5321 1210 5393 ejus
1259 5321 1445 5386 tiliam,
1467 5330 1522 5376 et
1546 5321 1658 5375 filio
1680 5320 1802 5390 ejus
1831 5358 1846 5383 ,
1874 5322 1969 5391 qui

411 5422 526 5467 erat
556 5422 833 5478 mortuus,
861 5414 1024 5467 vitam
1077 5412 1410 5478 reddidisse,
1454 5409 1859 5478 Arcadiumque
1916 5419 1974 5468 et

413 5503 709 5557 Honor-ium
741 5512 929 5572 postea
983 5497 1348 5568 illuminasse,
1388 5517 1583 5573 magna
1612 5514 1696 5558 est
1740 5502 1969 5558 affectus

413 5591 614 5647 laetitia.
656 5591 774 5658 Quo
801 5593 1142 5657 factumest,
1175 5602 1233 5648 ut
1261 5592 1516 5662 deinceps
1559 5591 1626 5646 ad
1670 5605 1795 5644 eum
1826 5590 1970 5645 scri·

416 5682 578 5745 beret,
617 5693 873 5752 tanquam
922 5683 988 5737 ad
1049 5691 1280 5752 patrem.
1313 5681 1486 5736 Porro
1514 5697 1637 5736 eum
1688 5696 1787 5737 nos
1818 5695 1969 5735 csse-

415 5788 533 5827 inus
543 5771 1027 5844 Constantinopoli,
1052 5772 1218 5827 Ruina
1236 5781 1497 5827 venerunt
1519 5770 1782 5826 Arcadius
1797 5779 1849 5825 ct
1868 5769 1966 5825 ilo·

412 5863 619 5930 noriuS,
637 5871 689 5919 ct
704 5864 860 5922 laetati
875 5873 1021 5931 sunt,
1054 5864 1193 5936 quod
1221 5864 1549 5920 invenissent
1578 5861 1961 5935 Epiphaniam.

2079 4680 2332 4751 βασιλεὺς
2345 4682 2481 4752 πρὸς
2503 4682 2813 4752 Ἐπιφάνιον
2832 4701 2846 4714 ·
2879 4684 3033 4739 Γίνου
3060 4701 3169 4756 μοι,
3188 4684 3388 4755 Πάτερ,
3406 4683 3641 4738 κελεύων

2076 4770 2454 4835 ἀδιαλείπτως.
2496 4773 2590 4827 καὶ
2621 4775 2920 4845 γενήσομαι
2976 4775 3036 4827 ἐν
3074 4775 3240 4828 πᾶσιν
3286 4772 3641 4846 πληροφορῶν

2077 4875 2158 4914 σε.
2186 4855 2349 4914 Εἶπεν
2369 4862 2427 4915 δέ
2450 4861 2765 4931 Ἐπιφάνιος
2802 4862 2881 4934 τῷ
2915 4860 3155 4934 βασιλεῖ·
3214 4864 3355 4933 Ἔχε,
3375 4865 3502 4927 τοὺς
3545 4849 3639 4916 τοῦ

2076 4951 2208 5004 Θεοῦ
2228 4951 2417 5021 λόγους
2444 4955 2581 5008 κατὰ
2599 4954 2776 5026 ψυχήν
2800 4969 2912 5018 σου,
2938 4956 3031 5009 καὶ
3060 4954 3245 5026 χρείαν
3270 4954 3355 5025 μὴ
3378 4954 3469 5024 ἔχε
3490 4955 3641 5006 *Em-

2076 5046 2289 5113 φανίου.
2319 5045 2503 5101 Ταῦτα
2526 5038 2583 5102 ὁὶ
2607 5049 2776 5104 εἰπὼν
2815 5050 3133 5119 Ἔπιφάνιος
3180 5047 3259 5118 τῷ
3285 5047 3513 5118 βασιλεῖ,
3548 5046 3639 5100 καὶ

2076 5133 2297 5189 πλείονα
2323 5135 2547 5203 τούτων,
2600 5137 2831 5207 ἔφθασεν
2864 5139 3055 5210 καιρὸς
3090 5137 3200 5198 τοῦ,
3234 5137 3477 5208 ἀρίστου.
3530 5137 3638 5189 Καὶ

2076 5221 2228 5279 εἶπεν
2257 5224 2571 5294 Ἐπιφάνιος
2600 5227 2677 5300 τῷ
2731 5228 2972 5304 βασιλεῖ·
3032 5227 3497 5296 Βάδιζελτέκνον,
3546 5227 3638 5279 ἐπὶ

2073 5317 2371 5388 τραπέζης,
2393 5318 2611 5393 καὶέσῃ
2653 5320 2886 5389 εὐλογῶν
2930 5321 3023 5374 τὸν
3068 5319 3383 5390 εὐεργέτην.
3447 5313 3554 5370 Ἦν
3580 5318 3636 5369 δὲ

2075 5410 2387 5478 Ἐπιφάνιος
2418 5411 2625 5483 χαρίεις
2651 5450 2667 5474 ,
2726 5412 2822 5467 καὶ
2875 5409 3166 5474 πολιτικὸς,
3212 5410 3305 5471 καὶ
3339 5406 3432 5462 τὸν
3480 5406 3636 5476 λόγον

2074 5499 2212 5570 ἔχων
2234 5500 2534 5570 ἠρτυμένον
2565 5502 2644 5572 τῷ
2671 5501 2799 5572 θείῳ
2822 5501 2997 5554 ἅλατι.
3033 5500 3163 5554 Ὀτε
3186 5496 3278 5552 οὖν
3311 5497 3636 5570 περιέπεσεν

2071 5592 2104 5661 ἡ
2134 5590 2379 5662 θυγάτηρ
2411 5590 2691 5644 Θεοδοσίου
2722 5592 2800 5654 είς
2820 5590 2881 5643 τὸ
2908 5589 3076 5653 πάθος
3104 5588 3198 5642 ἐπὶ
3243 5589 3342 5659 τῆς
3393 5587 3631 5659 Ῥώμης,

2072 5682 2105 5752 ἠ
2139 5679 2339 5751 ἀδελφὴ
2389 5680 2670 5751 Ἀρκαδίου
2725 5681 2822 5735 καὶ
2869 5680 3154 5753 Ὀνωρίου,
3188 5679 3307 5734 τότε
3342 5680 3435 5734 καὶ
3480 5680 3637 5733 αὐτοί

2073 5772 2429 5843 παρεγένοντο
2446 5773 2538 5828 ἐπὶ
2561 5775 2661 5843 τῆς
2686 5769 2923 5843 Ῥώμης,
2953 5771 3047 5825 καὶ
3073 5770 3334 5844 ἐποίησαν
3364 5773 3631 5842 πενταετῆ

2071 5863 2258 5934 χρόνον
2320 5864 2436 5933 μετ’
2490 5863 2677 5935 αὐτῆς,
2717 5863 2798 5916 ὅτι
2850 5865 2964 5917 ἐκεῖ
2998 5856 3067 5933 ἦν
3116 5860 3401 5932 ζευχθεῖσα
3456 5860 3629 5930 ἀνδρί.
