3850 6517
299 461 438 519 ¹¹85

933 455 1301 513 ADVERSUS
1337 454 1683 512 BAERESES
1717 455 1849 510 un.
1912 455 1977 509 n.
2019 454 2186 512 Tou.
2228 456 2268 512 1.
2308 490 2379 503 --
2417 458 2692 517 uAERES.
2732 459 2918 517 Lxlv.

295 579 446 653 vap&
483 579 577 634 σοῦ
622 577 1088 650 καινοτομουμένη
1143 576 1465 647 κενοφωνία.
1517 576 1636 649 Πρδ
1669 576 1840 631 πόσου
1864 576 1880 607 ¹
1912 582 1960 637 A
1986 575 2124 646 ejus,
2158 586 2210 633 et
2242 577 2396 649 ejecit
2439 580 2565 635 illos
2592 596 2620 634 e
2649 580 2931 649 paradiso.
2971 578 3140 637 Vides
3171 594 3336 652 quam
3382 580 3567 655 inepta

294 672 408 743 γὰρ
428 670 619 742 χρόνον
647 664 790 740 ἦσαν
821 666 1052 740 σώματα
1075 672 1189 733 τοῖς
1215 668 1347 729 περὶ
1364 669 1456 722 τὸν
1492 668 1686 740 Ἀδάμ.

364 942 499 1012 EG.
534 944 599 997 Εί
649 942 707 996 δὲ
736 942 893 997 τοῦτό
932 958 992 995 σε
1040 942 1354 1013 ἀνακρίνει.
1394 942 1491 997 καὶ
1534 941 1595 995 οὐ
1649 940 1878 996 δύνασαι

292 1035 543 1106 ψυχικῶς
591 1035 972 1105 διανοούμενος
1003 1032 1101 1087 τοῦ
1127 1032 1445 1105 Πνεύματος
1481 1033 1738 1101 δέξασθαι
1779 1032 1879 1103 τὴν

294 1125 458 1197 χάριν
482 1164 498 1186 ,
529 1124 729 1179 ἄπιστε
758 1165 773 1187 ,
808 1126 906 1178 καὶ
941 1123 1199 1178 ἐπέκεινα
1231 1124 1341 1177 τῶν
1383 1124 1631 1178 ἀπίστων
1670 1124 1878 1196 τυγχά-

292 1232 400 1269 νων
423 1232 438 1245 ·
464 1214 590 1284 λε’γε
622 1231 714 1285 μοι
744 1214 982 1281 ἑκάστην
1025 1214 1284 1269 ὑπόθεσιν
1309 1217 1374 1268 ὲκ
1399 1213 1536 1268 Θεοῦ
1567 1216 1875 1283 γεγονυῖαν,

296 1306 474 1376 πόσην
516 1306 629 1374 ἔχει
665 1304 763 1376 τὴν
798 1305 1243 1377 θαυματουργίαν
1285 1306 1378 1372 καὶ
1416 1305 1721 1378 ἐκπληξιν;
1771 1304 1878 1359 Πό-

295 1398 389 1452 θεν
416 1397 477 1464 ἐξ
508 1398 611 1452 οὐκ
635 1398 806 1451 ὄντων
835 1397 1067 1470 οὐρανὸς
1093 1398 1318 1452 τέταται
1360 1400 1418 1451 ὲν
1446 1397 1709 1471 μετεώρῳ
1743 1398 1879 1452 ἀνα-

292 1490 739 1560 πεπετασμένος;
776 1489 949 1543 Πόθεν
987 1489 1292 1561 ὲστιλόὠθη
1320 1492 1349 1543 ό
1379 1489 1559 1562 ἣλιος,
1603 1492 1701 1545 καὶ
1731 1490 1881 1544 ἐκτί-

294 1582 427 1651 σθη,
470 1582 564 1634 καὶ
593 1580 814 1652 σελήνη,
851 1581 947 1635 καὶ
976 1580 1045 1634 τὰ
1070 1581 1246 1654 ἄστρα
1266 1601 1281 1649 ;
1304 1584 1401 1636 Ἐκ
1424 1583 1580 1635 ποίου
1605 1581 1879 1655 πρωτοτύ-

293 1692 400 1729 που
461 1675 593 1747 ὕλης
646 1673 855 1744 ἐλήφθη
911 1675 944 1743 ὴ
993 1674 1101 1745 γῆ,
1138 1675 1196 1741 ἐξ
1234 1676 1336 1729 οὐκ
1372 1676 1542 1729 ὄντων
1578 1674 1875 1745 γινομένης

305 1768 438 1821 Ἀπὸ
479 1768 645 1821 ποίων
689 1767 905 1837 φύσεων
945 1768 1157 1840 ἐτμήθη
1212 1768 1281 1822 τὰ
1328 1768 1465 1839 ὅρης
1505 1767 1677 1821 Πόθεν
1708 1769 1741 1837 ὴ
1779 1766 1878 1820 σύ-

292 1874 482 1921 στασις
514 1857 635 1910 ὅλου
683 1857 779 1910 τοῦ
834 1858 1082 1929 κόσμου,
1131 1860 1165 1930 ἡ
1204 1859 1264 1925 ἐξ
1307 1859 1408 1912 οὐκ
1441 1858 1609 1911 ὄντων
1641 1858 1720 1930 τῷ
1756 1856 1881 1928 Θεῷ

1982 668 2055 724 sit
2087 683 2225 723 nova
2263 669 2355 724 illa
2383 685 2416 724 a
2446 678 2501 726 te
2548 671 2855 742 excogitata
2887 678 2944 727 et
2985 670 3168 728 inanis
3192 671 3397 742 opinio.
3427 669 3564 728 Nam

1981 757 2264 829 aliquanto
2289 767 2417 817 ante
2442 768 2692 833 tempere
2711 776 2947 835 corpora
2969 762 3133 833 primi
3163 762 3340 819 nostri
3373 777 3568 833 paren·

1981 856 2066 905 tes
2097 848 2428 905 habuerunt.

2051 936 2237 991 vat.
2278 937 2436 1005 Quod
2481 938 2530 995 si
2579 946 2634 995 te
2674 938 2811 995 illud
2841 939 3142 1006 examinat,
3180 955 3361 1011 neque
3403 949 3564 1011 potes

1980 1029 2276 1085 animalem
2308 1030 2363 1084 in
2389 1030 2614 1085 modum
2651 1031 2756 1085 ista
2785 1031 3040 1101 cogitans
3074 1031 3301 1103 spiritus
3332 1033 3568 1103 gratiam

1980 1121 2283 1191 percipere.
2341 1135 2376 1176 o
2407 1119 2644 1176 inlidelis
2675 1120 2840 1178 homo
2869 1129 2926 1177 et
2953 1121 3270 1178 infidelibus
3301 1121 3563 1189 deterior,

1981 1211 2077 1266 die
2105 1211 2272 1283 596
2299 1211 2434 1266 inihi
2481 1211 2647 1268 sodes
2690 1220 2959 1283 quantum
3010 1214 3440 1284 unumquodque
3470 1212 3568 1270 Dei

1979 1317 2121 1373 opus
2171 1303 2338 1358 habet
2389 1302 2681 1359 miraculi?
2740 1303 3031 1370 Quomodo
3061 1305 3266 1360 coelum
3296 1320 3367 1360 ex
3392 1305 3566 1361 nihilo

1981 1394 2038 1449 in
2091 1393 2320 1449 sublimi
2351 1402 2664 1463 porrectum
2697 1403 2783 1450 est
2813 1403 2871 1450 et
2899 1397 3244 1467 expansum?
3279 1396 3566 1454 Undenam

1981 1485 2118 1541 solis
2156 1484 2249 1540 ille
2283 1484 2467 1556 fulgor
2509 1499 2779 1541 accensus
2836 1495 2941 1551 est,
2997 1495 3091 1544 aut
3137 1489 3229 1545 ille
3275 1491 3395 1562 ipse
3437 1505 3564 1549 cum

1982 1574 2113 1629 luna
2176 1574 2567 1646 sideribusque
2624 1576 2933 1632 conditus!
3001 1578 3253 1646 Quanam
3315 1597 3446 1637 vero
3497 1597 3566 1638 ex

1980 1666 2164 1738 priore
2191 1666 2423 1721 materia
2445 1668 2713 1723 translata
2742 1676 2888 1723 terra
2910 1677 3017 1736 est,
3041 1686 3163 1743 quae
3190 1683 3368 1730 estex
3393 1674 3568 1731 nihilo

1980 1758 2286 1827 producta?
2312 1758 2565 1825 Quonam
2588 1775 2656 1815 ex
2685 1770 2900 1830 naturae
2920 1779 3122 1833 genere
3149 1775 3363 1823 montes
3391 1767 3567 1824 excisi

1980 1850 2150 1905 sunt?
2204 1848 2358 1906 Unde
2409 1851 2583 1907 totius
2633 1852 2881 1908 universi
2919 1858 3263 1922 constitutio,
3302 1875 3469 1929 quam
3498 1876 3566 1917 ex

292 1949 618 2020 πορισθεῖσα
643 1966 658 2014 ;
696 1950 869 2004 Πόθεν
904 1949 1015 2003 τῶν
1060 1949 1237 2018 νεφῶν
1287 1953 1321 2023 ἡ
1375 1950 1666 2015 σύστασις,
1700 1950 1736 2022 ἢ
1771 1950 1877 2006 ὑπὸ
1905 1935 1950 1990 Β
1977 1942 2150 1997 nihilo
2180 1942 2322 1997 Deus
2349 1943 2604 2014 peperit!
2637 1945 2749 2000 Aut
2777 1947 2925 2003 unde
2950 1950 3125 2006 nubes
3148 1952 3392 2009 conflatae
3415 1961 3566 2018 sunt,

291 2042 431 2110 θίξιν
479 2036 672 2096 σκέπει
704 2043 796 2097 τὸν
825 2044 1096 2115 οὐρανόν;
1143 2042 1315 2097 Πόθεν
1359 2042 1455 2097 τοῦ
1491 2043 1754 2109 κώνωπος
1783 2043 1879 2098 καὶ

293 2134 392 2206 τῆς
446 2134 671 2202 σκνιφὸς
702 2133 791 2187 διὰ
835 2135 1257 2205 προστάγματος
1284 2134 1423 2188 Θεοῦ
1475 2134 1555 2205 τῷ
1586 2135 1879 2205 θεράποντι

292 2223 459 2278 αὑτοῦ
486 2224 693 2294 Μωῦσῇ
735 2224 764 2276 ό
790 2224 1091 2294 πορισμός;
1141 2223 1265 2287 Πῶς
1298 2224 1396 2294 τὴν
1431 2223 1647 2295 ξυλίνην
1684 2223 1878 2295 ρἁδον

289 2317 370 2377 εἰς
409 2314 534 2381 ὅφιν
567 2313 864 2382 μετέδαλεν
893 2314 1318 2386 ὲπεψυχωμένον
1347 2317 1442 2369 καὶ
1464 2315 1737 2387 ἓρποντα;
1769 2313 1878 2367 Πό-

290 2405 382 2459 θεν
407 2406 473 2475 τῇ
506 2404 651 2474 χειρὶ
676 2401 771 2455 τοῦ
810 2403 1092 2467 Μωῦσέως
1134 2404 1213 2474 τῷ
1238 2408 1318 2468 είς
1357 2406 1512 2475 χιόνα
1544 2404 1879 2476 μεταδάλλε-

292 2495 458 2560 coam
487 2493 645 2549 ϋῦτω
685 2494 782 2546 καὶ
830 2494 953 2546 τότε
984 2493 1253 2566 ἠθέλησεν
1290 2496 1320 2547 ὁ
1368 2495 1502 2559 Θεὸς
1524 2535 1539 2559 ,
1579 2490 1625 2548 ὦ
1659 2494 1877 2561 ἄπιστε,

289 2587 387 2643 καὶ
432 2583 792 2657 δερματίνους
847 2583 1008 2654 φύσει
1043 2583 1280 2655 χιτῶνας
1318 2585 1447 2640 ἀνευ
1502 2584 1658 2650 ζώων
1682 2626 1698 2650 ,
1750 2587 1879 2641 ἄνευ

289 2679 486 2750 τέχνης
531 2677 677 2740 τινὸς
742 2676 1095 2748 ἀνθρωπίνης
1155 2678 1252 2731 καὶ
1305 2677 1658 2750 πολυμόρφου
1707 2680 1880 2750 ἔργα·

292 2769 447 2833 σίας,
480 2768 600 2839 ἅμα
630 2766 800 2821 θέλων
832 2768 1059 2838 ἐποίησε
1109 2768 1223 2831 τοῖς
1254 2767 1384 2838 περὶ
1419 2767 1511 2820 τὸν
1557 2767 1730 2839 ’Δδάμ
1751 2784 1766 2797 ·
1802 2767 1881 2832 ὡς

290 2860 544 2932 ἀπαρχῆς
576 2861 691 2930 ἅμα
721 2858 953 2930 ἠθέλησε
978 2897 996 2924 ,
1042 2859 1141 2913 καὶ
1198 2859 1430 2932 οὐρανὸς
1472 2859 1565 2916 καὶ
1600 2860 1670 2914 τὰ
1699 2860 1880 2913 πάντα

288 2953 602 3023 γεγένηται.
640 2951 751 3003 Καὶ
803 2951 934 3021 περὶ
970 2947 1179 3003 τούτων
1217 2949 1480 3014 πολλάκις
1527 2948 1740 3021 ἔφημεν
1784 2948 1882 3002 καὶ

289 3044 350 3097 tv
395 3042 576 3107 ἀλλοις
617 3043 839 3107 τόποις,
884 3041 979 3095 καὶ
1005 3042 1287 3114 ἀνωτέρω.
1327 3042 1440 3097 Καὶ
1470 3044 1585 3105 τοῖς
1622 3042 1723 3112 μὲν
1757 3040 1881 3112 βου-

288 3132 544 3204 λομένοις
577 3132 639 3186 τὸ
667 3132 767 3204 ζῇν
802 3133 1068 3203 σύντομος
1094 3134 1129 3204 ἡ
1162 3132 1429 3204 σωτηρία,
1464 3133 1562 3187 καὶ
1598 3132 1883 3202 εὐθυέλεγ-

288 3227 473 3297 κτοςή
502 3226 835 3280 κακοπιστία
861 3242 875 3255 ·
907 3228 1020 3290 τοῖς
1052 3225 1112 3279 δὲ
1145 3224 1222 3297 μὴ
1250 3224 1466 3280 θέλουσι
1496 3224 1559 3279 τὸ
1579 3225 1682 3296 τῆς
1705 3241 1881 3296 σωτη·
1906 3265 1952 3324 c

291 3316 415 3391 ρίας
454 3316 849 3382 καταδέξασθαι
900 3316 1273 3372 διδασκαλεῖον
1323 3317 1446 3371 οὐδὲ
1503 3319 1534 3372 ὀ
1586 3319 1696 3381 πᾶς
1743 3314 1881 3371 αἰὼν

289 3412 427 3485 πρὸς
473 3410 728 3483 διαλογὴν
778 3410 1098 3485 ἐξαρκέσειε
1123 3450 1140 3475 ,
1199 3412 1596 3481 κωφευούσης
1648 3410 1737 3465 ἀεὶ
1782 3410 1883 3479 τῆς

288 3505 458 3578 ἀκοῆς
484 3502 665 3575 δίκην
699 3506 963 3574 ἀσπίδος
988 3545 1003 3569 ,
1043 3504 1144 3559 καὶ
1178 3504 1254 3559 τὰ
1283 3500 1406 3560 ὦτα
1428 3505 1714 3571 ,βυούσης
1732 3544 1748 3568 ,
1774 3500 1881 3557 τοῦ

287 3599 370 3670 μὴ
443 3598 887 3664 καταδέξασθαι
942 3596 1155 3666 φωνὴν
1220 3595 1570 3661 ἐπᾳδόντων
1587 3633 1605 3661 ,
1647 3609 1881 3661 φαρμα-

288 3691 500 3745 κυῦται
539 3693 560 3722 ¹
596 3686 1097 3755 φαρμακευομένη
1131 3684 1293 3751 παρὰ
1342 3684 1541 3753 σοφοῦ
1565 3722 1582 3749 ,
1623 3682 1766 3738 κατά
1789 3683 1883 3738 τὸν

290 3781 434 3832 θεῖον
458 3776 633 3840 λόγον.
662 3774 788 3834 Τοῖς
823 3772 882 3823 δὲ
916 3772 1053 3834 υἱοῖς
1089 3770 1189 3842 τῆς
1213 3770 1489 3843 ἀληθείας,
1524 3769 1700 3844 οἶμαι,
1735 3772 1883 3842 ὠφέ-

290 3864 580 3937 λιμος-οὐκ
615 3862 812 3932 ὀλίγως
836 3902 852 3926 ,
876 3860 982 3916 κάν
1011 3877 1073 3915 τε
1100 3861 1190 3916 διά
1215 3861 1449 3928 πλάτους
1481 3866 1510 3917 ὁ
1539 3864 1696 3933 λόγος
1722 3866 1878 3937 είρη·

296 3957 454 4031 μένος
494 3954 729 4012 ἐνταῦθά
762 3971 855 4027 μοι
880 3955 1080 4009 κεῖται.

363 4211 459 4267 ΞΖ’
516 4209 843 4282 Ἐλεύσομαι
869 4218 927 4271 δὲ
953 4214 1037 4275 εἰς
1056 4210 1150 4264 τὸν
1176 4212 1307 4283 περὶ
1327 4212 1681 4277 ἀναστάσεως
1699 4213 1881 4283 λόγον.

253 4349 270 4362 .
293 4302 467 4358 Ὅταν
520 4302 630 4375 γάρ
678 4302 1030 4377 ἐξαπατήσῃς
1076 4304 1207 4367 τοὺς
1272 4305 1637 4374 ἀγνοοῦντας,
1692 4307 1755 4362 τὸ
1788 4307 1882 4364 σὺν

293 4396 551 4468 φρόνημα
584 4395 1027 4466 ἀποδαλλόμενος
1049 4433 1065 4459 ,
1099 4389 1146 4448 ὦ
1178 4397 1531 4466 ματαιοπόνε,
1571 4398 1666 4454 καὶ
1695 4399 1880 4472 εἴπῃς·

294 4486 451 4550 Τινὲς
492 4486 602 4539 τῶν
644 4486 1036 4559 ἁπλουστέρων
1065 4486 1353 4558 νομίζουσι
1396 4490 1523 4553 τοὺς
1552 4490 1770 4554 ἀσεὸεῖς
1804 4490 1881 4563 μὴ

1979 2036 2183 2107 quibus
2214 2044 2439 2106 repente
2470 2038 2671 2092 coelum
2721 2039 3061 2096 obducitur?
3111 2042 3267 2100 Unde
3327 2046 3568 2102 culicum

1980 2127 2375 2199 cinipliumque
2411 2129 2521 2184 vim
2575 2129 2670 2184 Dei
2713 2130 2946 2201 imperio
2974 2149 3171 2191 servus
3201 2138 3324 2207 ejus
3355 2138 3570 2211 Μοςεισ

1980 2231 2305 2287 comparare
2336 2219 2562 2287 potuit?
2600 2219 2888 2285 Quomodo
2918 2223 3155 2293 ligneam
3191 2228 3404 2299 virgam
3445 2232 3572 2284 ani-

1980 2316 2193 2362 matum
2247 2322 2312 2363 ac
2366 2317 2748 2378 prorepentem
2798 2312 2855 2367 in
2919 2314 3201 2371 colubrem
3257 2321 3570 2376 convertit!

1981 2398 2085 2464 Qui
2117 2398 2230 2453 lieri
2269 2399 2447 2468 potuit
2477 2407 2535 2454 ut
2565 2399 2771 2472 Moysis
2802 2418 2998 2459 manus
3025 2405 3079 2459 in
3110 2406 3289 2462 nivem
3321 2423 3572 2466 commu·

1981 2490 2228 2544 taretur?
2269 2489 2360 2545 Sic
2393 2489 2558 2560 igitur
2586 2501 2640 2548 et
2670 2499 2787 2546 tum
2821 2491 2954 2561 Deo,
2994 2498 3313 2554 mortalium
3360 2499 3564 2557 inlide-

1981 2582 2214 2647 lissime,
2271 2580 2502 2651 placuit,
2568 2598 2631 2639 sc
2688 2585 2973 2655 pelliceas,
3030 2596 3086 2643 et
3131 2589 3354 2658 quidem
3406 2605 3570 2650 veras

1982 2672 2222 2734 tunicas,
2257 2671 2377 2725 sine
2416 2671 2541 2726 ullis
2568 2672 2925 2738 animalibus,
2961 2674 3082 2748 sine
3114 2677 3370 2733 huinanae
3425 2680 3568 2736 artis

1982 2776 2047 2817 ac
2095 2761 2421 2832 multiplicis
2464 2764 2650 2832 operis
2703 2762 3066 2834 adminiculo,
3118 2769 3313 2838 primis
3360 2772 3570 2829 nostris

1980 2853 2301 2922 parentibus
2331 2853 2499 2908 simul
2546 2862 2713 2925 atque
2744 2856 2913 2911 voluit
2946 2856 3187 2913 confecit
3217 2877 3232 2914 ι
3263 2874 3377 2915 non
3406 2876 3572 2919 secus

1982 2953 2149 3015 atque
2178 2943 2341 2999 initio
2378 2945 2541 3000 simul
2563 2960 2628 3000 ac
2670 2946 2864 3012 voluit,
2894 2950 3096 3005 coelum
3120 2956 3287 3021 atque
3316 2951 3572 3009 universa

1984 3035 2257 3107 producta
2285 3044 2437 3093 sunt.
2464 3037 2735 3093 Caeterum
2760 3039 2826 3095 de
2855 3039 2941 3096 his
2970 3056 3072 3097 nos
3103 3044 3328 3113 saepius,
3364 3054 3423 3101 et
3445 3044 3572 3103 aliis

1983 3130 2039 3185 in
2071 3129 2237 3195 locis,
2268 3139 2324 3186 et
2351 3145 2520 3201 supra
2547 3130 2971 3202 disputavimus.
3003 3136 3180 3205 Atque
3213 3135 3298 3192 liis
3321 3135 3567 3207 quidem,

1983 3222 2079 3292 qui
2136 3221 2264 3277 vitae
2312 3221 2591 3278 desiderio
2619 3230 2898 3289 tenentur,
2953 3227 3152 3283 salutis
3193 3235 3279 3283 est
3318 3228 3572 3301 expedita

1986 3316 2150 3380 ratio,
2176 3322 2232 3371 et
2264 3315 2629 3371 infidelissimi
2657 3316 2868 3370 erroris
2896 3314 3209 3374 consutalio
3258 3316 3467 3377 facilis.
3496 3316 3572 3375 lis

1986 3423 2138 3475 vero,
2187 3407 2284 3479 qui
2331 3407 2527 3464 salutis
2572 3407 2922 3479 disciplinam
2956 3421 3024 3463 ae
3061 3410 3434 3481 magisterium
3480 3424 3572 3466 rc·

1987 3499 2242 3570 pudiant,
2295 3514 2364 3553 ne
2408 3499 2684 3570 integrum
2732 3500 2954 3570 quidem
2995 3502 3258 3557 saeculum
3293 3508 3474 3574 potest
3499 3498 3571 3558 ad

1987 3588 2387 3661 disputandum
2437 3590 2717 3658 sume-ere,
2771 3605 2898 3647 cum
2929 3592 3149 3647 iliorum
3183 3606 3350 3650 sures
3377 3607 3573 3667 perpo-

1983 3688 2100 3746 tuo,
2137 3682 2339 3750 aspidis
2396 3684 2590 3747 instar.
2626 3684 3048 3751 obsurdescant,
3093 3703 3214 3759 σιω
3248 3705 3406 3745 aures
3442 3703 3574 3745 sn-

1983 3773 2237 3842 οὺάιιναι,
2278 3784 2338 3830 ιιι
2371 3792 2476 3831 non
2516 3776 2771 3832 exa-diae
2821 3795 2993 3835 vocem
3043 3781 3458 3847 incantantium,
3492 3796 3574 3839 σο-

1994 3865 2154 3934 »refici
2187 3865 2513 3921 incantantis
2565 3867 2849 3936 sapienter,
2902 3876 2965 3924 ut
3021 3869 3077 3924 in
3129 3870 3305 3924 sacris
3349 3867 3572 3927 Litteris

1982 3955 2249 4025 scriptum
2265 3963 2353 4011 est
2371 3956 2414 4012 ³.
2435 3954 2696 4013 Veritatis
2721 3973 2888 4029 porro
2910 3959 3036 4017 liliis
3058 3959 3566 4017 fructuosissimum

1983 4044 2135 4099 hunc
2187 4059 2501 4101 sermonem
2545 4048 2766 4105 conlido
2793 4049 2933 4120 lore,
2966 4051 3188 4107 tametsi
3221 4051 3384 4109 latius
3413 4051 3570 4108 illum

1983 4138 2090 4195 hoc
2115 4138 2240 4194 loco
2262 4153 2683 4209 persequamur.

2053 4228 2261 4285 vau.
2303 4231 2474 4287 Venio
2524 4233 2712 4304 itaque
2755 4233 2825 4289 sd
2883 4234 3190 4292 institutam
3247 4234 3318 4293 de
3374 4250 3566 4293 resur·

1984 4323 2234 4399 rectione
2282 4322 2738 4393 disputationem.
2800 4325 2936 4381 Cum
2968 4327 3114 4383 enim
3142 4328 3366 4399 ignaros
3401 4329 3568 4385 dece·

1983 4414 2157 4485 peris,
2186 4428 2252 4469 ac
2274 4421 2423 4469 tuam
2453 4417 2770 4488 opinionem
2798 4432 2899 4487 pro
2929 4433 3061 4474 vero
3084 4418 3342 4490 dogmate
3372 4419 3569 4489 subie-

1986 4505 2152 4567 ceris‚
2189 4503 2376 4575 itaque
2420 4506 2676 4563 dixeris:
2711 4507 2970 4565 Nonnulli
2999 4524 3032 4565 e
3086 4511 3410 4567 rudioribus
3461 4512 3568 4568 im-

291 4578 577 4646 τεύξεσθᾱῑ
616 4581 988 4643 &doubt-w<-
1085 4618 1878 4639 ·········
1908 4635 1961 4698 n
1988 4597 2110 4668 pios
2160 4609 2271 4650 non
2323 4604 2519 4668 putant
2557 4600 2981 4658 resurrectionis
3019 4612 3299 4674 compotes
3325 4602 3563 4660 futuros.

294 4765 371 4817 Οὐ
404 4764 563 4835 μόνον
590 4763 700 4835 γὰρ
727 4763 886 4817 τοῦτό
922 4763 1071 4816 ἐστιν
1096 4765 1156 4816 ἐν
1184 4763 1420 4836 σώματι,
1454 4765 1592 4821 ἀλλά
1620 4767 1715 4821 καὶ
1743 4767 1884 4821 κνώ-

293 4855 428 4909 δαλα
460 4854 520 4922 ἐξ
553 4855 710 4927 ἡμῶν
736 4854 954 4923 φύεται,
977 4854 1053 4920 ὡς
1089 4858 1285 4921 εἰπεῖν,
1315 4856 1536 4929 φθεῖρες
1558 4860 1654 4913 καὶ
1683 4858 1882 4925 κόνεις,

294 4946 417 5001 οὗτε
452 4947 610 5011 ἐκτὸς
629 4947 725 5002 τοῦ
760 4946 1015 5019 σώματος
1044 4947 1195 5013 ὄντα,
1223 4947 1351 5003 οὔτε
1380 4949 1490 5003 ἀπὸ
1510 4949 1603 5003 τοῦ
1631 4949 1886 5023 σώματος

293 5038 641 5109 λογιζόμενα.
670 5039 782 5091 Καὶ
808 5038 983 5102 οὐδείς
1013 5056 1145 5092 ποτε
1180 5040 1487 5113 ἐπεζήτησε
1520 5042 1669 5095 κόνιν
1693 5042 1794 5115 τὴν
1822 5044 1887 5097 ὲκ

293 5131 390 5185 τοῦ
413 5128 665 5200 σώματος
681 5133 1121 5203 ὲκκριθεῖσανείς
1139 5134 1507 5207 περιποίησιν,
1530 5134 1667 5189 ἀλλά
1687 5135 1887 5207 μᾶλλον

279 5225 377 5285 ἐἰς
403 5221 718 5292 ἀναίρεσιν·
757 5222 878 5275 οὐδὲ
911 5222 1209 5294 διαφθορὰν
1240 5224 1342 5297 τὴν
1369 5225 1427 5291 ἐξ
1463 5226 1632 5296 αὐτῆς
1659 5243 1888 5299 γεγενη-

304 5316 492 5385 μένην,
524 5316 646 5371 οὐδὲ
678 5314 884 5388 ζημίαν
927 5316 1029 5390 τὴν
1069 5315 1275 5389 ταύτης
1309 5318 1587 5374 ἀπώλειαν
1626 5321 1888 5395 ἡγησοιτό

299 5421 401 5466 τις.
434 5405 514 5457 T&
540 5407 635 5477 ἀφ’
659 5406 819 5480 ἡμῶν
849 5405 1067 5478 ῥυέντα,
1091 5407 1138 5458 εί
1168 5407 1262 5459 καὶ
1282 5405 1457 5473 οὕτως
1488 5410 1721 5482 ὑπάρχει
1743 5409 1889 5466 κατὰ

286 5495 389 5556 ,τὸν
419 5496 513 5550 σοῦ
547 5497 727 5567 λόγον,
772 5500 835 5553 οὐ
883 5497 1082 5570 μωρῶς
1118 5497 1249 5568 παρ’
1290 5498 1449 5569 ἡμῶν
1486 5499 1875 5574 ζητηθήσεται.

298 5587 435 5641 Οὐδὲ
469 5590 603 5653 Θεὸς
641 5592 814 5647 ταῦτα
855 5595 936 5657 εἰς
974 5588 1133 5664 ἡμῶν
1175 5588 1435 5644 σύστασιν
1476 5592 1695 5662 ἀγάγοι,
1744 5592 1883 5648 ἀλλά

299 5677 456 5750 δίκην
494 5684 667 5753 ῥύπου
707 5684 765 5751 ἐξ
804 5686 970 5739 αὐτοῦ
1009 5684 1104 5739 τοῦ
1151 5682 1367 5755 ίματίου
1403 5685 1759 5757 ὑπάρχοντος,
1786 5688 1884 5743 ἀπ’

376 5844 395 5877 ·
422 5839 483 5896 F.
518 5840 707 5895 ποσοῦ.
784 5842 806 5873 ¹
838 5837 1049 5896 Vitiosa
1085 5841 1273 5897 lectio.
1355 5839 1542 5899 ῬειιΙ.
1575 5857 1711 5911 nvn,
1752 5844 1804 5912 5,
1839 5845 1894 5903 6.

2054 4778 2216 4850 597
2238 4778 2359 4835 Non
2416 4780 2563 4836 enim
2602 4797 2771 4837 unum
2825 4783 2962 4839 illud
3031 4784 3177 4842 inest
3222 4785 3279 4842 in
3310 4799 3566 4860 corpore,

1982 4870 2078 4926 sed
2106 4884 2172 4925 ex
2207 4870 2367 4926 nobis
2404 4869 2571 4925 etiam
2615 4871 2805 4929 hestiae
2840 4883 3168 4941 naseuntur,
3208 4876 3447 4948 pediculi
3478 4877 3566 4932 vi-

1984 4960 2188 5017 delicet
2218 4975 2283 5016 ac
2339 4961 2526 5018 lendes
2561 4981 2575 5018 τ
2625 4980 2751 5035 quae
2779 4982 2960 5038 neque
2985 4974 3144 5024 extra
3194 4983 3400 5040 eorpus
3435 4979 3570 5026 sunt

1986 5069 2167 5123 neque
2198 5054 2254 5110 in
2281 5055 2531 5126 corporis
2554 5058 2666 5112 ulla
2696 5070 2854 5131 parte
2891 5070 3273 5119 numerantur.
3295 5061 3378 5119 Ac
3405 5075 3569 5118 neiuo

1984 5154 2263 5201 excretam
2314 5162 2382 5202 ex
2430 5162 2663 5220 corpore
2706 5165 2810 5207 suo
2843 5152 3076 5221 leudem,
3104 5161 3165 5210 nt
3196 5166 3567 5228 conservaret,

1986 5236 2224 5307 quaesiit,
2271 5238 2368 5294 sed
2416 5248 2477 5295 ut
2518 5251 2744 5299 necaret
2791 5246 3013 5316 potius;
3049 5262 3230 5317 neque
3254 5248 3461 5305 illatam
3498 5252 3571 5309 ah

1985 5343 2050 5384 ea
2100 5328 2397 5398 perniciem
2441 5332 2683 5390 asciscit.
2741 5332 2848 5391 Sed
2897 5351 3075 5407 neque
3111 5339 3158 5394 si
3192 5339 3404 5410 perdita
3472 5341 3569 5398 illa

1986 5418 2368 5492 exstinctaque
2395 5421 2582 5491 fuerit,
2610 5425 2664 5481 id
2691 5427 2744 5480 in
2771 5426 2973 5484 damno
3003 5431 3298 5501 reputabit.
3328 5431 3420 5489 Sic
3443 5447 3568 5506 qua

1988 5526 2020 5565 a
2056 5512 2219 5569 nobis
2248 5511 2546 5580 fluxerunt,
2587 5519 2804 5575 tametsi
2860 5521 2933 5576 ita
2988 5528 3081 5577 tua
3133 5522 3238 5580 sert
3283 5524 3493 5597 opinio,
3531 5539 3568 5581 a

1991 5604 2152 5661 nobis
2182 5606 2322 5676 ipsis
2356 5622 2704 5682 nequaquam
2738 5614 2940 5671 stolide
2972 5616 3345 5687 requirentur.
3380 5615 3567 5688 Neque

1992 5691 2086 5748 illa
2141 5692 2288 5755 Deus
2337 5696 2396 5754 in
2455 5699 2766 5764 conflandis
2830 5706 2996 5764 nohis
3057 5691 3567 5783 componendisque
