3850 6517
224 440 330 497 193
887 438 1254 502 ADVERSUS
1296 443 1635 501 tta-:misas
1690 445 1820 500 ΠΒ.
1865 446 1902 502 i.
1950 447 2114 504 Toxi.
2155 449 2197 504 l.
2240 479 2306 491 —
2344 449 2619 507 iiAEnsss.
2664 450 2800 510 i-lV.
3372 456 3476 515 tot

223 556 390 612 κυῶνι
414 553 478 610 ἃ
500 555 618 610 τότε
651 556 805 628 μόνοι
845 559 957 630 (3¹)
991 561 1384 627 ὲὸασιλεύοντο,
1420 560 1489 636 ἦς
1518 564 1791 634 βασιλείας
1821 571 1867 627 Α
1896 564 2215 623 Semiramis
2267 570 2509 641 Assyriis
2564 573 2937 644 imperabant;
2984 581 3219 645 quorum
3247 577 3474 646 aequalis

220 645 363 716 ἀρχὴ
391 649 613 714 γέγονεν
643 646 860 719 Εὔρωψ.
1899 655 2175 710 Abrabam
2214 656 2336 724 suit3
2368 660 2508 730 apud
2552 658 2834 733 AEgyptios
2864 679 2994 720 vero
3028 664 3240 720 decima
3279 671 3473 720 octava

221 740 475 811 dynastia
528 741 586 811 9
614 750 868 811 pra‘erat.
922 742 1144 815 Solique
1190 757 1305 803 tum
1356 765 1424 804 cx
1459 750 1724 807 omnibus
1770 751 1991 821 populis
2048 751 2291 824 Sicyonii
2347 758 2501 823 regio
2551 754 2833 811 dominatu
2872 758 3327 827 continebantur3
3370 771 3472 814 cu·-

217 828 311 900 ins
337 830 553 886 initium
589 832 658 886 ab
688 831 909 904 Europe
936 837 1238 906 profectum
1275 847 1378 894 est.

289 925 376 979 11’.
410 926 520 979 Καὶ
566 927 595 979 ὁ
625 926 758 990 Θεὸς
784 928 1095 998 ὲπιλέγεται
1125 932 1215 986 τὸν
1255 933 1503 1004 Ἀσραὰμ
1528 933 1608 1004 τῷ
1646 933 1797 1005 αὐτῷ
1968 930 2102 987 vni.
2133 931 2265 987 Post
2283 932 2400 987 liaec
2429 931 2618 987 eadem
2658 949 2766 1004 qna
2802 934 3126 992 catholicam
3160 949 3216 994 ει
3250 948 3473 1012 aposto·

216 1015 530 1087 χαρακτῆρι
582 1017 682 1086 τῆς
731 1017 895 1085 ἁγίας
946 1021 1242 1093 καθολικῆς
1291 1024 1385 1077 καὶ
1435 1025 1796 1095 ἀποστολικῆς
1896 1023 2056 1077 licani
2092 1022 2390 1078 Ecclesiam
2422 1023 2627 1093 ssgura,
2660 1034 2898 1095 notaque
2924 1027 3291 1083 Abrahamuni
3322 1032 3472 1102 eligit

231 1107 560 1177 Ἐκκλησίας
586 1109 646 1161 ὲν
675 1110 1014 1184 ἀκροὸυστίᾳ
1042 1115 1264 1178 πιστὸν,
1315 1116 1410 1169 καὶ
1447 1117 1505 1169 ὲν
1544 1115 1797 1186 εὐσεὸείᾳ
1897 1113 2076 1176 Dens,
2131 1114 2307 1170 virum
2361 1114 2416 1168 in
2476 1115 2742 1184 praepntio
2793 1116 3036 1183 fidelem,
3092 1132 3157 1173 ac
3211 1119 3472 1190 religiono

215 1195 548 1250 τελειότατον
567 1235 582 1260 ,
611 1199 668 1250 ὲν
691 1197 889 1267 γνώσει
917 1203 1214 1273 προφητῶν
1243 1205 1310 1270 ¹⁹,
1333 1205 1393 1258 ὲν
1422 1204 1525 1276 βίῳ
1561 1207 1794 1274 εὐαγγε-

216 1290 374 1363 λικὴν
423 1295 760 1364 κεκτημένον
815 1297 1186 1369 ἀναστροφήν.
1230 1297 1382 1350 Οῐκοι
1430 1297 1539 1367 γὰρ
1600 1296 1790 1365 γέγονε

215 1383 427 1454 πατέρα
463 1384 662 1454 τιμῶν,
698 1386 1032 1458 καλούμενος
1063 1388 1169 1441 ὑπὸ
1208 1387 1303 1441 τοῦ
1336 1387 1495 1456 λόγου
1515 1428 1529 1451 ,
1558 1388 1652 1440 καὶ
1681 1386 1791 1440 τῶν

213 1476 428 1529 οἰκείων
453 1477 897 1548 ἀπο-τασσόμενος
921 1520 936 1545 ,
967 1479 1287 1550 πειθόμενος
1323 1479 1381 1532 δὲ
1412 1478 1490 1548 τῷ
1517 1477 1788 1544 καλοῦντι,

211 1564 402 1638 ὥσπερ
450 1569 501 1620 οἰ
552 1569 681 1639 περὶ
710 1570 920 1639 Πέτρον
965 1570 1058 1623 καὶ
1103 1570 1357 1640 Ἀνδρέαν
1400 1570 1494 1622 καὶ
1543 1568 1791 1622 Ἰάκωὸον

211 1659 309 1713 καὶ
349 1659 623 1731 Ἰωάννην.
658 1660 770 1714 Καὶ
798 1662 885 1715 ἵνα
920 1663 995 1733 μὴ
1031 1662 1196 1716 πάλιν
1231 1662 1458 1733 μηκύνω
1480 1662 1572 1716 τὸν
1605 1660 1788 1729 λόγον,

213 1748 449 1804 συνελὼν
477 1750 603 1822 ἐρῶ.
642 1752 737 1815 Εἰς
767 1752 863 1822 ἔτη
898 1753 1005 1823 γὰρ
1038 1752 1237 1816 ἐλάσας
1271 1748 1425 1827 οὗτος
1458 1755 1488 1806 ὁ
1515 1753 1790 1823 πατριάρ-

1892 1205 2201 1277 pietateque
2241 1206 2729 1276 perfectissimum,
2768 1216 2934 1279 atque
2972 1217 3033 1264 ut
3069 1209 3297 1266 scientia
3340 1226 3470 1282 pro·

1892 1295 2072 1365 plietis
2101 1310 2286 1367 parem
2309 1338 2324 1364 ‚
2361 1297 2441 1352 sic
2469 1297 2534 1350 ad
2569 1298 2937 1367 evangelicam
2969 1299 3316 1370 disciplinam
3347 1304 3472 1357 vitae

1892 1389 2144 1443 instituto
2182 1394 2521 1458 provectum.
2552 1387 2679 1443 Erat
2708 1398 2821 1443 tum
2855 1389 3001 1445 domi
3048 1400 3255 1461 patrem
3291 1393 3474 1448 obser-

1891 1496 2048 1545 vans,
2089 1495 2214 1535 cum
2253 1479 2347 1536 Dei
2389 1482 2615 1535 oraculo
2643 1489 2871 1538 vocatus
2909 1483 3224 1540 domesticis
3263 1499 3470 1540 renun-

1892 1572 2069 1637 tiavit,
2111 1580 2166 1625 et
2208 1587 2331 1626 euin
2380 1586 2411 1625 a
2453 1586 2562 1644 quo
2607 1583 2834 1628 vocatus
2885 1582 3027 1639 erat,
3087 1581 3310 1630 secutus
3345 1581 3467 1643 est;

1896 1661 2356 1733 quemadmodum
2389 1661 2604 1727 Petrus,
2644 1663 2914 1729 Andreas,
2949 1664 3185 1720 Jacobus
3222 1670 3275 1720 et
3304 1663 3471 1721 δοεη-

1896 1763 1997 1802 nes
2053 1754 2244 1818 postea
2301 1746 2570 1804 fecerunt.
2622 1748 2699 1805 Ac
2749 1766 2817 1806 ne
2861 1751 3039 1808 denuo
3080 1753 3183 1808 siin
3233 1754 3467 1824 longior,

209 1856 313 1910 χης
347 1841 890 1912 ὲννενηκονταεννέα,
933 1843 1039 1896 ὑπὸ
1072 1842 1167 1895 τοῦ
1213 1843 1349 1896 Θεοῦ
1392 1843 1787 1914 χρηματίζεται
1823 1885 1863 1940 Β
1905 1838 2098 1908 paucis
2129 1838 2315 1892 onmia
2348 1840 2701 1909 complectar.
2725 1840 2864 1897 Cum
2896 1843 3063 1913 igitur
3090 1842 3158 1898 ad
3187 1843 3472 1915 nonagesi-

210 1933 290 1994 εἰς
324 1932 643 2002 περιτομήν.
687 1931 795 1984 Καὶ
822 1931 1048 2003 ἄρχεται
1077 1931 1290 1985 ἐνθένδε
1316 1935 1347 1985 ὁ
1386 1932 1672 2004 χαρακτὴρ
1695 1931 1789 1985 τοῦ
1896 1944 2044 1984 mum
2081 1944 2285 1984 nonum
2328 1932 2503 1987 aetatis
2539 1946 2740 1987 annum
2787 1934 3099 2004 patriarcha
3149 1935 3240 1992 ino
3283 1952 3471 2006 perve-

220 2021 555 2093 Ἰουδαῖσμοῦ
596 2023 736 2093 μετὰ
767 2024 858 2077 τὸν
899 2023 1274 2094 Ἑλληνισμόν.
1313 2023 1423 2078 Καὶ
1455 2019 1523 2094 ἦν
1557 2023 1658 2093 τῆς
1690 2021 1786 2076 τοῦ
1894 2021 2087 2085 nisset,
2106 2020 2173 2075 de
2191 2021 2615 2078 circumcisione
2634 2039 2663 2077 a
2686 2022 2797 2079 Deo
2819 2039 3140 2095 responsum
3161 2027 3371 2096 accepit
3394 2028 3465 2083 ²⁶·

209 2112 415 2183 κόσμου
440 2112 745 2183 καταδολῆς
778 2114 890 2185 (52)
924 2115 1146 2185 εἰκοστὴ
1177 2113 1369 2186 πρώτη
1396 2114 1579 2183 γενεὰ,
1609 2114 1706 2184 ἐτη
1731 2113 1789 2167 δὲ
1894 2111 2025 2168 lnde
2069 2111 2338 2167 Iudaismi
2384 2120 2513 2169 nota
2562 2123 2686 2185 post
2722 2115 2975 2186 gentilem
3020 2118 3466 2186 superstitionem

209 2204 476 2276 τρισχίλια
506 2205 829 2276 τετρακόσια
860 2207 1214 2278 τριακονταὲν
1234 2220 1248 2236 ·
1275 2206 1370 2259 καὶ
1392 2207 1423 2258 ὁ
1459 2204 1790 2275 Ίουδαῖσμὸς
1891 2202 2159 2273 originem
2193 2201 2405 2257 habuit.
2435 2203 2714 2273 Agebatur
2747 2213 2859 2259 tum
2891 2220 3067 2262 atinus
3100 2206 3287 2262 mundi
3322 2222 3469 2266 unus
3515 2241 3530 2255 ·

209 2294 381 2365 ἀρχὴν
413 2294 731 2365 ὲλάμδανεν.
761 2297 1067 2369 Σκυθισμὸς
1094 2297 1204 2369 γὰρ
1234 2298 1342 2350 ἀπὸ
1373 2295 1465 2350 τοῦ
1508 2295 1786 2350 κατακλυ-
1892 2303 1947 2348 ει
1998 2294 2310 2350 tricesimus
2348 2310 2513 2366 supra
2557 2304 2640 2351 ter
2688 2296 3039 2352 millesimum
3085 2312 3149 2352 ac
3198 2298 3463 2369 quadrin-

212 2385 349 2454 σμοῦ
374 2385 482 2455 (55)
513 2386 639 2456 ἄχρι
674 2385 770 2439 τοῦ
811 2387 1020 2461 πύργου
1057 2389 1151 2440 καὶ
1181 2387 1274 2441 τοῦ
1305 2387 1528 2460 Σερούχ.
1567 2386 1702 2442 Ἀπὸ
1728 2386 1787 2440 δὶ
1895 2385 2280 2457 geiitcsiniuin,
2315 2393 2475 2443 aetate
2512 2386 2581 2441 ab
2607 2386 2740 2444 orbe
2772 2386 2994 2444 condito
3034 2388 3204 2446 altera
3238 2399 3293 2446 et
3318 2390 3467 2448 vice·

279 2539 328 2570 θ’
359 2541 463 2607 Γρ.
494 2542 800 2612 προφήτην.
874 2545 920 2575 ¹⁰
952 2543 1089 2598 Gen.
1121 2559 1256 2611 xvii,
1287 2544 1372 2598 lo.

204 2700 477 2762 ¹tempore,
509 2709 616 2764 quo
642 2695 994 2767 Assyriorum
1033 2695 1348 2751 monarchia
1372 2697 1557 2765 coepit,
1603 2693 1775 2767 AEgy·

209 2764 351 2833 ptios
378 2777 639 2833 regnasse
662 2765 982 2828 dixerimus,
1008 2783 1133 2821 cum
1166 2767 1381 2821 illorum
1418 2765 1776 2836 primordium

206 2832 350 2886 circa
396 2848 600 2887 annum
624 2849 654 2888 a
680 2834 887 2890 diluvio
917 2836 1019 2890 155
1047 2836 1326 2899 inciderit,
1360 2834 1621 2889 detractis
1652 2835 1779 2888 toti-

205 2901 328 2956 dem
373 2906 531 2958 annis
572 2906 641 2958 ab
685 2905 970 2960 intervallo
992 2943 1007 2968 ,
1044 2905 1188 2975 quod
1217 2922 1247 2958 a
1281 2905 1487 2959 diluvio
1516 2906 1583 2959 ad
1613 2904 1778 2974 quin-

191 2978 319 3024 -tiiin
351 2970 637 3044 cambysis
674 2977 919 3044 elapsum
948 2984 1051 3038 est,
1111 2976 1241 3029 anni
1283 2982 1610 3044 supererunt
1644 2972 1780 3028 tuso

204 3042 273 3096 ab
292 3036 672 3113 Egyptioriim
701 3046 854 3099 initio
886 3043 954 3098 ad
981 3046 1289 3115 Cambysen
1323 3060 1518 3113 usque,
1550 3055 1605 3100 et
1645 3042 1780 3097 Per-

193 3124 384 3165 sarum
419 3113 475 3166 in
507 3112 742 3185 AEgypto
791 3115 1153 3176 dominatum,
1187 3129 1285 3184 per
1325 3113 1568 3168 Africani
1604 3114 1782 3185 dyna-

1885 2691 2043 2746 chain
2091 2682 2324 2761 Eiiropis
2359 2705 2503 2748 anno
2550 2706 2700 2758 xxii,
2760 2692 2854 2764 qui
2892 2702 2978 2750 est
3007 2696 3076 2752 ab
3110 2695 3265 2753 initio
3309 2699 3464 2772 regni

1885 2761 2126 2833 Sicyonii
2153 2776 2317 2821 mxiv
2343 2778 2357 2816 ι
2392 2777 2516 2815 nani
2551 2769 2770 2816 centum
2801 2779 2969 2834 prope
2991 2779 3056 2820 ac
3080 2769 3302 2839 triginta
3334 2770 3465 2825 anni

1887 2831 2031 2885 inter
2062 2838 2351 2900 utramque
2373 2831 2640 2910 epocham
2672 2833 2942 2901 interjecti
2967 2845 3115 2890 sunt.

1954 2901 2066 2971 (52)
2107 2900 2216 2954 Kal
2250 2901 2318 2954 ὲκ
2344 2917 2454 2968 της
2491 2900 2598 2954 τοῦ
2627 2903 2859 2971 κόσμου
2891 2905 3246 2973 καταδολῆς.
3281 2904 3340 2961 ln
3365 2923 3465 2964 su·

1886 2973 2103 3042 periore
2134 2983 2363 3024 numero
2391 2971 2460 3023 ab
2488 2970 2638 3025 orbis
2684 2971 2838 3025 initio
2870 2973 2937 3027 ad
2977 2975 3227 3046 εἰκοστὴν
3273 2980 3468 3045 γενεάν

1888 3041 2214 3095 numerabat
2242 3055 2417 3094 annos
2441 3039 2581 3093 5552
2602 3056 2614 3092 ε
2636 3041 2723 3094 cui
2748 3056 2973 3097 suminae
3004 3045 3143 3099 duos
3163 3054 3216 3099 ct
3240 3046 3465 3116 triginta

1888 3108 2080 3165 deesse
2110 3111 2173 3165 ad
2201 3107 2341 3162 Lxx
2382 3109 2671 3164 Senioruni
2700 3111 2984 3165 ratiocinia
3018 3114 3350 3170 iiionuiinus.
3371 3114 3467 3170 Vi-

195 3182 355 3245 stiae,
380 3183 434 3237 *si
464 3183 631 3245 lubet,
683 3185 1073 3253 dispensandi3
1110 3184 1257 3253 quod
1293 3185 1530 3238 otiosum
1584 3198 1649 3236 ac
1678 3197 1782 3236 nu-
1815 3183 1857 3242 C
1888 3181 2089 3234 cesima
2144 3180 2311 3248 γενεά
2333 3218 2351 3245 ,
2402 3181 2529 3249 quia
2572 3180 2779 3234 cainan
2830 3184 3330 3251 comprehenditur,
3380 3193 3466 3243 est

199 3253 544 3321 gacissiniuni
587 3260 696 3309 est.
745 3256 824 3307 Ad
856 3269 1164 3315 summani,
1192 3253 1288 3324 qui
1334 3248 1790 3323 AEgyptiacariim'

202 3320 468 3391 originum
501 3322 808 3388 historiam,
842 3327 1240 3392 veritatemque
1268 3323 1531 3392 consequi
1560 3322 1770 3381 studet,

201 3390 570 3460 postulatitias
596 3392 723 3445 illas
752 3394 1013 3460 Scaligeri
1044 3393 1325 3462 periodos,
1348 3399 1403 3447 ει
1433 3407 1650 3446 onmem
1676 3390 1778 3462 dy-

202 3462 504 3514 nastiarum
538 3474 791 3529 pompam
840 3463 1050 3531 rejiciat
1081 3477 1304 3517 necesse
1348 3469 1454 3525 est,
1519 3476 1583 3515 ac
1614 3461 1784 3515 certis

200 3543 260 3586 se
286 3543 556 3585 annorum
589 3530 891 3586 intervallis
922 3532 1213 3600 astringat.

271 3601 383 3672 (5¹)
412 3602 476 3654 Οἱ
509 3598 579 3651 ὲν·
617 3595 872 3654 Σικυῶνι
897 3599 965 3654 δὲ
995 3602 1192 3668 μόνοι.
1222 3600 1299 3654 Ex
1326 3599 1515 3655 eodem
1542 3596 1783 3654 Eusebio

201 3670 455 3738 sumpsit.
508 3665 616 3722 Sed
653 3666 755 3722 hoc
790 3682 981 3741 parum
1038 3669 1293 3732 fideliter,
1341 3669 1488 3740 qnod
1545 3670 1781 3738 primum

201 3737 586 3810 Sicyoniorum
606 3752 799 3807 regem
845 3739 976 3794 iacit
1007 3737 1312 3810 Europem,
1360 3754 1486 3792 cum
1521 3742 1595 3793 sit
1636 3735 1781 3805 apud

202 3807 497 3864 Eusebium
549 3807 869 3862 secundus:
918 3825 1045 3863 iiam
1091 3811 1302 3878 primus
1347 3817 1434 3862 est
1478 3806 1778 3877 AEgialeiis,

202 3879 293 3946 qui
323 3879 484 3932 annis
516 3892 590 3930 ιιι
639 3879 908 3948 regnavit.
941 3877 1081 3931 Huic
1116 3875 1328 3945 Eut-ops
1363 3877 1654 3936 successit,
1684 3890 1784 3929 cn·

202 3950 289 4016 ius
324 3962 468 4001 anno
506 3960 622 4001 xxii
651 3947 898 4002 nascitur
923 3945 1289 4001 Abrahainus.
1324 3945 1778 4014 Antiquissimum

203 4020 306 4070 hoc
332 4017 385 4069 in
423 4016 634 4084 Europa
662 4029 896 4085 regnum
928 4015 1049 4071 fuit.
1077 4015 1248 4083 Cujus
1279 4015 1331 4069 in
1365 4016 1527 4069 annis
1555 4015 1777 4069 minime

202 4091 458 4140 auctores
511 4089 882 4139 consentiunt.
927 4084 1035 4140 Sed
1078 4099 1269 4156 parum
1317 4085 1608 4139 admodum
1664 4084 1778 4139 sere

204 4170 394 4209 omnes
431 4156 630 4210 absunt
677 4169 707 4208 a
751 4155 1013 4221 inillenis;
1063 4162 1200 4224 quot
1241 4153 1603 4224 Apollodorus
1631 4155 1775 4223 apud

205 4223 497 4280 Eusebium
539 4232 811 4278 numerat.
843 4223 1014 4292 Hujus
1057 4224 1211 4295 regni
1258 4228 1303 4278 si
1339 4226 1552 4279 initium
1585 4225 1774 4293 explo-

202 4309 326 4349 rare
353 4297 621 4357 volumus,
660 4294 870 4356 eadem,
905 4309 1012 4364 qua
1048 4309 1238 4364 snpra,
1273 4295 1549 4358 methodo,
1585 4295 1775 4347 consi-

200 4364 478 4421 derandus
502 4372 586 4420 est
617 4364 760 4418 sinis.
810 4362 1127 4419 Postremus
1172 4364 1551 4435 Sicyoniorum
1587 4378 1774 4430 regum

200 4434 512 4505 Zeuxippus
563 4433 914 4501 i'uit;·cujus
971 4441 1096 4502 post
1147 4434 1354 4487 obitum
1399 4434 1772 4502 Agamemnon

201 4519 426 4572 regnum
459 4504 588 4558 illud
643 4505 842 4557 invasit
882 4520 898 4558 ε
946 4503 1020 4556 ita
1059 4510 1116 4554 iit
1147 4502 1410 4571 deinceps
1447 4517 1602 4572 reges
1633 4502 1768 4554 nulli

201 4575 408 4644 proprii
446 4574 670 4636 fuerint,
721 4573 817 4628 sed
845 4574 1158 4626 sacerdotes
1184 4585 1198 4599 ·
1233 4572 1447 4626 tametsi
1479 4580 1600 4640 post
1630 4568 1770 4623 Zeu-

202 4646 424 4712 xippiiin
480 4641 782 4697 Pausanias
833 4640 1179 4712 Hippolytum
1236 4656 1493 4710 regnasse
1555 4639 1770 4702 scribit,

203 4729 313 4782 quo
352 4713 655 4780 imperante
693 4710 965 4782 Sicyoniis
997 4713 1201 4779 potitus
1247 4718 1330 4765 est
1374 4712 1768 4780 Agamemnon.

204 4781 369 4836 Addit
397 4789 454 4835 et
494 4780 847 4835 Lacestadein
894 4795 1114 4849 regeni;
1156 4780 1259 4835 sub
1285 4795 1394 4848 quo
1428 4797 1459 4833 a
1494 4778 1771 4833 Doriensi-

204 4852 305 4906 bus
337 4850 576 4920 Sicyonii
618 4850 827 4904 subacti
857 4858 1006 4905 sunt.
1038 4851 1266 4904 Constat
1289 4850 1452 4918 igitur
1483 4863 1772 4918 propemo-

201 4921 330 4974 dum
361 4924 466 4976 sub
493 4919 791 4988 Troianum
825 4919 1094 4974 excidium
1129 4916 1509 4989 Sicyoniorum
1537 4917 1770 4972 desiisse

203 5005 453 5059 regnum.
499 4989 738 5059 Tempus
780 4987 1031 5052 ἁλώσεως
1074 4985 1327 5056 Troianae
1375 5003 1552 5042 aniius
1592 4993 1675 5042 est
1715 4987 1768 5041 in

203 5073 320 5128 per.
359 5058 468 5112 Jiil.
502 5059 666 5123 5351»,
717 5059 903 5111 iiiundi
946 5057 1121 5119 2800,
1155 5066 1276 5128 post
1309 5057 1571 5112 diluvium
1607 5055 1766 5111 1144.

204 5131 386 5194 Quare
435 5143 558 5182 cuin
589 5130 958 5197 Agamemnon
999 5144 1068 5181 xv
1109 5142 1284 5181 annos
1315 5127 1660 5197 regnaverit,
1700 5140 1767 5180 ex

204 5199 406 5268 quibus
435 5213 465 5252 x
500 5197 752 5266 Trojanae
777 5199 1050 5252 obsidioni
1073 5197 1398 5268 decerpendi
1433 5205 1584 5258 sunt,
1606 5195 1769 5264 quin·

243 5284 310 5323 ue
370 5267 560 5338 primis
622 5269 908 5336 Sicyonem
961 5271 1310 5335 expugnavit.
1357 5268 1536 5336 Coepit
1583 5273 1766 5318 autem

200 5285 596 5406 agamemnon,
648 5344 706 5388 nt
753 5335 944 5390 eodem
993 5351 1137 5389 aiiiio
1194 5337 1422 5391 desiisse
1479 5336 1763 5404 iiiigaiiiiis‚

200 5423 312 5479 qno
335 5405 498 5473 Troia
543 5413 627 5459 est
656 5405 858 5463 excisa.
893 5421 1006 5473 per.
1046 5404 1134 5459 Jul
1190 5405 1348 5466 3516,
1380 5405 1563 5458 iiiiiiidi
1602 5402 1763 5465 2786,

273 5485 326 5531 st
368 5475 630 5529 dilnvium
674 5474 833 5529 tiso.
880 5476 1061 5541 Quare
1113 5476 1158 5529 si
1206 5489 1352 5527 aiiiio
1397 5476 1547 5541 regni
1591 5477 1767 5542 prinio

245 5547 538 5615 euxippuni
570 5546 717 5608 vicit,
771 5559 834 5598 ac
868 5546 1025 5614 primi
1071 5544 1146 5597 illi
1194 5558 1380 5613 regum
1412 5544 1540 5597 anui
1574 5542 1766 5596 termi-

200 5617 316 5670 nati
358 5623 506 5672 suut,
548 5612 918 5668 assiriiiandiim
948 5623 1034 5669 est
1062 5611 1444 5684 Sicyoniorum
1480 5613 1764 5682 imperium

201 5687 393 5740 iniisse
438 5699 583 5737 anuo
620 5691 744 5754 post
793 5683 1055 5738 diluvium
1104 5685 1326 5737 circiter
1361 5697 1541 5737 ctxiv.
1604 5682 1766 5752 paulo

238 5762 324 5808 ost
356 5754 704 5823 Assyriorum
746 5754 1051 5807 exordium.
1097 5751 1173 5805 lta
1228 5752 1423 5808 salsum
1458 5755 1580 5814 erit,
1618 5752 1766 5822 quod

200 5773 471 5882 Eusebius
509 5825 689 5896 operis
721 5825 875 5877 initio
903 5822 1152 5892 praefixit,
1181 5829 1362 5878 ortum
1385 5838 1507 5880 csse
1532 5823 1767 5893 patriar·

1890 3247 2069 3304 Tliare
2113 3256 2305 3308 ortus:
2352 3248 2647 3303 Abrahanii
2690 3266 2837 3310 vcro,
2871 3266 2981 3304 xxi.
3025 3251 3106 3305 Aci
3154 3253 3296 3308 hanc
3334 3255 3466 3310 anni

1889 3327 2022 3373 siint
2059 3333 2125 3373 ex
2179 3317 2327 3372 Lxx
2375 3319 2515 3373 5454
2535 3359 2550 3383 ,
2580 3333 2773 3389 nempe
2803 3319 3003 3376 additis
3037 3320 3216 3378 Thare
3244 3332 3464 3393 septua-

1885 3389 2061 3509 ginta,
2090 3399 2223 3457 quot
2244 3397 2362 3442 erat
2389 3397 2574 3450 uatus,
2598 3403 2721 3442 cum
2751 3388 3120 3444 Abraliainum
3145 3402 3353 3462 genuit.
3380 3394 3464 3450 Ad

1939 3458 2181 3511 liraliaiiii
2230 3473 2395 3529 porro
2454 3459 2969 3522 circumcisionem,
3011 3460 3140 3514 nimi
3189 3463 3464 3519 linxerunt

1884 3526 2048 3579 5532.
2102 3527 2266 3596 Atqui
2302 3528 2638 3607 Epiphanius
2683 3528 2752 3580 ab
2778 3529 2911 3583 orbe
2939 3533 3160 3585 condito
3191 3532 3256 3586 ad
3287 3535 3463 3589 Abra·

1886 3595 2033 3649 hami
2062 3610 2147 3658 xc,
2169 3611 2282 3667 quo
2308 3595 2750 3652 circumcisionis
2774 3608 3098 3666 praeceptum
3122 3601 3325 3655 editum
3352 3611 3459 3670 est,

1883 3671 1938 3719 et
1965 3663 2281 3721 Judaismus
2306 3667 2540 3736 occoepit
2568 3707 2583 3730 ,
2614 3667 2830 3721 nonnisi
2864 3666 3003 3721 5452
3032 3684 3206 3724 annos
3234 3687 3463 3729 enunie-

1882 3743 1989 3788 rat.
2043 3736 2148 3788 Aut
2196 3736 2362 3805 igitur
2396 3738 2728 3789 πεντακόσια
2778 3751 2875 3804 pro
2922 3739 3250 3807 τετρακόσια
3287 3743 3455 3796 resti·

1884 3804 2147 3859 tuendum
2204 3814 2329 3861 est:
2362 3813 2458 3859 aut
2510 3812 2658 3860 certe
2710 3820 2977 3859 summam
3025 3808 3172 3861 iilam
3229 3825 3338 3863 non
3390 3811 3460 3867 ad

1881 3871 2056 3928 isaaci
2089 3875 2359 3938 natalem,
2401 3874 2485 3928 vel
2515 3875 2986 3930 circumcisionem
3011 3876 3324 3939 Abraliaini,
3364 3880 3460 3934 sed

1880 3945 2056 4013 ipsius
2087 3952 2268 3999 ortum
2297 3943 2594 4000 Abrahami
2621 3942 2894 4012 perduxit,
2927 3944 3030 3999 hoc
3062 3948 3231 4001 estad
3267 3962 3357 4000 xiii
3387 3949 3458 4003 ab

1879 4015 2089 4068 Adaino
2123 4014 2336 4082 γενεάν.
2366 4013 2479 4067 Hoc
2514 4014 2559 4067 si
2589 4014 2661 4066 ita
2696 4028 2805 4078 esi,
2834 4021 2952 4067 tunt
2975 4015 3029 4068 in
3059 4018 3200 4069 viam
3235 4017 3457 4070 redierit

1881 4082 2241 4154 Epiphanius,
2260 4094 2314 4140 et
2337 4100 2442 4139 xxx
2467 4083 2579 4138 fei-c
2611 4084 2732 4138 illos
2760 4098 2935 4137 annos
2967 4085 3288 4145 restitnerit,
3310 4101 3451 4155 quos

1879 4171 1908 4206 a
1956 4156 2241 4222 superiore
2291 4154 2503 4209 calculo
2549 4154 2744 4208 abesse
2780 4153 3071 4207 docuimus
3109 4170 3122 4205 t
3161 4155 3265 4209 nisi
3307 4157 3456 4225 qnod

1877 4231 1990 4276 tres
2041 4225 2266 4278 omnino
2312 4225 2439 4278 anni
2504 4223 2915 4286 desideraiitur,·
2952 4223 3096 4292 quod
3130 4225 3333 4281 nullius
3370 4229 3455 4282 est

1876 4293 2159 4346 momenti.

1951 4361 2060 4431 (53)
2101 4361 2438 4432 Σκυθισμὸς
2463 4361 2572 4431 γὰρ
2599 4361 2718 4416 ἀπὸ
2746 4361 2852 4415 τοῦ
2880 4365 3330 4434 κατακλυσμοῦ.
3371 4365 3453 4422 Ad

1878 4427 2111 4492 seruch,
2145 4433 2341 4500 inquit,
2368 4441 2422 4485 ει
2458 4432 2651 4486 turrim
2684 4447 2698 4482 z
2727 4431 2885 4502 quasi
2924 4431 3249 4504 Babylonica
3279 4442 3385 4491 turi
3401 4439 3449 4491 is

1878 4497 2106 4554 Seriiclii
2134 4509 2377 4570 tempore
2396 4501 2469 4555 sit
2493 4508 2795 4556 exstructa.
2825 4499 2979 4565 Quod
3014 4506 3317 4558 secundum
3348 4505 3452 4559 La-

1877 4571 2022 4624 tinos
2071 4569 2290 4625 defendi
2340 4580 2546 4638 poti-su
2598 4568 2909 4625 Graecoruin
2958 4588 3087 4627 vero
3144 4576 3450 4630 rationibus

1876 4650 2161 4708 repugnat.
2201 4639 2414 4694 Eieiiim
2448 4640 2722 4695 Geiieseos
2753 4656 2809 4705 x,
2850 4640 2940 4705 25,
3006 4638 3181 4695 liebcr
3215 4640 3450 4713 Plinii-go

1876 4709 1987 4763 lilio
2035 4724 2233 4764 nomen
2278 4709 2533 4778 imposuit
2574 4710 2643 4762 ab
2689 4721 2883 4765 eventii
2922 4726 2935 4762 ι
2985 4710 3139 4774 Quod
3172 4712 3223 4764 iti
3266 4711 3449 4766 diebus

1873 4778 1988 4846 ejus
2021 4780 2193 4834 divisa
2245 4781 2314 4834 sie
2370 4788 2531 4833 terra.
2580 4775 2697 4832 1100
2743 4779 2939 4848 partim
2994 4779 3220 4834 ueneris
3271 4783 3444 4849 ipsius

1875 4855 2138 4918 tempore,
2188 4850 2348 4916 paulo
2378 4856 2505 4903 ante
2545 4846 2743 4918 Phaleg
2784 4857 2965 4903 ortnin
3008 4849 3279 4906 accidisse
3316 4866 3449 4905 cen-

1873 4925 2031 4982 seiit;
2070 4918 2267 4988 partini
2310 4918 2415 4973 sub
2446 4917 2666 4987 Phalcg,
2711 4925 2766 4973 et
2815 4919 2867 4972 in
2900 4919 3082 4975 diebus
3112 4920 3297 4990 ipsius.
3340 4920 3444 4987 Qui

1873 4991 2232 5052 posteriorem
2263 4998 2467 5042 sectam
2498 4997 2703 5054 tenent,
2743 4987 3003 5045 liebereiii
3032 4990 3222 5045 dicunt
3256 4990 3440 5047 afflatu

1872 5058 2193 5126 prophetico
2218 5061 2570 5127 praesensisse
2589 5060 2915 5115 divisionem
2939 5058 3108 5127 iiiam,
3138 5077 3300 5130 quani
3323 5073 3448 5131 post

1870 5125 2091 5196 Plialegi
2118 5135 2299 5181 ortum
2330 5129 2628 5196 quamlibet
2660 5130 2839 5199 longe,
2879 5129 2948 5183 iiii
2992 5144 3097 5184 une
3131 5141 3278 5185 certe
3310 5132 3445 5187 sub-

1872 5205 2111 5251 movent.
2149 5194 2369 5252 Tertius
2417 5212 2445 5249 a
2494 5196 2727 5269 Plialego
2778 5196 2946 5252 Serui:
3017 5206 3130 5265 est;
3167 5199 3261 5281 qui
3298 5215 3446 5258 anno

1871 5265 2015 5335 apud
2064 5265 2287 5320 Latinos
2328 5267 2501 5322 aetatis
2543 5284 2644 5323 xxx
2692 5267 2994 5321 Nae-horem
3036 5280 3258 5339 genuit,
3316 5288 3443 5328 cuni

1870 5334 2074 5404 Phalcg
2099 5348 2205 5388 xcii
2256 5350 2285 5390 a
2325 5345 2460 5392 cret.
2491 5337 2669 5402 Quare
2698 5339 2799 5391 sub
2828 5337 3073 5393 Scruclio
3098 5343 3266 5397 turris
3304 5342 3441 5397 :edi-

1873 5405 2023 5458 ficari
2049 5406 2246 5473 potuit.
2327 5422 2480 5462 eruin
2514 5413 2615 5461 lioc
2644 5403 2785 5459 Lxx
2825 5407 3110 5463 Senioruiii
3145 5412 3435 5468 ratiocinia

1870 5489 1980 5528 non
2020 5472 2223 5527 seruiit.
2269 5473 2403 5530 Nam
2458 5477 2527 5530 ab
2561 5485 2685 5530 ortu
2732 5474 2971 5548 Phalcg.
3019 5479 3087 5534 ad
3136 5483 3441 5538 Seriicliuin

1870 5543 1999 5597 anni
2034 5551 2163 5597 sunt
2190 5545 2334 5613 apud
2372 5543 2591 5602 Graecos
2618 5560 2819 5603 ccnxii.
2855 5545 3002 5602 Vixit
3031 5559 3211 5606 autem
3241 5551 3406 5608 Phale

1869 5627 2045 5667 annos
2076 5627 2183 5667 non
2210 5615 2444 5683 amplius
2472 5629 2725 5672 ccxxxix.
2787 5617 2905 5674 Non
2934 5627 3109 5688 potest
3137 5621 3301 5691 igitur
3337 5565 3442 5676 sug

1872 5681 2117 5755 Sei-ucho
2143 5683 2374 5736 excitata
2400 5699 2522 5741 esse
2550 5691 2739 5750 turris,
2779 5688 2827 5743 si
2854 5691 3073 5758 quidem
3110 5690 3233 5746 vivo
3262 5689 3442 5745 adhue
3475 5715 3488 5728 ·

1869 5750 2123 5832 Plialego.
2148 5760 2197 5831 qt
2229 5752 2281 5806 i‘ii
2316 5752 2500 5809 diebus
2519 5757 2631 5819 eius
2653 5757 2823 5812 divisa
2856 5760 2924 5813 sit
2957 5770 3116 5813 terro.
3153 5760 3275 5815 ideo
3298 5761 3435 5813 πλα-

1869 5837 2049 5885 τυκως
2086 5819 2423 5893 Epiphanius
2460 5824 2622 5893 dixit,
2658 5828 2787 5899 ἄχρι
2819 5829 2913 5883 τοῦ
2947 5828 3181 5896 πύργου,
3213 5831 3307 5885 καὶ
3343 5823 3439 5881 τοῦ
