3850 6517
213 486 319 548 {25

1236 475 1299 533 S.
1342 426 1902 530 EPtPuANtt'AcTA
1944 467 2443 524 ttOLLANmANA.

3336 428 3459 515 ‘tte

208 610 372 675 plane
404 599 494 656 hic
525 597 777 654 eumdem
817 593 1073 656 describi,
1108 593 1174 647 de
1219 607 1326 661 quo
1379 591 1496 658 ipse
1545 587 1780 657 Epipha-
1815 589 1857 645 Α
1887 591 2195 648 exstruere,
2232 582 2401 635 variis
2448 580 2731 636 miraculis
2776 577 3073 635 obtinuerit
3114 584 3367 646 sumptus
3392 575 3462 630 ad

208 697 341 751 nius
369 691 494 747 l'use
530 696 728 744 tractat
753 684 945 740 ltaeresi
977 700 1151 750 txvn,
1195 693 1455 752 tanquam
1506 696 1537 734 a
1577 679 1790 733 Manete

211 782 492 855 proximo,
518 785 577 833 et
616 786 741 831 ante
773 775 1120 829 Meletianum
1176 771 1417 827 schisma
1461 778 1626 840 atque
1673 767 1789 822 Arii

217 873 469 929 haeresim
496 867 640 940 apud
683 866 971 938 AEgyptios
1011 874 1170 932 noto;
1231 877 1548 933 quanquam
1583 859 1637 914 in
1678 859 1791 913 Au-

219 973 402 1019 corato
425 961 573 1017 dicat
593 975 648 1014 n.
683 957 776 1022 83,
796 972 858 1013 se
883 955 1214 1026 comperisse
1243 971 1262 1004 ι
1300 951 1588 1007 nonnullos
1619 965 1793 1020 nuper

214 1055 511 1119 excitatos,
547 1069 567 1102 ι
603 1046 657 1102 id
685 1053 771 1102 est
802 1047 947 1101 eirca
983 1060 1187 1100 annum
1217 1043 1343 1107 570,
1384 1060 1402 1092 ι
1438 1041 1642 1111 quibus
1674 1040 1792 1110 ple-

218 1147 380 1214 rique
411 1139 655 1196 omnium
694 1135 1055 1192 monasticam
1096 1134 1153 1189 in
1187 1131 1440 1202 AEgypto,
1494 1128 1792 1195 Thebaide,

220 1230 548 1301 caeterisque
598 1226 918 1299 regionibus
966 1223 1336 1280 exercentium
1390 1221 1549 1276 facile
1589 1220 1794 1291 primas

220 1324 504 1384 deserunt,
538 1319 633 1391 qui
663 1318 719 1372 in
745 1316 936 1371 eodem
966 1329 1092 1369 eum
1130 1312 1418 1368 llieracitis
1446 1326 1634 1366 errore
1676 1325 1797 1367 ver-

221 1421 441 1475 santur,
477 1424 543 1464 ac
577 1406 804 1479 perinde
834 1413 894 1460 ut
918 1405 995 1460 illi
1044 1419 1151 1459 non
1193 1401 1645 1457 resurrectionem
1674 1416 1798 1456 car·

228 1505 337 1570 nis,
378 1519 487 1557 non
519 1501 683 1573 liujus
711 1514 878 1570 quam
911 1494 1175 1551 habemus
1213 1495 1397 1559 mode,
1447 1494 1541 1550 sed
1573 1493 1799 1548 alterius

228 1596 285 1650 in
338 1593 502 1665 hujus
558 1593 738 1648 locum
792 1586 1186 1646 substituendae
1231 1587 1550 1656 praedicant.
1591 1605 1611 1638 ι
1645 1585 1800 1650 Quod

229 1686 299 1742 ad
333 1683 701 1757 Paphnutium
735 1681 953 1745 attinet,
983 1679 1124 1734 inter
1161 1678 1404 1734 celebres
1448 1675 1638 1732 Nitriae
1683 1691 1801 1731 nso-

231 1777 465 1839 nachos,
511 1789 653 1844 quos
692 1770 757 1828 S.
796 1770 966 1825 Paula
1019 1767 1268 1824 Romana
1315 1768 1502 1835 adivit,
1547 1776 1802 1821 numerat

232 1867 510 1923 Palladius
538 1863 685 1919 flac.
713 1861 994 1917 Lausiacoe
1026 1875 1076 1914 c.
1104 1858 1228 1923 117,
1264 1858 1638 1928 Paphnutium
1670 1857 1802 1912 Sce-

1897 690 2037 744 opus
2061 673 2419 728 necessarios,
2457 669 2589 726 Nam
2627 673 2804 741 primo
2834 687 2959 726 cum
2992 670 3262 725 Draconis
3283 667 3467 737 eujus-

1898 765 2024 818 dam
2074 761 2281 825 divitis,
2340 762 2436 817 sed
2497 759 2738 830 gentiliS,
2792 759 2897 814 sibi
2958 759 3235 813 illudentis
3293 758 3466 811 lilium

1897 864 2162 924 :egrotum
2214 860 2500 918 sanasset;
2560 851 2754 906 morbo
2809 851 2864 904 in
2922 859 3130 919 patrem
3181 849 3467 915 translato,

1904 960 2232 1014 rursumque
2278 945 2347 998 ad
2387 959 2543 1000 suam
2590 943 3025 998 benedictionem
3072 942 3253 997 ablato
3302 943 3474 1013 impe-

1904 1046 2079 1091 trasse
2139 1036 2208 1090 ab
2244 1035 2458 1101 eodem,
2500 1047 2797 1097 converso,
2829 1047 2953 1087 cum
2984 1030 3193 1086 saiiiilia
3217 1040 3272 1085 et
3309 1030 3477 1101 bapti·

1905 1137 2047 1190 zato,
2102 1124 2342 1195 quinque
2397 1124 2566 1179 millia
2630 1137 2979 1178 nummorum
3038 1138 3052 1174 ι
3112 1119 3306 1176 deiude
3349 1136 3474 1174 cum

1904 1215 2257 1286 Eustorgium
2301 1213 2515 1287 Synesii
2568 1215 2823 1271 similiter
2875 1213 3091 1284 gentilis
3140 1210 3333 1276 tilium,
3389 1226 3479 1264 ro-

1905 1315 2069 1379 gante
2100 1315 2297 1372 matre,
2330 1306 2655 1362 suscitasset
2705 1320 2737 1359 a
2783 1302 3039 1369 mortuis,
3079 1301 3149 1357 ab
3184 1314 3250 1356 eo
3300 1299 3479 1355 oblata

1907 1401 2009 1456 tria
2040 1399 2211 1455 millia
2240 1414 2526 1455 nummum
2554 1397 2835 1454 remisisse
2849 1396 2930 1453 ad
2957 1394 3241 1450 fabricam.
3276 1390 3475 1447 Postea

1907 1509 2032 1547 cum
2060 1492 2283 1564 Polybio
2310 1492 2424 1563 jam
2463 1491 2782 1562 presbytero
2824 1498 3083 1544 narratur
3139 1485 3481 1555 Epiphanius

1910 1589 2073 1644 ivisse
2099 1587 2531 1660 Hierosolymam
2583 1587 2653 1644 ad
2696 1585 2927 1642 loannis
2961 1585 3223 1655 episcopi,
3260 1583 3343 1638 sui
3380 1582 3483 1638 sub

1911 1679 2206 1734 llilarionis
2236 1680 2525 1750 disciplina
2551 1677 2929 1748 condiscipuli,
2957 1675 3327 1746 castigandam
3355 1690 3484 1728 ara·

1913 1776 2116 1840 ritiam,
2147 1786 2208 1827 ut
2235 1774 2440 1829 dictum
2473 1789 2525 1827 n.
2566 1772 2651 1836 Π,
2689 1770 2928 1840 indeque
2957 1768 3269 1840 regruliens
3312 1764 3485 1821 offen-

1912 1868 2060 1924 disse
2092 1866 2371 1922 mendicos
2411 1864 2570 1928 duos,
2623 1877 2860 1934 quorum
2912 1862 3048 1917 alter
3093 1874 3154 1916 se
3205 1868 3485 1913 mortuum

232 1956 540 2027 fillum-‘1¹¹3
566 1965 846 2024 mcumlue
875 1951 1063 2007 ‘educi
1100 1959 1285 2020 Dosse!
1315 1951 1381 2005 ³²¹
1407 1951 1570 2020 11113115
1592 1951 1803 2006 ficlaein
1839 1937 1880 1991 B
1912 1961 2225 2027 simulabat,
2258 1958 2403 2030 quod
2435 1958 2489 2012 in
2525 1958 2702 2029 Cypro
2742 1955 2945 2012 lactum
2979 1953 3192 2008 videtur
3244 1944 3488 2006 indicare

230 2051 472 2123 AEgypto
498 2044 957 2118 peregrinationis
979 2050 1193 2113 tempus
1226 2059 1240 2095 :
1283 2042 1462 2097 caeteri
1492 2042 1612 2112 ejus
1635 2043 1809 2097 nomi-

230 2143 321 2198 nis
355 2140 602 2198 celebres
649 2137 743 2192 alii
781 2136 1033 2207 juuiores
1066 2142 1228 2201 sunt;
1278 2148 1403 2188 nam
1436 2134 1503 2188 de
1549 2133 1808 2203 episcopo

228 2231 549 2287 confessore
572 2228 676 2285 sub
712 2226 1034 2292 Maximino,
1079 2225 1171 2296 qui
1201 2225 1434 2281 coneilio
1466 2223 1686 2280 Nicaeuo
1725 2225 1809 2279 in-

234 2322 443 2389 terfuit,
488 2337 595 2377 non
620 2330 705 2377 est
731 2321 835 2376 hoc
863 2319 988 2374 loco
1021 2318 1394 2388 cogitandum.

314 2415 402 2471 50.
426 2413 596 2472 Porro
613 2420 865 2469 manente
891 2412 1049 2482 juxta
1071 2410 1454 2481 Spanhydrion
1482 2408 1806 2479 Epiphanio,

246 2503 424 2561 taines
452 2506 630 2561 valida
671 2505 983 2562 incubuisse
1008 2502 1306 2557 Phoeuiciae
1337 2501 1557 2568 dicitur,
1579 2515 1813 2570 eamque

253 2599 541 2666 impetrata
585 2596 832 2650 triduana
880 2596 1060 2665 pluvia
1097 2609 1322 2648 curasse
1359 2601 1615 2657 sauctus;
1643 2607 1814 2662 quare

244 2705 350 2757 pro
378 2704 444 2743 eo
471 2687 539 2743 ad
562 2688 932 2758 episcopatum
975 2686 1258 2743 evehendo
1292 2686 1507 2741 collecti
1550 2686 1814 2756 episcopi,

242 2799 369 2838 cum
404 2782 471 2839 ad
495 2783 746 2838 cumdem
789 2783 1136 2853 quaerendum
1176 2781 1435 2849 juvenem
1484 2779 1814 2834 monachum

247 2872 527 2944 Polybium
563 2873 984 2939 subruis-issem
1017 2873 1133 2943 ipse
1167 2874 1434 2927 adventus
1465 2887 1632 2926 causa
1671 2870 1816 2925 divi-

245 2965 401 3021 nitus
424 2966 663 3037 cognita,
692 2982 817 3022 cum
848 2967 1041 3022 eodem
1073 2963 1300 3035 Polybio
1355 2978 1543 3019 seeum
1578 2970 1813 3026 retento,

242 3066 453 3114 etcum
489 3054 695 3113 Joanne
720 3056 925 3127 sugerit
954 3057 1011 3111 in
1055 3055 1291 3126 Cyprum
1341 3054 1411 3109 ad
1464 3054 1524 3109 S.
1583 3051 1820 3108 Hilario-

242 3165 412 3205 πεπυ-τ
438 3165 473 3205 a
504 3166 614 3220 quo
630 3150 826 3219 jussus
855 3146 1192 3217 Salaminam
1228 3145 1528 3200 habitatum
1563 3143 1735 3212 adire,
1765 3152 1822 3200 et

242 3239 449 3296 imitus
471 3254 536 3295 ac
561 3246 885 3308 tempestate
911 3238 1227 3308 compulsus
1265 3237 1394 3293 illuc
1423 3237 1698 3308 appellens
1729 3252 1821 3291 na-

244 3333 358 3386 vim
384 3369 399 3395 ,
459 3347 624 3401 quam
688 3332 1043 3400 navigaturus
1105 3330 1429 3387 Ascalonem
1479 3331 1818 3395 ascenderat,

242 3421 680 3493 coinprehensus
733 3420 789 3477 in
834 3422 952 3476 soro
986 3421 1151 3476 luerit
1187 3440 1219 3477 a
1264 3420 1322 3477 S.
1371 3421 1576 3492 Pappo,
1614 3422 1682 3477 de
1714 3438 1822 3492 quo

244 3530 410 3587 supra
429 3530 491 3570 n.
521 3514 612 3580 15,
641 3526 768 3570 cum
800 3511 943 3571 forte
974 3530 1108 3570 uvas
1141 3514 1472 3578 licitaretur,
1505 3522 1822 3582 tractusque

204 3646 219 3659 .-
245 3611 315 3664 ad
349 3609 640 3665 ecclesiam
674 3609 962 3665 ordinatus
997 3608 1165 3664 suerit
1204 3624 1301 3678 per
1350 3607 1461 3661 vim
1495 3606 1821 3676 episcopus3

246 3717 358 3772 quo
397 3701 451 3756 in
503 3716 730 3758 munere
776 3703 1035 3759 habuerit
1090 3701 1382 3756 diaconum
1426 3699 1757 3766 Charinum,
1793 3713 1824 3752 a

248 3807 362 3863 quo
401 3793 729 3849 calumniam
770 3807 969 3863 passus
1009 3800 1228 3859 propter
1269 3804 1470 3844 aureos
1514 3799 1729 3844 ceutum
1757 3791 1822 3845 ad

248 3885 661 3940 dissolvendum
685 3883 886 3950 captivi
910 3879 1288 3948 Eugnomouis
1311 3877 1552 3935 debitum
1577 3881 1645 3937 de
1667 3881 1825 3939 bouis

257 3973 518 4026 Ecclesiae
545 3984 836 4036 expensus,
873 3970 1129 4039 quamvis
1159 3969 1336 4025 eidem
1377 3971 1699 4041 restitutos;
1745 3975 1826 4030 ei-

258 4065 387 4115 dcm
418 4060 676 4125 Charino,
723 4060 826 4116 sibi
867 4061 934 4117 ad
986 4072 1073 4118 ter
1106 4063 1387 4134 repetitam
1437 4066 1648 4135 prandii
1692 4075 1828 4123 tem-

263 4163 397 4217 pore
431 4148 572 4203 cervi
610 4163 797 4204 vocem
839 4152 1108 4218 illudenti,
1163 4162 1394 4209 mortem
1443 4157 1512 4211 ab
1557 4157 1661 4212 hoc
1690 4174 1828 4228 pra:-

264 4239 561 4295 :nuntiatam
591 4240 945 4311 significarim
988 4259 1216 4300 uxorem
1247 4257 1430 4303 autem
1463 4248 1585 4319 eJ‘us
1616 4265 1647 4303 a
1673 4264 1830 4320 para-

256 4330 357 4402 lysi
411 4331 697 4387 liberatam
754 4334 1020 4391 ordinarit
1077 4337 1472 4407 diaconissam,
1523 4355 1634 4394 non
1706 4340 1828 4397 sine

255 4423 374 4477 utili
403 4423 470 4478 ad
510 4425 782 4495 reliquum
834 4428 1043 4484 clerum
1091 4429 1147 4484 in
1205 4429 1384 4486 officio
1430 4432 1822 4489 continendum

251 4516 530 4585 exetnplo;
560 4516 693 4587 quin
733 4518 896 4573 etiam
931 4519 1127 4576 solitus
1156 4511 1280 4575 nou
1304 4521 1564 4591 perlicere
1593 4523 1827 4579 oblatio-

1915 2053 2255 2109 Sozomeuus
2287 2053 2400 2122 (lib.
2440 2067 2537 2116 vn,
2576 2067 2695 2120 cap.
2736 2048 2852 2119 27).
2881 2046 3000 2103 Huc
3022 2060 3184 2118 porro
3235 2059 3488 2099 reversus

1916 2143 2160 2200 lsaacum
2196 2142 2442 2198 Judaeum
2489 2142 2623 2212 legis
2657 2141 2890 2211 peritum
2918 2139 3023 2194 sihi
3056 2135 3388 2208 adjunxerit,
3435 2143 3490 2190 ct

1915 2254 2097 2294 coram
2133 2237 2397 2292 Romanis
2428 2234 2657 2298 nuntiis,
2682 2237 2752 2289 ab
2783 2233 3019 2289 Arcadio
3043 2241 3099 2286 et
3123 2229 3364 2285 llonorio
3385 2229 3491 2283 im·

1917 2329 2260 2401 peratoribus
2294 2328 2360 2383 ad
2392 2327 2571 2398 ipsum
2610 2325 2841 2380 Romam
2872 2321 3250 2379 adducendum
3280 2319 3486 2385 missis,

1923 2422 2376 2480 calumniatorem
2417 2434 2577 2475 suum
2615 2417 3055 2483 Faustinianum,
3096 2417 3321 2472 innoxio
3355 2417 3493 2472 alias

1927 2515 2064 2570 fabri
2110 2513 2346 2584 alicujus
2396 2513 2546 2582 lapsu
2591 2525 2949 2582 oppressum,
3002 2509 3298 2572 suscitans,
3346 2509 3495 2563 mille

1924 2620 2180 2661 nummos
2203 2609 2273 2660 ah
2315 2603 2432 2674 ejus
2461 2619 2632 2658 uxore
2664 2603 2879 2658 oblatos
2907 2601 3109 2657 dicitur
3139 2601 3364 2657 fabricae
3391 2616 3494 2672 ap-

1922 2696 2176 2764 plicasse,
2206 2702 2371 2763 atque
2406 2693 2477 2747 ita
2530 2692 2758 2747 Romam
2811 2692 3117 2762 navigasse,
3148 2707 3273 2747 cum
3310 2691 3495 2746 lsaaco

1922 2795 2087 2856 atque
2121 2785 2363 2856 Polybio,
2413 2785 2604 2838 relicto
2646 2784 2715 2839 ad
2763 2783 3012 2839 ecclesiae
3057 2781 3495 2837 constantiensis

1922 2878 2182 2934 vicariam
2214 2892 2402 2934 curam
2436 2877 2685 2942 Philone,
2715 2889 2826 2930 uno
2851 2889 2916 2929 ex
2958 2873 3171 2944 togatis,
3205 2887 3366 2944 quem
3397 2886 3498 2942 pro

1923 2972 2147 3025 civitate
2208 2969 2453 3039 Carpasii
2501 2970 2816 3039 episcopum
2872 2966 3199 3023 nominarat.
3248 2963 3499 3034 Carpasii

1925 3062 2121 3117 civitas
2150 3075 2316 3131 quam
2361 3059 2539 3116 norim
2578 3059 2729 3114 nulla
2775 3065 2862 3112 est
2892 3054 3244 3126 :Carpathus
3292 3053 3495 3121 insula,

1929 3153 2224 3226 Cycladum
2255 3154 2459 3208 extima
2500 3151 2641 3207 inter
2680 3150 2898 3206 Cretam
2932 3158 3000 3205 et·
3027 3148 3304 3212 Rhodum,
3336 3146 3501 3218 longo
3529 3151 3550 3163 ”

1931 3246 2100 3302 utaris
2134 3254 2311 3301 tractu
2345 3245 2516 3301 distat
2550 3259 2583 3299 a
2615 3242 2818 3316 Cypro,
2860 3244 2928 3298 ad
2976 3241 3138 3311 cujus
3187 3239 3502 3310 metropoli·

1930 3345 2040 3393 tam
2065 3330 2422 3408 nequaquam*
2450 3336 2730 3408 spectabat
2754 3335 2804 3391 ei
2841 3333 3147 3405 providere.

2000 3429 2088 3484 52.
2124 3427 2233 3483 Sed
2257 3428 2371 3484 haec
2403 3427 2604 3483 leviora
2632 3435 2761 3482 sunt
2795 3444 2809 3480 ι
2844 3441 2966 3495 quae
2994 3433 3301 3495 sequuntur
3333 3438 3499 3493 quam

1927 3531 2158 3592 possunt
2198 3520 2432 3592 speciem
2474 3519 2675 3575 habere
2718 3518 2801 3574 rel
2850 3517 3149 3573 tolerabilis
3194 3516 3499 3572 mendacii?

1926 3611 2193 3666 Arcadius
2223 3619 2385 3665 natus
2409 3617 2528 3665 erat
2553 3623 2700 3664 anuo
2728 3607 2833 3663 574
2870 3605 3134 3662 decennio
3159 3614 3282 3676 post
3306 3603 3498 3661 liono-

1927 3706 2064 3769 rius,
2099 3712 2395 3773 utrumqne
2416 3702 2483 3756 de
2506 3701 2779 3770 baptismo
2814 3699 3055 3767 suscepit
3088 3698 3170 3752 vir
3203 3698 3257 3751 in
3284 3697 3499 3752 Palatio

1929 3796 2183 3853 sublimis
2222 3794 2447 3848 nomine
2472 3791 2762 3854 Arsenius‚
2808 3798 2864 3844 et
2909 3789 3197 3858 utriusque
3228 3786 3501 3857 juventuti

1930 3887 2289 3945 informandae
2325 3882 2567 3956 pra·l'uit;
2606 3882 2769 3939 simul
2801 3881 2876 3936 illi
2903 3879 3093 3937 Romae
3118 3879 3339 3935 suerunt
3364 3895 3504 3933 uuu-

1927 3995 2114 4052 quam‚
2146 3979 2240 4035 sed
2284 3991 2386 4033 nec
2427 3974 2788 4045 Epiphanius,
2830 3972 2978 4042 quod
3027 3971 3247 4042 quidem
3292 3969 3502 4026 sciatur

1930 4072 2036 4127 nisi
2070 4069 2236 4127 semel
2273 4078 2483 4124 tantum
2525 4081 2670 4122 anno
2713 4064 2841 4120 582.
2885 4064 3105 4120 lllorum
3142 4077 3301 4118 soror
3343 4062 3501 4117 unica

1929 4163 2082 4219 Galla
2109 4162 2347 4217 Placidia
2398 4159 2514 4230 (sed
2554 4175 2619 4213 ex
2666 4157 2903 4213 secundo
2932 4153 3223 4212 Theodosii
3263 4153 3502 4226 impera—-

1933 4256 2071 4318 toris
2097 4254 2376 4324 conjugio,
2395 4251 2497 4308 suh
2523 4267 2726 4306 anuum
2755 4251 3020 4305 duntaxat
3040 4249 3145 4305 387
3166 4247 3499 4320 contracto),

1930 4362 2040 4417 quo
2066 4346 2285 4416 quidem
2319 4357 2465 4398 anno
2496 4343 2720 4412 praecise
2762 4341 2836 4397 sit
2871 4349 2998 4394 nata
3046 4338 3361 4410 ignoratur;
3403 4340 3499 4395 sed

1930 4436 2172 4507 quandiu
2195 4434 2465 4489 Arcadius
2490 4431 2643 4497 vixit,
2685 4430 2871 4486 Romae
2896 4446 3004 4486 non
3040 4429 3162 4485 l’uit.
3199 4428 3278 4484 Eo
3317 4437 3499 4484 autem

1930 4527 2033 4583 sub
2059 4540 2262 4580 atinum
2294 4523 2398 4577 408
2450 4529 2687 4587 mortuo,
2732 4522 2798 4576 ad
2841 4521 3062 4577 fratrem
3111 4518 3412 4574 lionorium
3445 4520 3499 4573 in

255 4622 402 4670 nem,
463 4609 640 4665 donec
690 4610 955 4666 visionem
1008 4613 1272 4681 vidisset;
1323 4630 1450 4669 cum
1505 4630 1567 4669 ea
1623 4626 1822 4686 praeter
1853 4633 1898 4687 ῃ
1932 4613 2136 4669 ltaliam
2187 4611 2465 4684 proiecta,
2504 4610 2634 4664 dum
2693 4609 2877 4664 Romae
2930 4620 3122 4662 secure
3159 4609 3272 4678 agit
3318 4607 3501 4664 adhue

254 4715 466 4754 morem
500 4700 832 4769 differretur,
875 4720 1066 4761 orasse
1092 4714 1149 4761 et
1181 4708 1525 4777 cognovisse,
1568 4708 1621 4763 in
1655 4725 1823 4766 causa

252 4806 423 4846 morae
465 4806 587 4847 esse
631 4799 978 4863 praesentiam
1021 4796 1258 4861 diaconi,
1308 4797 1498 4853 eadem
1540 4810 1700 4856 nocte
1741 4802 1827 4856 usi

249 4883 489 4954 conjuge
515 4900 651 4950 sua;
680 4902 853 4956 quare
887 4890 1040 4947 solos
1085 4889 1303 4946 caelibes
1345 4891 1600 4964 deinceps
1627 4893 1696 4949 ad
1722 4895 1829 4950 mi-

252 4976 540 5030 nisterium
569 4978 763 5034 altaris
794 4979 1088 5038 ordinarit.

851 5113 1084 5172 CAPUT
1121 5116 1227 5170 vu.

250 5222 474 5288 ‹ta-iera,
497 5233 557 5278 ut
586 5243 618 5278 a
648 5223 871 5296 Polybio
899 5227 1152 5298 adjuncta
1185 5228 1562 5295 obtruduntur,
1589 5229 1827 5299 exploso.

325 5337 413 5392 51.
444 5339 637 5408 Capite
664 5343 936 5410 superiori
967 5344 1137 5401 relata
1185 5346 1369 5401 omnia
1395 5345 1706 5414 scripsisse,
1743 5345 1828 5400 in-

252 5424 371 5478 scio
395 5424 677 5496 invitoque
702 5439 915 5498 sancto,
942 5433 1167 5504 fingitur
1187 5434 1301 5505 jam
1342 5451 1485 5504 saepe
1512 5435 1828 5493 nominatus

251 5512 516 5582 Joannes,
539 5515 829 5589 Epipliauii
860 5524 1143 5596 presbyter
1177 5536 1232 5581 ct
1277 5525 1536 5581 itinerum
1580 5527 1826 5582 omnium

252 5603 468 5671 socius;
499 5605 594 5675 qui
623 5609 922 5667 moriturus
952 5612 1219 5669 advocato
1240 5613 1309 5668 ad
1335 5630 1394 5670 se
1419 5614 1644 5686 Polybio
1694 5617 1832 5671 lam-

251 5695 393 5767 pada
425 5696 730 5755 tradiderit.
773 5699 875 5757 liic
913 5718 1044 5772 ergo
1082 5703 1360 5761 inducitur
1380 5721 1634 5773 narranS,
1686 5724 1831 5778 quo-

182 5864 187 5869 ,
248 5787 419 5841 modo
466 5797 689 5845 sanctus
743 5792 1074 5863 episcopus,
1128 5794 1389 5853 divinitus
1440 5798 1684 5854 monitus
1728 5817 1827 5871 pro

250 5888 479 5937 tato-nus
526 5896 692 5950 parva
736 5899 990 5955 magnam
1049 5887 1332 5943 ecclesiam
1385 5908 1413 5943 a
1461 5892 1827 5950 lundauteutis

1933 4709 2105 4778 virgo,
2137 4722 2282 4762 annu
2320 4703 2426 4759 409
2470 4718 2502 4759 a
2538 4701 2751 4766 Gothis,
2792 4701 2860 4756 ad
2888 4699 3084 4755 Urbem
3134 4709 3262 4756 aute
3292 4717 3500 4757 anuum

1931 4807 2143 4866 captam
2169 4812 2234 4852 ex
2266 4795 2563 4866 improviso
2602 4793 2886 4864 regressis,
2920 4791 3080 4848 etiam
3113 4791 3230 4863 ipsa
3260 4793 3497 4862 capitur,

1930 4889 2000 4944 ab
2049 4903 2238 4943 corum
2263 4904 2388 4959 rege
2428 4887 2703 4958 Ataulpho
2729 4888 2783 4944 iu
2820 4901 3043 4945 uxorem
3067 4891 3325 4953 sumitur,
3360 4897 3415 4944 ct
3440 4889 3497 4943 iu

1931 4978 2247 5049 Hispaniam
2280 4983 2597 5047 abducitur3
2631 4981 2782 5038 l'ratri
2828 4990 3008 5037 autem
3042 4981 3252 5036 reddita
3279 4991 3333 5036 et
3362 4981 3500 5039 Cou-

1930 5072 2133 5128 stantio
2160 5073 2449 5142 desponsa,
2496 5071 2936 5129 Valentinianum
2974 5068 3254 5127 Juniorem
3292 5077 3500 5145 peperit

1930 5179 2077 5217 anuo
2106 5165 2231 5230 418,
2284 5179 2384 5220 nec
2431 5165 2597 5221 alium
2647 5165 2819 5221 scitur
2858 5163 3025 5221 tilium
3079 5164 3357 5229 hahuisse,
3393 5167 3502 5224 nisi

1932 5254 2115 5310 lorsau
2145 5273 2210 5311 cx
2242 5273 2366 5328 rege
2406 5259 2633 5313 barbaro
2670 5257 2726 5310 in
2760 5254 3021 5326 Hispania
3078 5257 3177 5315 SS.
3221 5258 3263 5314 T
3270 5260 3498 5317 heodul-

1934 5345 2098 5414 phum
2140 5361 2205 5401 ac
2253 5346 2656 5402 Theodericum
2706 5348 2943 5418 peperit,
2993 5350 3060 5405 de
3107 5351 3305 5421 quibus
3360 5352 3501 5423 apud

1933 5436 2185 5496 Treviros
2222 5440 2454 5496 mortuis
2503 5452 2684 5497 actum
2734 5459 2767 5499 a
2816 5445 3020 5502 uobisl
3054 5449 3205 5503 Maii.
3237 5448 3502 5515 Quamvis

1931 5538 2112 5585 autem
2148 5531 2261 5588 haec
2286 5532 2469 5588 omnia
2513 5536 2819 5593 certissima
2870 5540 2999 5603 sint,
3050 5542 3271 5612 tingitur
3318 5552 3501 5603 tamen

1932 5620 2269 5690 Epiphanius
2306 5623 2375 5678 ab
2389 5623 2628 5686 Arcadio
2652 5638 2708 5684 et
2737 5628 2999 5698 Honorio,
3028 5643 3086 5688 ut
3113 5633 3245 5690 dixi.
3271 5647 3500 5695 vocatus

1933 5710 2162 5768 Bentian»
2193 5714 2261 5769 ad
2278 5731 2466 5772 eorum
2490 5734 2688 5789 aegraui
2714 5738 2956 5780 sororem
2982 5727 3278 5780 curandam
3302 5728 3502 5800 :idque

1934 5818 2042 5858 non
2088 5815 2294 5861 tautum
2321 5810 2670 5876 praestitisse,
2704 5810 2802 5866 scd
2826 5812 2987 5867 etiam
3005 5814 3124 5884 eius
3137 5816 3317 5870 -lilium
3349 5834 3499 5876 mor·

1937 5905 2088 5952 tuum
2186 5899 2515 5967 suscitasse,
2569 5881 2660 5958 tali
2749 5904 2863 5973 lege
2888 5941 2903 5967 ,
2995 5918 3053 5962 ut
3136 5909 3510 5977 innuentem-s
