3850 6517
296 486 400 543 ¹97

1320 492 1378 547 S.
1406 491 1755 548 EPtPttsNtt
1784 491 1965 550 ACTA
2006 493 2505 551 BOLLANntANA.

3450 496 3551 549 ¹38

293 616 350 663 et
376 608 581 662 nullam
612 609 828 678 penitus
876 607 1163 665 habentem
1198 614 1570 682 suspicionem
1606 631 1699 683 per
1727 615 1868 668 niul-
1898 621 1944 677 Α
1979 617 2301 687 indignatio,
2332 635 2430 672 ner.
2454 618 2656 672 frustra
2699 618 2971 672 movearis
3006 637 3017 671 :
3056 625 3112 670 rt
3158 616 3305 670 aliud
3361 615 3554 671 dolens

294 708 380 754 tos
402 699 662 754 diaconos
683 702 1014 769 apprehendi
1040 703 1333 772 jussimus,
1357 716 1410 758 et
1437 707 1605 761 teneri
1633 720 1696 761 os
1725 707 1866 775 rjus,

296 805 363 844 ne
389 787 767 848 fortelilierari
811 812 870 850 se
907 797 1136 864 cupiens
1182 797 1462 866 adjuraret
1508 815 1608 852 nos
1647 815 1738 868 per
1777 815 1874 852 uo·

299 894 420 934 men
452 880 656 936 Cliristi
694 902 708 938 ε
761 894 814 938 et
865 886 1098 954 primum
1148 888 1437 956 diaconum
1475 890 1870 954 ordinavimuS,

294 987 664 1041 proponentes
693 976 742 1029 ei
785 977 1037 1032 timorem
1077 979 1166 1034 Dei
1208 997 1221 1033 ε
1253 980 1410 1035 valde
1439 982 1638 1051 qnippe
1666 981 1875 1036 obnite-

297 1061 477 1129 liatur,
511 1064 790 1137 indignum
818 1085 878 1124 se
909 1085 1028 1125 esse
1054 1080 1389 1127 contestans.
1425 1072 1524 1127 Vix
1563 1088 1694 1144 ergo
1721 1089 1873 1128 com-

296 1153 536 1218 pulimus
568 1172 692 1210 euni
741 1168 795 1212 et
832 1161 1163 1228 persuadere
1211 1165 1491 1232 potuimus
1544 1163 1874 1219 testimoniis

298 1242 705 1313 Scripturarum
749 1258 802 1303 et
838 1251 1217 1305 mandatorum
1265 1252 1383 1307 Dei.
1430 1252 1496 1307 Et
1539 1269 1663 1308 cum
1710 1252 1875 1308 mini-

294 1342 495 1390 straret
535 1335 590 1390 in
641 1339 846 1395 sanctis
872 1341 1176 1406 sacrificiis,
1224 1358 1418 1398 rursus
1467 1358 1617 1409 eum,
1668 1341 1872 1413 ingenti

292 1423 611 1481 difficultate
646 1435 792 1483 teuto
840 1446 936 1484 ore
972 1431 1112 1501 ejus,
1162 1433 1541 1488 ordinavimus
1588 1433 1876 1506 presbyte-

297 1531 443 1580 rum,
476 1528 531 1573 et
561 1519 751 1574 iisdem
788 1522 984 1586 vet-liis,
1036 1524 1238 1593 quibus
1285 1535 1445 1580 aittea
1493 1542 1871 1593 suaseramus,

294 1608 613 1675 impulimus
644 1618 698 1664 ut
752 1614 966 1667 sederet
1020 1614 1074 1667 in
1121 1614 1313 1670 ordine
1367 1617 1686 1688 presbyteri.
1745 1617 1875 1672 Post

198 1738 209 1749 .
292 1697 409 1753 liaee
465 1701 789 1769 scripsimus
842 1705 910 1759 ad
976 1715 1198 1760 sanctos
1265 1709 1615 1780 presbyteros
1684 1725 1875 1764 mous·

292 1792 442 1845 sterii
468 1801 522 1846 et
550 1803 776 1850 caeteros
801 1796 1090 1860 si·atres‚et
1118 1799 1520 1869 increpavimus
1546 1816 1663 1867 eos,
1701 1818 1873 1872 qnare

292 1897 401 1937 non
426 1886 778 1953 scripsissent
804 1903 968 1956 super
993 1904 1059 1944 eo
1101 1892 1245 1961 (cum
1274 1901 1400 1946 ante
1432 1908 1634 1947 annum
1673 1893 1872 1948 multos

292 1990 484 2028 eorum
525 1977 681 2046 queri
717 1979 1017 2045 audissem,
1057 1997 1159 2036 cur
1192 1997 1301 2036 non
1348 1983 1610 2039 baberent
1639 1984 1732 2054 qui
1766 1985 1871 2038 sibi

297 2064 508 2122 Domini
534 2080 877 2124 sacramenta
913 2072 1265 2138 conticerent,
1292 2081 1348 2128 et
1378 2075 1530 2129 illum
1554 2091 1746 2131 omnes
1769 2091 1873 2131 suo

293 2169 580 2228 poscerent
637 2161 985 2228 testimonio,
1048 2172 1101 2218 et
1151 2166 1410 2235 grandem
1471 2167 1760 2221 utilitatem
1817 2168 1870 2221 in

291 2249 568 2303 communi
615 2251 936 2305 monasterii
980 2254 1334 2326 testarentur)
1379 2270 1572 2325 quare,
1623 2255 1868 2326 inquam,

292 2351 423 2396 tunc
453 2353 664 2409 reperta
700 2344 1106 2411 opportunitate
1146 2360 1254 2399 nou
1291 2347 1643 2415 scripsissent
1688 2348 1868 2412 nohis,

292 2448 470 2503 neque
500 2449 662 2502 super
693 2435 1037 2489 ordinatione
1061 2437 1182 2505 ejus
1209 2437 1416 2506 aliqui-l
1470 2439 1866 2507 poposcissent.

292 2525 418 2582 liare
440 2526 511 2580 ita
552 2537 672 2581 aeta
725 2535 873 2592 sunt,
923 2537 984 2582 ut
1033 2528 1246 2583 locutus
1299 2544 1452 2592 sum,
1498 2530 1551 2583 in
1607 2529 1871 2587 charitate

289 2617 518 2684 Christi,
543 2634 705 2688 quam
739 2631 930 2689 teet-ga
958 2620 1283 2690 parvitatem
1318 2636 1493 2675 meam
1524 2621 1725 2678 habere
1753 2638 1873 2678 cre·

292 2710 526 2765 debant:
554 2725 878 2781 quanquam
913 2712 966 2766 in
1004 2713 1342 2767 monasterio
1392 2713 1784 2778 ordinaverim,
1815 2726 1870 2769 et

291 2815 402 2857 non
436 2800 488 2855 in
517 2802 772 2870 purocltia
804 2817 926 2871 quae
951 2803 1045 2857 tilii
1079 2802 1320 2872 subjecta
1354 2803 1425 2858 sit
1432 2843 1539 2858 .....
1574 2802 1715 2870 Quid
1739 2819 1871 2874 ergo

291 2895 390 2949 tilii
427 2895 602 2950 visum
639 2904 726 2950 est
764 2895 844 2951 sic
890 2897 1129 2965 graviter
1178 2897 1545 2952 intumescere
1588 2907 1643 2952 et
1673 2896 1870 2966 iactari

292 2996 486 3042 contra
524 3003 624 3041 nos
656 3003 753 3056 pro
783 3003 950 3057 opere
990 2985 1106 3048 D:·i,
1137 2987 1280 3056 quod
1332 2987 1384 3041 iu
1428 2987 1867 3057 aedillcationem,

293 3090 349 3135 et
369 3095 477 3134 uon
508 3080 562 3133 in
589 3081 1015 3135 destructionem
1044 3079 1274 3133 fratrum
1307 3079 1509 3135 sactum
1536 3081 1657 3137 est?
1702 3100 1722 3134 ι

365 3172 458 3230 20.
501 3170 779 3228 Hactenus
817 3169 1180 3241 Epiphanius,
1226 3169 1360 3240 ipsis
1397 3170 1485 3225 liis
1519 3171 1702 3226 verbis
1737 3171 1872 3226 satis

291 3263 704 3332 indicans,j=i1n
745 3271 861 3316 tuni
892 3271 1170 3332 receptum
1218 3261 1272 3315 in
1305 3260 1546 3318 Ecclesia
1588 3262 1780 3326 fuisse,
1812 3272 1872 3318 ut

293 3358 625 3417 monasteria
660 3358 852 3411 saltem
885 3355 1066 3424 aliqua
1111 3353 1296 3424 (quale
1323 3363 1442 3408 erat
1474 3355 1868 3410 monasterium
1897 3328 1941 3386 C

292 3451 353 3506 S.
386 3446 673 3518 Epipliauii
701 3463 719 3496 ι
753 3444 904 3515 juxta
934 3443 1305 3498 Besandurem
1332 3444 1534 3508 vicum,
1567 3444 1619 3498 in
1650 3445 1873 3499 territo-

291 3542 378 3596 rio
415 3536 977 3607 Eleutheropolitano,
1009 3555 1028 3586 ι
1059 3536 1207 3605 quod
1249 3535 1317 3589 ali
1354 3535 1536 3606 inopia
1581 3551 1872 3605 aquarum,

299 3653 320 3686 ι
362 3630 707 3703 Spanydrion
733 3647 751 3680 ι
774 3627 1102 3696 appellatum
1136 3627 1329 3682 scribit
1361 3627 1834 3697 pseudo-loannes
1858 3669 1874 3695 ,

294 3725 384 3780 ulii
407 3721 848 3785 fatctaordinatio,
876 3729 930 3773 et
953 3720 1183 3773 alterum
1219 3737 1237 3770 ι
1281 3720 1690 3791 peregrinorum
1717 3740 1736 3773 ι
1759 3736 1878 3776 rno-

299 3817 602 3872 naeliorum
637 3815 690 3868 iu
732 3811 1236 3878 Betlileliem,uude
1253 3809 1609 3867 Paulinianus
1637 3812 1703 3866 ad
1745 3810 1878 3881 Epi-

294 3910 559 3982 phaninni
585 3909 832 3972 venerat)
868 3912 1117 3974 exempta
1151 3912 1508 3958 censerentur
1554 3909 1623 3958 ali
1656 3903 1877 3958 ordina·

295 4003 363 4059 rii
391 4000 776 4071 jurisdictione
811 4016 824 4052 ι
861 3998 933 4051 ita
958 4007 1018 4050 ut
1051 3995 1368 4068 quicunque
1392 4000 1690 4070 episcopus
1728 3999 1782 4055 in
1807 4000 1876 4056 iis

294 4101 503 4164 posset,
532 4091 578 4148 si
623 4100 927 4161 rogaretur,
969 4089 1104 4158 ipsis
1159 4089 1447 4145 monachis
1499 4105 1689 4144 saeros
1740 4107 1877 4146 con-

296 4186 438 4241 l'erre
461 4183 703 4240 ordines.
744 4181 924 4251 Pergit
951 4195 1116 4249 porro
1144 4178 1487 4250 Epiphanius
1519 4196 1784 4239 excusare
1816 4198 1878 4239 se

294 4276 490 4333 loanni
556 4275 643 4329 liis
695 4273 875 4328 verbis
927 4291 941 4328 t
989 4292 1007 4324 ι
1058 4271 1163 4328 Sed
1224 4280 1281 4328 et
1335 4273 1467 4329 illud
1528 4274 1880 4331 vehementer

296 4369 601 4447 admiratus
650 4382 773 4422 sum
823 4365 972 4436 quod
1030 4366 1170 4421 meis
1228 4365 1444 4420 loeutus
1498 4381 1558 4422 es
1619 4367 1877 4435 clericis;

298 4477 552 4518 asserens
578 4469 633 4514 te
668 4474 764 4527 prr
819 4467 1069 4512 sanetum
1111 4458 1488 4529 presbyterum
1536 4468 1591 4514 et
1628 4459 1878 4516 abtiatem

299 4555 691 4610 monachorum
717 4550 1039 4617 Gregorium
1073 4550 1365 4604 mandasse
1396 4550 1552 4616 milti,
1584 4567 1651 4608 ne
1684 4568 1878 4623 quem-

1980 722 2084 760 nun
2121 719 2171 761 te
2199 711 2466 763 vei-iasa!
2504 710 2631 772 alia,
2685 720 2742 764 ut
2779 711 3035 780 precandi
3081 710 3427 764 occasionem
3472 708 3557 760 in·

1979 800 2194 854 venisse
2218 801 2469 867 videaris,
2505 802 2649 870 quod
2680 800 2950 870 Propheta
2977 801 3226 855 devitans
3259 799 3550 852 Dominum

1980 900 2253 960 precatur,
2286 893 2515 946 dicens:
2555 891 2677 946 Non
2716 892 2941 947 declines
2966 909 3245 946 cormeum
3289 891 3345 943 in
3401 890 3555 944 rerba

1978 980 2200 1032 ntnlitioe
2272 981 2340 1032 ad
2398 983 2724 1035 excusandas
2784 982 3147 1035 excusationes
3208 981 3263 1032 ιἰι
3325 979 3555 1048 peccatis

1977 1069 2154 1139 (Psoi.
2185 1086 2307 1136 cxi„
2335 1071 2411 1140 t).
2439 1092 2458 1120 ι
2492 1071 2697 1144 Nempe
2727 1073 2943 1128 dolebat
2971 1070 3260 1131 Joanuem,
3287 1070 3432 1140 quod
3458 1086 3555 1141 pru

1987 1161 2333 1234 origenianae
2366 1164 2588 1219 liaercsis
2634 1165 2952 1220 defensioue
2983 1164 3179 1217 fuisset
3218 1162 3288 1218 ab
3322 1162 3552 1231 Epipha-

1980 1256 2071 1310 nio
2100 1266 2424 1326 correptus3
2456 1267 2510 1311 et
2541 1271 2603 1312 ea
2638 1257 2705 1312 de
2730 1272 2892 1311 causa
2924 1256 3251 1310 dissidentes
3278 1254 3347 1309 ab
3369 1269 3436 1307 eo
3462 1251 3553 1322 qui

1979 1345 2316 1417 Hieronymo
2358 1348 2709 1403 adliaereliant
2757 1349 3077 1414 inonaclioS,
3113 1349 3227 1418 ipse
3282 1346 3399 1402 suis
3443 1344 3558 1414 epi·
3646 1335 3650 1338 ⁴

1979 1436 2138 1492 stolis
2172 1438 2504 1507 monitisque
2544 1438 2830 1493 roboraret
2868 1439 2934 1492 ad
2972 1438 3337 1493 constantiam
3372 1437 3425 1490 iu
3466 1451 3555 1489 re·

1980 1530 2258 1600 pudiando
2315 1530 2596 1602 Origeue3
2655 1546 2829 1600 eaque
2896 1529 2962 1584 de
3025 1543 3193 1584 rausa
3254 1536 3479 1582 vexatos
3524 1540 3559 1580 a

1978 1619 2191 1676 joanne
2230 1622 2611 1678 consolaretur
2641 1631 2804 1692 atque
2821 1621 3059 1690 iuvaret.

2047 1714 2139 1769 21.
2163 1713 2231 1768 Et
2261 1715 2364 1769 ltoe
2388 1724 2492 1777 est,
2521 1729 2633 1784 quo
2665 1714 2863 1786 stylum
2907 1713 3068 1767 vertit
3099 1710 3455 1781 Epiphanius,
3482 1707 3556 1762 ita

1979 1819 2318 1875 prosequens
2348 1812 2583 1872 coeptam
2613 1804 2901 1873 epistolant
2943 1820 2957 1856 ι
2988 1819 3006 1852 ι
3047 1801 3179 1854 illud
3205 1814 3427 1870 qnoque
3454 1812 3558 1850 au·-

1979 1894 2137 1949 diens
2188 1895 2488 1950 admiratus
2533 1909 2679 1959 suin,
2728 1893 2871 1963 quod
2930 1892 3176 1962 quidam,
3234 1890 3328 1960 qni
3382 1887 3560 1944 solent

1908 1964 1950 2018 Β
1982 1988 2127 2042 ultro
2152 1990 2400 2058 citroque
2438 1997 2659 2059 portare
2690 1987 3055 2046 rumusculos,
3098 1995 3150 2039 et
3183 1983 3270 2039 liis
3294 1997 3417 2051 qum
3457 1995 3558 2034 au-

1978 2085 2196 2141 dierunt
2228 2099 2444 2153 semper
2478 2082 2699 2148 addere,
2750 2090 2809 2136 ut
2843 2081 3095 2136 tristitias
3127 2089 3181 2134 et
3221 2078 3373 2132 rixas
3418 2076 3559 2129 inter

1981 2173 2178 2228 fratres
2210 2173 2508 2237 concitent,
2548 2183 2600 2226 te
2636 2187 2856 2241 quoque
2904 2171 3261 2226 turbaverunt
3303 2180 3358 2222 et
3406 2166 3562 2221 dixe-

1981 2273 2130 2330 runt,
2167 2264 2310 2334 quod
2344 2264 2396 2318 iu
2427 2264 2702 2328 oratione,
2738 2263 2958 2333 quaudo
2982 2261 3265 2317 offerimus
3292 2257 3559 2316 sacrificia

1981 2351 2114 2419 Deo,
2180 2353 2456 2407 soleamus
2510 2366 2608 2422 pro
2674 2361 2725 2407 te
2781 2353 2983 2415 dicere,
3038 2349 3298 2416 Domine,
3366 2357 3560 2420 praesta

1978 2442 2179 2499 «ioanni
2213 2453 2273 2498 ut
2308 2456 2451 2500 recte
2492 2445 2698 2500 credat.
2732 2443 2853 2498 Noli
2891 2459 2992 2498 uos
3037 2442 3088 2497 iu
3125 2452 3336 2497 tantum
3371 2452 3560 2511 putare

1978 2535 2238 2603 rusticos,
2292 2545 2352 2591 ut
2405 2537 2511 2592 lioc
2563 2549 2672 2591 tam
2729 2537 2915 2605 aperte
2966 2535 3149 2591 dicere
3195 2535 3557 2605 potuerimus.

1979 2629 2305 2698 Quanquam
2335 2630 2480 2682 enim
2514 2628 2618 2683 lioe
2649 2628 2702 2681 in
2745 2627 2910 2682 corde
2951 2642 3075 2682 meo
3111 2642 3331 2698 semper
3373 2639 3559 2690 orem;

1979 2710 2186 2786 tamen,
2228 2728 2289 2776 ut
2340 2720 2661 2790 simpliciter
2701 2719 2895 2786 fatear,
2940 2734 3217 2790 nunquam
3264 2717 3316 2769 in
3348 2715 3557 2766 alienas

1980 2828 2144 2870 aures
2168 2813 2394 2884 protuli,
2427 2828 2497 2868 ne
2524 2822 2577 2868 te
2609 2813 2824 2868 viderer
2851 2813 3000 2879 parvi
3037 2809 3283 2882 pendere,
3316 2800 3554 2857 dilectis-

1980 2906 2139 2962 sime.
2192 2903 2425 2972 Quando
2462 2914 2641 2961 autem
2687 2903 3076 2973 complevimus
3114 2896 3441 2960 orationem,
3464 2907 3558 2948 se-

1978 2997 2219 3053 cundum
2251 2996 2415 3050 ritum
2443 2995 2849 3069 mysteriorum,
2879 3002 2934 3046 et
2976 3007 3076 3060 pro
3095 2989 3353 3046 omnibus
3381 2995 3437 3042 et
3455 2999 3560 3055 pro

1980 3097 2031 3144 te
2055 3102 2276 3159 quoque
2303 3088 2563 3149 dicimus,
2589 3083 2812 3139 Custodi
2861 3081 3010 3136 illum
3043 3081 3138 3149 qui
3172 3077 3432 3149 pioedicat
3462 3089 3562 3129 vc-

1978 3179 2225 3245 ritatem;
2260 3179 2343 3233 vel
2371 3189 2541 3244 certe,
2571 3174 2652 3230 Tu
2690 3181 2906 3245 praesta,
2949 3170 3199 3232 Domine,
3236 3177 3290 3223 et
3316 3162 3563 3230 custodi,

1981 3281 2039 3325 ut
2078 3270 2168 3325 ille
2211 3269 2437 3325 verbum
2496 3267 2753 3339 praedicet
2813 3263 3057 3320 veritatis
3100 3281 3114 3317 ε
3149 3261 3292 3318 slent
3338 3258 3565 3316 occasio

1975 3361 2245 3417 sermonis
2277 3376 2337 3417 se
2360 3359 2565 3427 tulerit,
2599 3367 2653 3414 et
2707 3356 2961 3412 habuerit
2997 3354 3174 3411 oratio
3214 3366 3563 3423 cousequen-

1978 3452 2129 3507 tiam.
2204 3449 2547 3522 Quapropter
2598 3451 2827 3506 obsecro
2898 3458 2969 3514 te,
3049 3444 3427 3509 dilectissime,
3509 3450 3568 3497 et

1974 3541 2268 3597 advolutus
2302 3540 2537 3613 pedibus
2563 3540 2673 3594 tuis
2715 3553 2933 3607 precor,
2961 3551 3158 3607 praesta
3201 3533 3334 3589 milii
3361 3540 3417 3588 et
3440 3531 3561 3596 tibi,

1977 3643 2036 3687 ut
2060 3632 2316 3699 salveris,
2346 3631 2511 3688 sicuti
2540 3631 2804 3699 seriptum
2838 3637 2944 3692 est,
2982 3642 3013 3681 a
3053 3625 3406 3696 generatione
3437 3636 3564 3696 prr-

1980 3741 2132 3780 versa
2163 3723 2381 3797 (ΙΙιιιιΙι.
2415 3737 2551 3790 svn,
2584 3722 2690 3793 16),
2725 3730 2782 3777 et
2811 3718 3002 3775 ret-ede
3031 3720 3100 3774 ab
3132 3718 3325 3774 liaeresi
3368 3714 3562 3790 Orige-

1977 3818 2061 3873 uis
2104 3825 2161 3872 ct
2208 3833 2237 3870 a
2289 3815 2503 3873 cunctis
2538 3813 2894 3875 -liaeresibus,
2955 3812 3329 3867 dilectissime.
3392 3808 3563 3865 Video

1975 3911 2119 3966 enim
2151 3910 2297 3980 quod
2332 3916 2553 3979 propter
2584 3907 2724 3962 lianc
2745 3921 2966 3962 causam
2998 3905 3178 3960 ontnis
3203 3913 3385 3958 vestra
3423 3901 3562 3957 indi·

1978 4001 2162 4072 gnatio
2215 4003 2489 4057 concitata
2531 3999 2621 4065 sit,
2675 3999 2821 4070 quod
2875 3998 3177 4053 dixerimus
3223 3995 3404 4062 vobis,
3446 3992 3559 4050 Arii

1978 4104 2209 4165 patrem,
2239 4092 2528 4165 origenem
2558 4092 2790 4155 scilicet,
2824 4101 2880 4146 et
2905 4091 3137 4146 aliarum
3163 4091 3448 4145 liaereseon
3474 4103 3560 4143 ra-

1979 4188 2155 4246 dicem
2195 4200 2250 4248 et
2295 4199 2578 4261 parentem
2626 4189 2853 4245 laudare
2898 4206 3004 4244 non
3050 4188 3281 4245 debetis.
3315 4185 3382 4242 Et
3437 4201 3564 4242 cunt

1981 4297 2078 4338 vos
2104 4298 2320 4338 orarem
2349 4298 2417 4338 ne
2453 4282 2529 4338 ita
2556 4280 2840 4348 erraretis,
2879 4289 2936 4336 et
2980 4295 3258 4336 monerem
3287 4297 3302 4346 ;
3343 4288 3565 4335 eontra·

1979 4373 2221 4439 dixistis,
2252 4386 2308 4431 et
2338 4390 2426 4431 me
2455 4374 2525 4429 ad
2554 4373 2831 4430 tristitiam
2868 4383 3034 4445 atque
3062 4375 3127 4429 ad
3159 4373 3434 4445 lacrymas
3463 4370 3562 4428 sd·

1980 4465 2236 4530 duxistis,
2276 4479 2386 4520 non
2420 4465 2597 4521 solum
2631 4472 2811 4520 autem
2852 4479 2958 4531 me,
2996 4464 3090 4520 sed
3133 4473 3186 4520 et
3208 4463 3347 4519 alios
3388 4463 3565 4534 pluri·

1982 4572 2103 4613 mos
2130 4556 2431 4614 catholicos
2477 4555 2573 4627 qui
2623 4554 2941 4611 intererant.
2987 4553 3117 4611 inde
3165 4565 3225 4611 ut
3295 4556 3559 4626 intelligo,

296 4664 463 4718 quam
520 4646 870 4708 ordinarem3
924 4651 978 4698 et
1024 4658 1125 4714 ego
1168 4644 1441 4712 pollicitus
1485 4645 1586 4699 sim
1652 4644 1869 4701 dicens:
1907 4669 1951 4726 ῃ
1980 4647 2096 4702 haec
2115 4654 2199 4702 est
2230 4645 2410 4702 omnis
2440 4644 2745 4716 indignatio
2798 4652 2854 4699 et
2894 4645 2997 4699 iste
3030 4643 3186 4699 furor
3220 4655 3317 4700 :et
3355 4645 3562 4700 ideirco

296 4739 552 4811 Nunquid
585 4737 804 4809 juvenis
849 4752 969 4792 sum
1020 4743 1116 4790 aut
1167 4751 1405 4792 canones
1456 4737 1687 4806 ignoro?
1731 4738 1874 4794 Audi

300 4833 463 4905 igitur
495 4832 775 4886 veritatem
803 4827 856 4882 in
905 4843 1158 4883 sermone
1204 4828 1447 4890 Dei,·tne
1496 4816 1596 4884 nee
1640 4829 1744 4887 lioc
1772 4845 1876 4885 au·-

299 4926 469 4989 disse,
503 4940 602 4977 nec
630 4936 812 4987 nosse,
864 4936 964 4975 nee
995 4921 1154 4977 istius
1193 4920 1466 4977 sermonis
1518 4921 1739 4991 penitus
1785 4938 1873 4977 re-

299 5017 536 5074 cordari.
574 5014 896 5086 Suspicatus
934 5030 1055 5068 sum
1101 5029 1170 5068 ne
1216 5013 1444 5069 forsitan
1486 5013 1629 5069 inter
1681 5013 1875 5078 muita,

300 5111 458 5182 qnasi
507 5111 694 5175 immo,
741 5107 945 5161 oblitus
997 5122 1211 5173 esseni;
1256 5116 1311 5161 et
1349 5109 1421 5163 oli
1466 5109 1607 5164 lianc
1652 5124 1874 5164 causam

300 5208 549 5257 sant-tum
596 5197 916 5268 Gregorium
967 5195 1278 5251 sciscitatus
1312 5212 1456 5260 suni,
1504 5205 1559 5252 et
1597 5196 1875 5253 Zenonem

303 5291 557 5363 presbyte
590 5305 679 5342 ιιιιι
708 5290 801 5359 qui
830 5309 845 5340 t
865 5305 954 5342 u·n
974 5303 1040 5342 eo
1073 5295 1177 5341 est.
1223 5284 1262 5338 Ε
1301 5286 1503 5356 annitius
1532 5286 1704 5342 abbas
1733 5286 1872 5342 Gre-

303 5383 492 5453 gorius
521 5381 823 5450 respoudit,
855 5395 912 5434 se
956 5382 1059 5434 lioe
1107 5377 1325 5449 penitus
1367 5379 1642 5447 ignorare.
1688 5379 1874 5435 Zenon

304 5488 485 5531 autem
515 5473 671 5534 dixit,
700 5472 827 5541 quia
853 5487 976 5526 cuni
1007 5471 1056 5526 ci
1093 5471 1374 5542 presbyter
1410 5467 1656 5525 Ruffinus
1692 5471 1877 5526 nescio

301 5583 418 5636 quae
448 5565 555 5620 alia
601 5563 913 5618 transitorie
936 5563 1272 5631 loqueretur,
1297 5563 1459 5616 etiam
1495 5562 1597 5617 lioc
1624 5561 1828 5617 dixerit
1856 5580 1872 5618 z

303 5659 539 5714 Putasne
566 5656 780 5726 aliquos
804 5653 1156 5710 ordinaturus
1182 5663 1265 5707 est
1293 5663 1516 5709 sanctus
1541 5653 1831 5725 episcopus
1852 5658 1877 5708 ‘t

303 5761 357 5806 et
390 5748 618 5818 hujusce
648 5746 861 5802 stetisse
887 5760 1195 5800 sermonem
1232 5763 1244 5799 :
1288 5763 1386 5815 ego
1430 5755 1612 5799 autem
1637 5745 1874 5816 Epipha-

305 5842 431 5899 nius
471 5857 569 5897 nec
606 5839 789 5895 audivi
844 5837 1164 5909 quidquam,
1221 5853 1320 5892 uec
1365 5837 1640 5907 respondi.
1697 5837 1871 5904 Unde,

317 5932 692 6001 dilectissime,
735 5947 842 5989 uon
875 5940 927 5988 te
964 5928 1256 6001 praeveniat
1287 5927 1461 5997 furor,
1506 5943 1605 5986 nec
1648 5938 1873 6000 occupet

1982 4735 2393 4793 comminamini
2417 4734 2564 4807 quod
2595 4735 2823 4792 mittatis
2843 4736 3134 4792 adversum
3161 4752 3247 4791 me
3275 4735 3559 4807 epistolas,

1992 4838 2052 4885 ut
2081 4830 2190 4885 hue
2218 4829 2460 4894 illucque
2490 4841 2674 4884 sermo
2700 4837 2883 4884 vestet·
2911 4826 3221 4894 discurrat3
3257 4838 3313 4883 et
3341 4835 3563 4899 propter

1977 4922 2352 4978 defensionem
2386 4921 2654 4978 liaereseos
2686 4919 2976 4975 adversum
3013 4935 3099 4975 me
3129 4920 3254 4975 odia
3286 4921 3563 4976 suseitan-

1982 5024 2081 5078 tes,
2120 5012 2374 5084 rumpitis
2404 5013 2724 5069 charitatem
2761 5027 2925 5084 quam
2949 5011 3002 5066 in
3037 5011 3193 5069 vobis
3243 5012 3561 5075 habuimus,

1983 5107 2035 5160 iu
2068 5115 2277 5160 tantum
2306 5112 2366 5159 ut
2388 5103 2624 5160 feceritis
2645 5118 2747 5160 uos
2774 5104 2940 5158 etiam
2975 5103 3348 5174 poenitentisin
3373 5118 3558 5173 agere,

1983 5210 2154 5266 qtiare
2200 5193 2483 5249 vobiscum
2527 5193 3138 5260 communicaverimus,
3191 5193 3263 5248 ita
3306 5191 3562 5267 origenis

1979 5301 2196 5342 errores
2213 5292 2269 5341 et
2291 5285 2544 5357 dogmata
2568 5283 2941 5342 defendentes.
2962 5284 3295 5358 Simpliciter
3325 5286 3558 5357 loquor:

1981 5393 2082 5434 nos
2126 5374 2427 5435 seeundum
2474 5376 2621 5447 quod
2667 5378 2934 5447 scriptum
2982 5385 3069 5432 est
3112 5375 3329 5449 (naith.
3379 5394 3435 5444 v,
3487 5377 3561 5433 29

1980 5480 2151 5540 sqq),
2184 5483 2285 5524 nee
2322 5467 2486 5524 oculo
2521 5475 2711 5525 nostro
2744 5467 3044 5538 parcimus,
3082 5476 3141 5523 ut
3176 5482 3283 5523 non
3329 5467 3562 5524 effodis-

1983 5578 2105 5618 nius
2134 5577 2281 5627 eum,
2318 5561 2365 5616 si
2402 5578 2504 5618 nos
2544 5561 3029 5628 scandalizaverit;
3064 5574 3165 5616 nee
3204 5561 3413 5629 manui,
3460 5576 3560 5617 ne-

1984 5671 2091 5726 que
2120 5655 2243 5726 pedi
2282 5653 2328 5709 si
2371 5653 2528 5710 nobis
2579 5653 2892 5709 scandalum
2926 5652 3134 5708 fecerit.
3165 5651 3231 5708 Et
3274 5668 3370 5708 vos
3400 5668 3555 5724 ergo,

1978 5748 2092 5803 sive
2122 5745 2288 5804 oculi.
2314 5745 2360 5800 si
2373 5762 2431 5800 re
2456 5761 2673 5811 titanus,
2725 5745 2841 5802 sive
2884 5745 3049 5817 pedes
3081 5744 3317 5814 fueritis,
3353 5745 3558 5803 similia

1981 5837 2377 5896 sustinebitis.»

2050 5928 2143 5985 22.
2181 5926 2363 6001 Pergit
2406 5927 2599 5987 deiude
2640 5945 2705 5986 es
2746 5926 2903 5986 libris
2950 5927 3086 5998 ssepi
3140 5924 3343 6000 ἀρχῶν
3384 5926 3555 6002 expli·
