3850 6517
403 497 514 564 189

1821 483 1879 549 S.
1909 478 2247 547 triremi

3532 485 3643 543 260

410 622 693 694 Scriptura
725 618 991 686 meminit,
1017 617 1160 673 unde
1193 625 1250 675 et
1281 615 1475 672 borum
1529 610 1821 685 appellatio
1839 650 1858 676 ,
1916 616 1975 665 et
2002 615 2049 672 Α
2074 607 2183 679 γάρ
2207 602 2557 677 περὶτούτων
2582 602 2657 677 μὴ
2676 601 2958 675 λεγούσης,
2983 600 3144 657 πόθεν
3173 599 3356 661 αὐτοῖς
3385 597 3413 667 ἡ
3443 596 3645 664 γνῶσις

409 711 624 782 egregia
648 708 820 769 virtus
849 707 1040 763 nisiex
1071 705 1180 761 illis
1207 703 1579 762 voluminibus
1607 700 1825 771 cognita
1855 712 1981 755 esse

409 800 679 874 potuerit?
705 798 810 866 Qui
850 812 1016 870 porro
1065 796 1318 852 convenit
1375 795 1655 850 veritatem
1703 791 1760 846 in
1810 804 1981 845 unum

409 907 532 948 cum
561 890 801 946 falsitate
827 889 1203 944 concurrere?
1244 886 1602 957 eamdemque
1638 882 1980 952 scripturam

408 982 607 1053 partim
641 995 792 1045 vera,
839 981 1037 1052 partim
1082 980 1219 1035 salsa
1247 977 1500 1050 jactare?
1544 991 1668 1032 cum
1726 974 1981 1030 Salvator

407 1073 608 1128 dixerit
635 1071 778 1126 :Aut
798 1069 955 1139 facite
976 1069 1217 1124 arborem
1239 1071 1450 1133 bonam,
1476 1075 1526 1122 et
1552 1066 1756 1136 fructus
1782 1063 1942 1118 bonos
1961 1077 1981 1117 .·

407 1169 501 1214 aut
533 1161 772 1214 arborem
814 1159 1048 1226 malam,
1091 1169 1140 1214 et
1178 1159 1380 1229 fructus
1411 1158 1602 1214 ηιαίοε.
1635 1154 1816 1226 Neque
1841 1155 1984 1210 enim

406 1261 574 1319 potest
602 1251 761 1305 arbor
791 1249 927 1306 bona
950 1251 1119 1306 malos
1148 1250 1355 1319 [ructus
1395 1249 1602 1315 facere,
1634 1258 1795 1316 neque
1823 1246 1984 1300 arbor

407 1340 553 1394 mala
577 1340 595 1370 ¹
623 1340 785 1395 bonos
817 1341 1021 1410 [ructus
1059 1340 1253 1406 [acere.
1281 1339 1390 1411 39
1425 1338 1694 1407 Quocirca
1748 1336 1986 1393 vanissi-

407 1445 558 1484 mum
593 1430 784 1484 borum
831 1430 1111 1485 homiuum
1145 1430 1424 1497 ingenium
1467 1435 1585 1495 est3
1630 1426 1987 1495 doctrinaque

409 1521 528 1590 ipsa
561 1522 747 1576 multis
773 1535 838 1575 ex
875 1521 1148 1589 capitibus
1192 1519 1361 1574 everti
1408 1533 1472 1573 ac
1504 1517 1732 1574 refutari
1781 1523 1983 1586 potest.

405 1609 718 1666 Praesertim
751 1625 876 1665 cum
921 1609 976 1665 in
1021 1610 1343 1665 hodiernum
1385 1624 1559 1677 usque
1615 1618 1829 1676 tempus
1874 1620 1984 1660 non

407 1695 571 1750 modo
603 1696 950 1752 celebrentur
974 1711 1061 1760 ea,
1095 1711 1215 1767 quae
1239 1697 1305 1751 iis
1336 1697 1392 1751 in
1416 1695 1572 1751 libris
1599 1705 1751 1766 gesta
1776 1709 1985 1749 memo—

406 1793 633 1852 rantur;
666 1786 762 1842 sed
793 1794 849 1842 et
899 1788 1132 1857 ipsamet
1170 1789 1291 1843 loca
1340 1794 1837 1858 repraesententur,
1890 1785 1987 1840 ubi

383 1874 726 1932 'admiranda
748 1878 839 1931 illa
866 1876 1112 1947 prodigia
1129 1878 1496 1949 contigerunt.
1528 1878 1583 1931 ln
1615 1877 1806 1949 primis
1827 1891 1986 1931 mons

2079 698 2180 769 τῆς
2206 696 2318 750 τῶν
2354 695 2608 767 πατέρων
2642 693 2937 766 ὀνομασίας
2968 693 3062 748 καὶ
3093 689 3368 764 ἀριστείας
3397 690 3445 741 ε’.
3479 687 3553 758 μὴ
3584 686 3645 754 ἐξ

2080 787 2260 842 αὐτῶν
2291 785 2401 841 τῶν
2433 786 2670 859 Γραφῶν
2691 786 2793 857 τῆς
2820 783 3191 855 Πεντατεύχου
3212 798 3228 847 ;
3250 782 3359 835 Καὶ
3392 777 3509 844 πῶς
3535 772 3647 833 οἷόν

2079 896 2141 933 τε
2170 881 2226 933 ὲν
2257 878 2439 950 ταυτῷ
2476 874 2617 932 εἷναι
2646 876 2845 949 ἀληθὲς
2881 877 2976 931 καὶ
3002 875 3228 945 ψεῦδος;
3255 873 3347 927 καὶ
3384 872 3442 924 ὲν
3488 869 3650 942 μέρει

2079 966 2179 1039 τὴν
2212 967 2436 1038 Γραφὴν
2467 964 2775 1036 ἀληθεύειν,
2808 967 2866 1019 ὲν
2901 963 3058 1037 μέρει
3102 962 3161 1017 δὲ
3198 959 3524 1032 ψεύδεσθαι;
3549 958 3648 1013 τοῦ

2081 1057 2335 1130 Σωτῆρος
2360 1057 2609 1126 λέγοντος
2627 1073 2642 1088 ·
2676 1057 2754 1112 Ἦ
2785 1054 3075 1122 ποιήσατε
3116 1052 3183 1107 τὸ
3216 1052 3467 1120 δένδρον
3502 1051 3653 1122 ἀγα-

2082 1148 2211 1214 θὸν,
2259 1149 2358 1204 καί
2401 1148 2543 1216 τοὺς
2572 1148 2841 1217 καρποὺς
2888 1145 3146 1219 ἀγαθοὺς
3165 1184 3181 1211 ,
3212 1145 3251 1215 ἦ
3295 1143 3363 1199 τὸ
3399 1142 3654 1212 δένδρον

2081 1241 2339 1310 σαπρὸν.
2365 1240 2465 1297 καὶ
2503 1239 2647 1308 τοὺς
2672 1239 2937 1308 καρποὺς
2970 1236 3265 1306 σαπροὺς.
3291 1236 3373 1290 Οὐ
3406 1233 3653 1288 δύναται

2083 1335 2194 1406 γὰρ
2230 1331 2481 1402 δένδρον
2537 1330 2762 1402 ἀγαθὸν
2808 1329 3042 1401 καρπὸν
3087 1330 3323 1398 σαπρὸν
3366 1324 3614 1394 ποιῆσαι
3632 1357 3649 1390 ,

2084 1422 2228 1478 οὐδὲ
2253 1422 2505 1491 δένδρον
2532 1424 2769 1492 σαπρὸν
2794 1419 3060 1491 καρποὺς
3089 1417 3349 1491 ἀγαθοὺς
3380 1414 3647 1485 ποιῆσαι.

2086 1516 2335 1577 Μάταιος
2361 1513 2545 1568 τοίνυν
2572 1512 2750 1570 αὐτῶν
2770 1515 2804 1585 ἠ
2835 1513 3063 1577 διάνοια,
3093 1510 3186 1565 καὶ
3210 1512 3244 1581 ἡ
3277 1509 3559 1579 είσήγησις
3587 1508 3653 1562 ὲκ

2086 1603 2304 1658 πολλῶν
2342 1602 2537 1674 ἔχουσα
2566 1602 2665 1674 τὴν
2705 1602 3019 1674 ἀνατροπὴν
3041 1618 3053 1630 ·
3084 1599 3158 1664 ὡς
3186 1599 3313 1671 άχρι
3348 1597 3447 1669 τῆς
3495 1595 3652 1668 δεῦρο

2086 1694 2147 1746 οὐ
2180 1693 2337 1765 μόνον
2371 1693 2441 1746 τά
2474 1695 2531 1747 ὲν
2557 1695 2678 1756 ταῖς
2703 1693 2949 1764 Γραφαῐς
2977 1689 3178 1762 ᾅδεται,
3204 1689 3339 1742 ἀλλὰ
3376 1687 3471 1742 καὶ
3500 1687 3652 1742 αὐτοὶ

2085 1787 2133 1838 ol
2154 1785 2308 1838 τόποι
2330 1783 2440 1837 τῶν
2466 1783 2930 1855 παραδοξοποιιῶν
2955 1779 3473 1853 σωματοποιοῦνται.
3497 1776 3656 1849 Πρῶ-

2086 1895 2178 1931 τον
2200 1877 2334 1931 ὅπου
2358 1872 2420 1930 τὸ
2449 1876 2719 1948 πρόδατον
2745 1877 2773 1929 ὁ
2807 1873 3056 1946 Ἀδραάμ
3081 1871 3385 1944 προσέφερε
3413 1869 3491 1942 τῷ
3513 1868 3652 1941 Θεῷ,

407 1967 563 2030 Sion,
596 1967 687 2020 ubi
728 1982 886 2021 ovem
926 1967 1036 2023 Deo
1085 1969 1438 2023 Abrabamus
1481 1967 1804 2031 immolavit,
1839 1966 1982 2021 idem
2017 1970 2058 2024 B
2086 1968 2211 2040 ὅρος
2251 1966 2389 2021 Σιὼν
2430 1966 2556 2038 ἄχρι
2588 1964 2682 2020 τοῦ
2717 1964 2875 2037 δεῦρο
2912 1963 3053 2018 οὕτω
3093 1963 3445 2033 καλούμενον.
3495 1959 3659 2015 ’Δλλα

406 2058 473 2112 ad
502 2044 614 2113 'boc
664 2065 880 2127 tempus
921 2072 1121 2112 nomen
1149 2058 1410 2113 obtinuit.
1443 2056 1583 2111 Tum
1611 2058 1706 2112 ubi
1748 2071 1984 2129 quercus

405 2147 498 2201 illa
547 2147 790 2203 Mambre
827 2147 964 2214 suit;
1001 2163 1110 2216 quo
1144 2148 1202 2202 in
1233 2148 1353 2202 loco
1385 2147 1615 2202 vitulum
1650 2149 1856 2218 angelis
1885 2162 1983 2216 ap·

405 2240 611 2308 posuit.
653 2235 825 2304 Quem
874 2251 999 2291 cum
1049 2237 1159 2292 illis
1206 2236 1494 2307 epularum
1533 2245 1853 2308 apparatum
1901 2238 1986 2292 in-

404 2334 662 2391 strueret,
690 2327 987 2382 verisimile
1018 2334 1103 2383 est
1133 2341 1326 2382 eorum
1364 2334 1420 2383 et
1451 2328 1628 2398 ipsum
1662 2327 1983 2399 participem

403 2419 706 2474 exstitisse.
1233 2405 1238 2409 ’

476 2507 563 2560 ΙΙΙ.
597 2507 742 2572 Quin
767 2505 932 2560 etiam
962 2506 1110 2577 quod
1150 2503 1219 2560 ad
1250 2507 1402 2561 illum
1428 2520 1626 2577 agnum
1664 2506 1876 2571 attinet,
1927 2507 1986 2562 in

404 2597 641 2670 AEgypto
659 2611 690 2651 a
714 2595 914 2652 Judaeis
945 2597 1284 2651 immolatum
1306 2599 1424 2667 ejus
1451 2597 1530 2652 rei
1556 2597 1816 2651 memoria
1843 2596 1986 2668 apud

404 2689 723 2759 AEgyptios,
760 2689 1019 2758 ipsosque
1047 2686 1273 2743 deorum
1310 2689 1547 2743 cultores
1597 2687 1868 2758 hodieque
1900 2704 1988 2744 re·

406 2789 607 2834 manet.
641 2778 850 2835 Etenim
883 2779 987 2835 sub
1007 2778 1150 2834 idem
1185 2785 1421 2849 tempus,
1450 2792 1561 2848 quo
1585 2778 1696 2833 illic
1725 2778 1853 2833 olim
1885 2777 1989 2833 Pa·

407 2870 538 2925 seba
581 2868 913 2925 celebratum
948 2876 1066 2932 cst,
1094 2869 1242 2941 quod
1285 2869 1340 2923 in
1374 2869 1519 2925 veris
1563 2867 1777 2924 initium
1824 2877 1991 2941 atque

405 2959 791 3030 aequinoctium
813 2959 1026 3023 incidit,
1048 2958 1289 3032 AEgyptii
1306 2974 1498 3015 omnes
1518 2959 1687 3016 minio
1712 2975 1842 3017 oves
1860 2976 1989 3017 suas

405 3052 679 3115 inliciunt,
726 3067 945 3107 necnon
982 3058 1037 3106 et
1063 3051 1321 3116 arbores,
1370 3052 1448 3107 uti
1499 3050 1664 3120 licus,
1705 3061 1760 3108 et
1797 3061 1991 3109 caetera

406 3144 694 3214 eiusmodi.
729 3141 900 3214 Cujus
946 3143 1167 3215 quidem
1220 3143 1362 3200 ritus
1389 3143 1602 3199 tametsi
1634 3158 1855 3200 causam
1887 3159 1991 3199 ne-

407 3235 604 3302 seiam,
639 3231 786 3288 istud
821 3240 1005 3288 tamen
1053 3247 1166 3303 prae
1206 3247 1268 3289 se
1306 3232 1517 3300 serunt,
1544 3248 1608 3289 ac
1651 3235 1811 3306 vulgo
1827 3236 1990 3305 jacti-

406 3330 526 3378 tant
564 3340 579 3376 ι
611 3322 704 3378 illo
744 3322 833 3378 die
867 3323 1180 3378 universum
1213 3330 1483 3378 terrarum
1517 3323 1701 3379 orbem
1735 3324 1988 3381 inccndio
2016 3294 2061 3356 C

407 3416 803 3488 conflagrasse;
832 3416 995 3487 hujus
1010 3429 1175 3486 porro
1200 3414 1526 3470 calamitatis
1551 3417 1856 3472 avertenda}
1876 3418 1984 3473 vim

407 3508 695 3578 quamdam
734 3508 788 3562 in
839 3521 1035 3562 cruore
1087 3506 1178 3561 illo
1219 3514 1383 3576 atque
1438 3507 1596 3578 igneo
1645 3509 1828 3564 colore
1863 3523 1987 3564 esse

409 3597 662 3667 positam.
697 3596 906 3662 Quibus
956 3610 1084 3651 vero
1125 3594 1195 3650 de
1244 3595 1457 3662 causis,
1490 3604 1689 3668 negant
1717 3597 1820 3653 sibi
1863 3613 1988 3654 esse

406 3694 774 3758 compertum;
813 3685 908 3742 sed
952 3693 1007 3742 et
1060 3687 1344 3755 hucusque
1385 3686 1442 3741 in
1479 3685 1861 3759 Cardyaeorum
1901 3702 1989 3743 re-

408 3779 568 3848 gione
604 3791 746 3832 arcae
791 3777 1102 3832 Noemiticae
1151 3777 1412 3848 reliquias
1456 3777 1768 3833 ostendunt.
1817 3777 1896 3831 Ac
1939 3776 1987 3833 si

409 3868 532 3940 quis
556 3867 868 3938 diligentius
897 3867 1195 3938 perquirat,
1225 3881 1337 3922 non
1384 3848 1766 3940 dubito,’quin
1797 3867 1988 3923 altaris

408 3973 628 4030 quoque
657 3959 917 4028 vestigia,
959 3958 1104 4028 quod
1151 3958 1330 4030 ipsum
1377 3972 1723 4027 consequens
1776 3967 1888 4024 est,
1917 3957 1988 4012 ad

411 4050 613 4105 montis
659 4049 873 4105 radices
928 4050 1173 4105 invenire
1213 4049 1386 4120 possit
1421 4068 1436 4105 t
1470 4049 1563 4105 ubi
1601 4057 1714 4104 tum
1757 4048 1870 4105 Noe
1919 4065 1989 4105 ex

356 4160 360 4164 ·
411 4154 539 4194 arca
570 4140 922 4210 progrediens
959 4142 1189 4207 mansit,
1231 4149 1286 4197 et
1323 4141 1390 4196 de
1429 4141 1582 4210 puris
1637 4142 1984 4206 animalibus,

410 4237 579 4300 atque
625 4230 876 4300 adipibus
931 4231 1157 4287 Domino
1193 4231 1300 4288 Deo
1351 4231 1680 4288 sacrificium
1727 4231 1983 4287 instituit.

411 4319 533 4385 Quo
563 4321 724 4376 etiam
769 4329 1009 4392 tempore
1035 4323 1165 4377 illud
1200 4338 1231 4377 a
1264 4321 1372 4379 Deo
1408 4326 1687 4379 oraculum
1728 4324 1937 4394 accepit
1970 4339 1985 4379 ε

415 4409 551 4465 Ecce
573 4410 695 4464 aedi
729 4412 823 4465 libi
848 4415 1046 4477 οηιηῑα,
1081 4421 1327 4482 tanquam
1363 4413 1643 4469 herbarum
1672 4414 1837 4478 olera,
1870 4431 1989 4469 ma-

316 4570 331 4581 *
413 4511 522 4566 cea,
571 4512 620 4556 et
668 4501 939 4559 contede’.
967 4502 1166 4559 Verum
1215 4505 1439 4561 haeresis
1460 4505 1623 4575 liujus
1660 4505 1986 4568 adulterina,

2087 2061 2182 2115 καὶ
2207 2062 2340 2114 ὅπου
2376 2061 2411 2131 ἠ
2439 2059 2570 2131 δρῦς
2593 2060 2615 2119 ⁸,
2644 2059 2743 2130 τῆς
2768 2058 3017 2131 Μαμόρῆ
3044 2057 3152 2128 (15)
3193 2056 3320 2110 ἔνθα
3348 2057 3460 2118 τοῖς
3487 2053 3656 2122 ἀγγέ-

2085 2150 2198 2214 λοις
2228 2149 2502 2221 παρετέθη
2542 2151 2570 2203 ὁ
2607 2150 2828 2220 μόσχος·
2866 2149 2997 2202 ὅπου
3037 2148 3094 2202 δὲ
3132 2146 3384 2219 Ἀδραάμ
3405 2144 3657 2214 ἀγγέλοις

2091 2241 2359 2312 παρέθετο
2406 2240 2583 2313 κρεῶν
2634 2241 2734 2314 τὴν
2786 2239 3122 2311 ἐτοιμασίαν,
3176 2237 3415 2292 ἀποδέων
3448 2236 3545 2290 ούκ
3586 2231 3655 2306 ἦν

2088 2332 2250 2394 αὐτὸς
2276 2332 2376 2402 τῆς
2408 2330 2616 2385 τούτων
2645 2332 2896 2402 μετοχῆς.

2160 2505 2232 2558 Γ.
2276 2505 2437 2559 Ἀλλά
2464 2505 2560 2558 καὶ
2604 2505 2699 2559 τοῦ
2728 2502 3003 2576 προόάτου
3047 2504 3301 2566 τυθέντος
3344 2503 3402 2554 ὲν
3442 2504 3507 2574 τῇ
3549 2499 3654 2554 τῶν

2089 2597 2404 2665 Αἰγυπτίων
2436 2596 2589 2669 χώρᾳ
2620 2596 2699 2650 ἔτι
2742 2596 2873 2669 παρ’
2903 2595 3217 2666 Αἰγυπτίοις
3244 2595 3498 2664 τυγχάνει
3537 2593 3659 2665 ᾁδο-

2095 2689 2231 2760 μένη
2250 2691 2284 2761 ἡ
2315 2689 2634 2760 παράδοσις,
2658 2690 2753 2743 καὶ
2774 2689 2926 2762 παρά
2950 2693 3063 2754 τοῖς
3100 2689 3530 2758 εἰδωλολάτραις.
3570 2687 3659 2737 Ἐν

2092 2783 2202 2853 γάρ
2230 2781 2309 2852 τῷ
2334 2780 2536 2853 καιρῷ,
2570 2781 2658 2835 ὅτε
2690 2780 2750 2834 τὸ
2765 2781 2954 2852 Πάσχα
2983 2781 3198 2849 ἐγένετο
3221 2781 3415 2832 ἐκεῖσε.
3434 2776 3575 2845 ἀρχὴ
3604 2776 3664 2828 δὲ

2092 2871 2230 2943 αὕτη
2259 2873 2470 2940 γίνεται
2503 2872 2597 2926 τοῦ
2638 2871 2817 2943 ἔαρος,
2850 2872 2938 2924 ὅτε
2980 2873 3012 2942 ἡ
3043 2869 3231 2943 πρώτη
3279 2866 3559 2938 ίσημερία,
3598 2868 3665 2919 ὲκ

2096 2962 2325 3033 μίλτεως
2363 2961 2698 3031 λαμόάνουσι
2732 2960 2932 3024 πάντες
2976 2963 3259 3032 Αἰγύπτιοι
3301 2957 3441 3014 κατὰ
3480 2958 3658 3026 άγνωὦ

2094 3035 2234 3116 σίαν,
2270 3049 2363 3105 καὶ
2388 3051 2599 3123 χρίουσι
2631 3051 2727 3122 μὲν
2754 3048 2824 3103 τὰ
2847 3051 3112 3120 cepaea-ca,
3145 3053 3357 3123 χρίουσι
3383 3050 3440 3104 δὲ
3476 3049 3571 3104 καὶ
3593 3047 3665 3103 τά
3692 3046 3703 3056 “

2092 3143 2304 3214 δένδρα.
2326 3141 2426 3207 τὰς
2448 3143 2642 3205 συκᾶς,
2669 3141 2763 3196 καὶ
2801 3141 2864 3195 τά
2895 3140 3050 3207 ἄλλα,
3086 3143 3414 3212 φημίζοντες
3445 3141 3543 3194 καὶ
3575 3139 3669 3194 λέ-

2094 3226 2301 3302 γοντες,
2353 3234 2436 3287 ὅτι
2467 3232 2620 3302 φησί·
2667 3233 2728 3286 τὸ
2760 3231 2869 3305 πῦρ
2896 3233 2953 3286 ὲν
2996 3230 3168 3304 ταύτῃ
3202 3236 3266 3304 τῇ
3293 3231 3477 3305 ἡμέρᾳ
3523 3249 3665 3286 κατ·-

2092 3318 2286 3393 έφλεξέ
2354 3340 2487 3376 ποτε
2542 3322 2641 3394 τὴν
2695 3323 3041 3395 οἰκουμένην.
3105 3316 3179 3377 Τὸ
3234 3324 3289 3377 δὲ
3335 3323 3519 3395 σχῆμα
3568 3323 3663 3377 τοῦ

2095 3416 2325 3486 αἵματος
2368 3416 2430 3468 τὸ
2456 3416 2713 3489 πυρωπὸν
2745 3415 3100 3488 ἀλεξητήριύν
3154 3419 3269 3469 ἐστι
3319 3416 3418 3489 τῆς
3470 3415 3665 3471 τοσαύὸ

2091 3521 2190 3579 της
2221 3505 2435 3578 πληγῆς
2456 3504 2550 3561 καὶ
2576 3508 2852 3580 τοιαύτης.
2884 3507 3054 3562 Πόθεν
3080 3506 3136 3561 δὲ
3157 3509 3255 3562 οὐκ
3284 3499 3477 3580 ἔχομεν
3495 3506 3665 3576 δεῖξαι

2093 3596 2222 3668 περὶ
2258 3597 2359 3667 τῆς
2390 3597 2739 3662 ἀκολουθίας,
2771 3598 2844 3662 ὡς
2874 3597 2953 3651 ἔτι
2998 3599 3092 3652 καὶ
3121 3598 3280 3670 δεῦρο
3316 3597 3389 3652 τά
3436 3595 3664 3668 λείψανα

2091 3689 2191 3759 τῆς
2221 3687 2316 3741 τοῦ
2337 3687 2460 3742 Νῶε
2482 3689 2751 3761 λάρνακος
2771 3689 3042 3744 δείκνυται
3068 3690 3125 3742 ὲν
3151 3692 3216 3759 τῇ
3240 3688 3346 3742 τῶν
3370 3688 3665 3760 Καρδυὲων

2094 3777 2269 3849 χώρᾳ.
2304 3777 2417 3832 Καὶ
2464 3779 2682 3844 πάντως
2717 3778 2773 3832 δὲ
2820 3780 2869 3833 εἰ
2911 3777 3261 3849 ὲπιζητήσειέ
3303 3796 3407 3843 τις,
3443 3777 3537 3833 καὶ
3569 3778 3666 3832 ἀν·

2092 3870 2406 3941 ερευνήσειε
2433 3869 2613 3925 καὶτὰ
2634 3869 2861 3940 λείψανα
2887 3859 2979 3923 τοῦ
3001 3869 3407 3941 θυσιαστηρίου,
3433 3869 3663 3941 ἐπείπερ

2094 3959 2384 4012 ἀκόλουθόν
2406 3961 2577 4024 ἐστιν,
2610 3956 2760 4032 εὕροι
2795 3960 2859 4015 ἂν
2885 3962 2943 4014 ὲν
2975 3962 3039 4031 τῇ
3076 3959 3323 4032 ὑπωρείᾳ
3350 3958 3443 4014 τοῦ
3470 3959 3659 4032 ὄρους’

2093 4051 2227 4104 ὅπου
2254 4050 2435 4123 ἔμεινε
2461 4050 2583 4105 Νῶε
2607 4050 2837 4117 ἐξελθὼν
2863 4046 2972 4106 άπὸ
2992 4055 3090 4124 τῆς
3111 4050 3361 4116 κιῆωτοῧ,
3383 4052 3478 4105 καὶ
3503 4068 3664 4124 προσ-

2092 4140 2321 4209 ενέγκας
2353 4140 2461 4193 ἀπὸ
2484 4141 2593 4195 τῶν
2616 4139 2769 4203 ζώων
2801 4141 2909 4195 τῶν
2941 4141 3216 4215 καθαρῶν,
3256 4137 3477 4196 καὶτῶν
3505 4146 3663 4200 στεά-

2091 4239 2199 4284 των
2248 4229 2440 4301 Κυρίῳ
2490 4229 2568 4302 τῷ
2616 4230 2765 4302 Θεῷ,
2814 4231 2902 4285 ὅτε
2950 4233 3207 4305 ἦκουσεν·
3251 4235 3398 4289 Ἰδοὺ
3435 4235 3665 4292 δέδωκά

2092 4336 2191 4376 σοι
2220 4319 2436 4386 πάντα,
2470 4322 2552 4389 ὡς
2572 4321 2809 4392 λάχανα
2841 4324 3094 4392 χόρτου·
3130 4326 3342 4392 θῦσον,
3364 4328 3461 4382 καί
3484 4328 3658 4400 φάγε.

2094 4411 2503 4484 Παρελεύσομαι
2550 4413 2607 4468 δὲ
2640 4414 2735 4468 καὶ
2776 4414 2982 4486 ταύτης
3027 4417 3188 4471 πάλιν
3239 4414 3299 4472 τὸ
3335 4417 3662 4475 ἐπείσακτον

2093 4501 2188 4554 καὶ
2214 4499 2420 4570 ἠλίθιον
2461 4502 2560 4574 τῆς
2594 4503 2881 4577 αἱρέσεως,
2918 4505 3208 4577 ἀρκεσθεὶς
3232 4511 3351 4573 ταῖς
3395 4518 3661 4584 προειρη-

414 4590 687 4662 stultaque
717 4594 966 4661 dogmata
1016 4594 1184 4648 missa
1234 4592 1450 4648 faciam.
1488 4593 1767 4665 Siquidem
1815 4609 1986 4665 pauca
2096 4589 2286 4663 μέναῑς
2317 4591 2526 4663 ὀλίγαις
2563 4592 2790 4660 λέξεσιν,
2826 4597 3212 4668 ὲνσπαρείσαις
3240 4597 3347 4653 ὑπὸ
3374 4600 3475 4671 τῆς
3502 4602 3660 4673 ἡμῶν

416 4681 531 4738 baec
556 4683 828 4738 sullis-lunt
862 4698 891 4738 a
919 4685 1077 4740 nobis
1107 4684 1391 4755 bucusque
1415 4686 1709 4756 disputata,
1737 4696 1899 4757 atque
1920 4685 1987 4741 ad
2097 4681 2456 4754 βραχύτητος,
2486 4685 2721 4740 ἐνταῦθα
2752 4687 2890 4760 πρὸς
2914 4688 3185 4742 ἀντίθεσιν
3207 4689 3309 4761 τῆς
3331 4691 3540 4764 πλάνης
3560 4697 3662 4764 τῆς

414 4786 539 4827 cum
553 4787 792 4829 errorem
823 4772 1247 4842 propulsandum
1276 4773 1332 4829 in
1361 4775 1599 4829 medium
1626 4775 1810 4829 allata.

801 4882 1078 4938 conum
1113 4883 1423 4941 ossssNos
1457 4845 1601 4957 (m.

559 4993 690 5060 Quoe
708 5004 782 5048 est
819 4994 895 5048 V!
918 4996 1130 5051 Μινωὶς
1162 4995 1452 5065 Iudaismi,
1475 4999 1658 5054 ordine
1684 4996 1844 5054 XIX.

485 5169 527 5224 l.
562 5168 817 5241 Sequitur
844 5171 1176 5230 Ossonorum
1209 5173 1431 5230 baeresis
1455 5190 1577 5229 cuin
1614 5175 1992 5246 superioribus

485 5325 502 5357 ¹
548 5323 680 5382 Luc.
719 5343 792 5393 vr,
826 5329 916 5384 ⁸5.
993 5330 1013 5360 ⁸
1039 5327 1173 5384 Gen.
1211 5344 1282 5382 tx.
1309 5329 1361 5383 5.
1439 5329 1461 5361 ⁸
1485 5314 1726 5400 Forte-q.
1750 5329 1832 5386 vel
1858 5329 1976 5386 τοῦ.

490 5482 604 5551 (15)
622 5483 731 5538 Kal
760 5485 912 5540 ὅπου
934 5487 973 5553 ἡ
1000 5486 1146 5555 δρῦς
1168 5486 1280 5554 τῆς
1297 5490 1394 5542 Ma
1416 5487 1564 5556 ιδρῆ.
1590 5487 1993 5549 celeberrimus

421 5554 561 5620 apud
586 5562 840 5634 ‘posteros
874 5556 1028 5609 loeus
1066 5557 1156 5610 ille
1183 5557 1304 5618 l'uit,
1341 5508 1413 5610 καί
1445 5574 1616 5627 usque
1641 5559 1985 5616 Constantini

426 5621 599 5691 Magni
625 5632 890 5692 tempora,
920 5626 1121 5693 quibus
1149 5633 1258 5679 tam
1277 5624 1522 5684 asudaels
1549 5640 1603 5684 et
1636 5629 1987 5696 Christianis,

422 5707 584 5761 «guam
619 5707 646 5745 a
678 5693 970 5758 gentilibus
1010 5693 1323 5762 frequentes
1368 5698 1650 5768 religionis
1685 5716 1815 5771 ergo
1856 5717 1989 5756 con·

424 5771 640 5824 vesitus,
670 5776 734 5814 ac
767 5773 1039 5817 mercatus
1073 5765 1185 5819 illic
1213 5764 1404 5830 babiti,
1428 5783 1567 5838 quos
1591 5771 1991 5828 Constantinus

425 5832 604 5887 euicto
640 5832 884 5886 sustulit.
916 5832 1251 5890 sozomenus
1285 5836 1321 5890 l.
1348 5853 1409 5899 ιι,
1444 5853 1494 5892 c.
1533 5839 1584 5894 5.

498 5902 607 5963 tu>
643 5901 797 5955 Κατὰ
832 5902 1163 5971 'otte-maium
1193 5905 1340 5972 Quos
1366 5910 1608 5965 ossenos
1636 5911 1722 5964 liic
1755 5913 1988 5983 appellat

2094 4773 2500 4847 προειρημένης
2518 4775 2800 4849 αἱρέσεως.

2516 4888 2706 4943 KATA
2743 4891 3060 4946 ΟΣΣΗΝΩΝ
3090 4893 3202 4966 (lt)
3223 4928 3239 4961 ,

2095 4993 2280 5064 'Exta
2320 4997 2551 5067 αἵρεσις
2581 4999 2699 5054 ἀπὸ
2737 5000 3104 5081 ’ζουδατσμοῦ
3119 5044 3135 5069 ,
3164 5006 3662 5083 ἐννεακαιδεκάτῃ

2604 5068 2672 5123 δὲ
2700 5081 2773 5140 τῃ
2810 5067 3158 5145 ἀκολουθίᾳ.

2162 5176 2243 5233 A'.
2274 5178 2434 5233 Μετὰ
2462 5179 2671 5254 ταύτην
2704 5183 2866 5239 πάλιν
2894 5184 3029 5258 άλλη
3070 5203 3156 5251 τις
3195 5187 3407 5261 αἵρεσις
3440 5191 3666 5259 ταύταις

2101 5492 2458 5565 Epiphanius,
2491 5491 2775 5563 Ὀσσαίους
2798 5499 2991 5558 haeresi
3022 5513 3130 5558 xxx
3165 5512 3221 5559 et
3245 5519 3363 5569 ιιη,
3395 5506 3661 5570 nominat.

2096 5572 2157 5617 ut
2210 5562 2453 5637 Scaliger
2507 5569 2794 5631 observat,
2842 5573 3297 5640 quemadmodum
3342 5577 3576 5633 Ἐσσαῖοι
3607 5587 3665 5635 et

2109 5634 2359 5717 Ὀσσ-ηνοί
2392 5651 2489 5705 pro
2521 5637 2713 5694 iisdem
2749 5642 3111 5710 accipiuntur.
3164 5643 3239 5702 Ex
3263 5662 3375 5716 quo
3405 5648 3665 5704 nimirum

2094 5704 2300 5773 colligit
2330 5707 2420 5761 τόν
2450 5707 2663 5762 nonnisi
2692 5711 2832 5764 κατὰ
2851 5727 3122 5783 παραγωγ
3164 5730 3192 5767 ν
3222 5716 3276 5770 ἰιι
3306 5714 3495 5771 Graeco
3516 5732 3666 5782 esse.

2095 5788 2272 5842 neque
2309 5775 2550 5830 radicale
2587 5776 2779 5842 videri,
2814 5781 2890 5834 uti
2929 5783 3106 5839 necin
3186 5800 3470 5844 ssenoraun
3502 5804 3667 5844 voca-

2096 5843 2243 5898 bulo.
2278 5843 2442 5900 Addit
2466 5846 2776 5928 ,Ὀσσηνούς
2800 5850 3018 5907 eosdem
3045 5865 3169 5911 esse
3194 5869 3317 5911 cum
3358 5857 3631 5928 Ἐσσηνοῖς
3648 5878 3663 5893 ·

2097 5923 2360 5984 utrosque
2391 5931 2536 5971 enun
2574 5933 2730 5974 esse:
2759 5928 2903 5984 ’nm
2928 5924 3055 5993 qu³a
3088 5938 3462 5995 szepenumrro
3486 5927 3665 5985 bolom
