3850 6517
292 550 366 606 63
1593 545 1653 598 S.
1697 542 2037 598 El‘ll’llta'n
2090 543 2267 596 vlu.

3495 531 3575 588 65

293 665 373 718 eis
407 682 421 718 ;
451 661 569 716 Dixi
593 661 702 732 jam
733 661 885 716 vohis
916 676 999 715 me
1031 676 1152 716 esse
1188 670 1546 728 peecatorem.
1582 657 1653 712 lis
1696 658 1869 730 magis
1899 667 1945 722 Α
1973 659 2264 730 ανθρὼπῳ.
2295 653 2462 712 Εἶπεν
2485 658 2541 711 δὲ
2572 658 2886 727 Ἐπιφὰνιος
2934 658 3069 730 πρὸς
3121 654 3315 719 αὐτούς
3335 673 3347 684 ·
3395 650 3568 710 Εἶπεν

292 753 631 824 rogantibus,
656 753 802 807 venit
840 753 972 806 hora
1003 766 1146 806 nona
1178 751 1303 804 diei.
1342 749 1487 803 Dixit
1530 760 1710 804 antem
1745 749 1877 821 Epi·

294 845 526 914 phanius
569 845 823 914 praesecto
857 861 869 895 ε
923 842 1202 906 Permitte,
1242 851 1301 896 ut
1337 857 1522 896 mensa
1571 851 1878 912 apponatur

296 937 381 991 his
413 937 748 998 hominihus,
779 934 1195 1002 comedantque,
1241 942 1297 987 et
1327 933 1533 997 bibant,
1581 944 1635 987 et
1688 934 1878 988 laeten-

292 1037 403 1103 tur,
454 1039 507 1082 et
565 1041 757 1080 rursus
806 1025 1023 1079 abeant.
1070 1023 1448 1094 Apposuitqne
1500 1040 1776 1090 mensam;
1828 1033 1882 1078 et

292 1119 574 1187 ingressus
614 1125 698 1171 est
745 1116 799 1170 in
831 1131 986 1170 suam
1019 1116 1232 1171 cellam.
1285 1117 1424 1185 Ipsis
1465 1126 1646 1171 autem
1693 1130 1879 1171 come·

293 1210 576 1272 ‹lentibuS,
633 1208 715 1264 sol
766 1223 927 1262 suum
962 1209 1241 1264 emittebat
1287 1210 1654 1280 splendorem,
1710 1218 1769 1262 ut
1821 1208 1878 1261 iu

292 1308 524 1363 aestate3
557 1307 609 1353 et
659 1307 879 1367 repente
906 1298 1062 1355 saelae
1099 1310 1226 1357 sunt
1269 1302 1526 1365 tenehrae,
1580 1299 1794 1371 fulgura
1826 1307 1881 1355 et

295 1389 560 1453 tonitrua,
603 1399 658 1443 et
691 1404 922 1459 magnus
953 1390 1130 1445 imber
1175 1393 1372 1446 cecidit
1415 1392 1467 1445 in
1503 1399 1725 1467 terram.
1762 1389 1882 1445 Prae

293 1488 441 1533 metu
492 1494 619 1533 vero
649 1494 841 1535 omnes
876 1489 1236 1536 surrexerunt
1268 1496 1301 1535 a
1348 1495 1561 1537 mensa.
1608 1479 1727 1535 Non
1779 1479 1882 1535 suit

297 1580 479 1624 autem
522 1570 676 1625 loeus
706 1569 760 1624 iu
791 1580 903 1625 tota
961 1570 1266 1639 Phoenieia,
1308 1571 1403 1642 qui
1452 1586 1560 1626 non
1610 1572 1882 1640 acceperit

294 1661 750 1717 benedictionem.
801 1661 1114 1734 Mansitque
1159 1663 1340 1733 pluvia
1392 1672 1504 1717 tres
1535 1662 1651 1716 dies
1695 1662 1874 1716 conti-

295 1768 454 1808 nuos.
480 1754 815 1810 Accedentes
844 1764 1025 1810 autent
1058 1755 1158 1809 viri
1196 1755 1264 1809 ad
1305 1755 1528 1810 domum
1559 1751 1875 1824 Epiphanti,

294 1841 561 1912 rogabant
588 1858 736 1909 eum,
769 1853 830 1898 ut
857 1843 1074 1898 sisteret
1100 1843 1360 1912 pluviam,
1393 1857 1516 1912 quae
1541 1842 1771 1896 cadebat
1810 1843 1878 1897 de

291 1932 452 1988 coelo.
502 1931 656 1989 Tune
704 1933 840 1987 dixit
891 1933 969 1987 eis
1016 1933 1395 2002 Epiphanius:
1439 1933 1580 1998 Quid
1639 1947 1728 1986 me
1755 1947 1878 1987 esse

1987 749 2114 817 ὑμῖν
2163 747 2283 817 ἤδη,
2314 747 2396 799 ὃτι
2421 745 2740 817 ἁμαρτωλός
2760 747 2896 816 εἰμι.
2923 743 3043 797 Τῶν
3071 743 3126 795 δὲ
3153 741 3428 794 ἐπιπλεῖον
3459 757 3568 792 παν·

1984 838 2378 912 ρακαλούντων,
2409 837 2640 907 ἔφθασεν
2675 838 2794 909 ὥρα
2817 837 2980 905 ἐνάτη
3008 836 3104 906 τῆς
3127 833 3359 904 ἡμέρας.
3393 830 3566 887 Εἶπεν

1981 931 2038 984 δέ
2069 931 2389 998 Ἐπιφάνιος
2421 929 2502 999 τῷ
2536 929 2855 1000 ἡγουμένῳ·
2908 927 3231 997 Ἐπίτρεψον
3269 927 3380 988 τοῖς
3413 921 3564 977 ἀδελ-

1982 1025 2123 1093 φοῖς,
2178 1022 2588 1094 παραθήσουσιν
2619 1022 2899 1092 τράπεζαν
2946 1024 3057 1084 τοῖς
3088 1019 3395 1091 ἀνθρώποις
3442 1018 3566 1070 τού·

1980 1132 2115 1178 τοις,
2145 1114 2239 1167 καὶ
2294 1114 2577 1182 φάγονται,
2610 1115 2704 1166 καὶ
2754 1114 3130 1186 εύφρανθῶσιν
3156 1154 3170 1180 ,
3210 1112 3304 1165 καὶ
3335 1111 3569 1163 ἀπελεύ-

1984 1224 2167 1261 σονται
2192 1206 2287 1277 τὴν
2314 1205 2429 1260 όδὸν
2452 1205 2652 1260 αὐτῶν.
2681 1207 2791 1260 Καὶ
2822 1206 3139 1277 παρέθηκαν
3158 1203 3234 1274 (α)
3259 1199 3567 1273 τράπεζαν,

1980 1299 2076 1351 καὶ
2104 1294 2351 1367 εἰσῆλθεν
2375 1296 2694 1366 Ἐπιφάνιος
2718 1298 2774 1349 ἐν
2802 1298 2867 1366 τῇ
2887 1295 3047 1366 κέλλῃ
3070 1292 3255 1349 αὐτοῦ.
3286 1290 3476 1373 ᾼύτῶν
3507 1290 3567 1345 δὲ

1980 1388 2299 1451 ἐσθιόντων,
2330 1383 2442 1459 ἦνό
2470 1388 2622 1458 ἣλιος
2650 1387 2981 1457 ἐπιπέμπων
3000 1386 3096 1448 τὰς
3124 1385 3345 1446 ἀκτῖνας
3376 1381 3565 1446 αὐτοῦ,

1981 1479 2172 1551 ὥσπερ
2204 1480 2263 1533 τὸ
2290 1479 2446 1551 θέρος
2466 1497 2479 1510 ·
2512 1479 2605 1532 καὶ
2635 1479 2891 1548 ἐξαίφνης
2938 1478 3126 1539 σκότος
3180 1475 3415 1550 ἐγένετο,
3471 1475 3567 1527 καὶ

1980 1569 2280 1641 ἀστραπαὶ,
2305 1570 2399 1623 καὶ
2442 1568 2680 1640 βρονταὶ,
2707 1570 2801 1621 καὶ
2829 1569 2981 1630 ύετὸς
3010 1567 3178 1637 μέγας
3216 1563 3449 1634 ἐπῆλθεν
3473 1565 3567 1616 ἐπὶ

1980 1661 2079 1732 τὴν
2104 1661 2229 1732 γῆν.
2266 1661 2403 1715 Ἀπὸ
2427 1661 2482 1715 δὲ
2517 1660 2682 1729 φόὸου
2737 1660 3039 1730 ἀνέστησαν
3092 1658 3290 1719 πάντες
3329 1656 3436 1709 ἀπὸ
3467 1656 3566 1726 τῆς

1978 1753 2276 1827 τραπέζης.
2314 1755 2430 1808 Ούκ
2456 1749 2523 1825 ἦν
2551 1754 2607 1807 δέ
2640 1755 2805 1816 τόπος
2832 1753 2924 1804 ἐπὶ
2980 1751 3158 1820 πάσης
3185 1750 3284 1818 τῆς
3297 1748 3564 1817 Φοινίκης

1978 1845 2088 1911 οἶος
2116 1848 2216 1900 οὐκ
2247 1843 2465 1910 ἐδέξατο
2492 1845 2591 1916 τὴν
2630 1844 2902 1913 εὐλογίαν.
2967 1844 3218 1911 Ἔμεινεν
3251 1840 3308 1892 δὲ
3354 1840 3383 1891 ό
3408 1838 3565 1901 ὑετὸς

1978 1939 2071 1990 ἐπὶ
2093 1937 2156 1988 τὸ
2184 1937 2316 1990 αὐτὸ
2350 1939 2498 2006 τρεῖς
2535 1934 2763 2006 ἡμέρας.
2790 1936 2898 1986 Καὶ
2932 1931 3317 2003 προσελθόντες
3360 1930 3409 1981 οἱ
3469 1929 3567 1983 ἄν·

292 2024 642 2090 existimatis,
676 2040 710 2078 o
759 2024 895 2078 lilii?
936 2023 1071 2080 Nam
1139 2040 1240 2096 ego
1278 2016 1498 2095 quoque
1546 2025 1708 2079 homo
1758 2038 1879 2078 sum
1911 2022 1955 2078 Β
1982 2029 2107 2100 δρες
2127 2027 2204 2098 τῷ
2236 2029 2499 2097 οἰκήματι
2548 2026 2869 2095 Ἐπιφανίου
2920 2023 3261 2095 παρεκάλουν
3289 2021 3562 2088 λέγοντες,

294 2112 436 2168 sieut
470 2128 582 2169 vos.
635 2113 750 2168 Scit
797 2121 979 2167 autem
1019 2112 1351 2179 benefactor,
1395 2113 1666 2184 ‘quidnam
1713 2113 1870 2167 uobis

297 2219 435 2272 opus
478 2205 572 2259 sit.
605 2191 851 2259 Vultisne
891 2217 1124 2260 vestram
1170 2206 1310 2260 viam
1343 2205 1568 2260 redire?
1622 2204 1706 2258 Illi
1738 2219 1869 2259 vero

293 2293 530 2349 dicunt:
576 2295 757 2362 Certe,
809 2295 989 2351 Pater.
1025 2296 1100 2351 Eo
1139 2306 1321 2352 autent
1373 2314 1404 2351 e
1452 2296 1589 2351 cella
1623 2309 1869 2366 egresse,

295 2401 489 2442 omnes
519 2388 834 2457 congregati
882 2403 1008 2443 eum
1058 2389 1552 2444 circumsteterunt.
1590 2387 1734 2441 Dixit
1764 2390 1872 2440 ‘au-

295 2484 403 2532 tem
435 2492 626 2532 rursus
649 2476 902 2548 praesecto
932 2495 945 2532 ι
987 2480 1308 2548 Apponatur
1331 2479 1413 2534 eis
1443 2494 1651 2533 mensa.
1709 2477 1877 2532 Cum·

294 2583 402 2637 que
434 2569 831 2631 consedissent,
867 2568 1267 2641 abaEpiphanio
1305 2570 1559 2638 petebant
1614 2576 1675 2621 ut
1713 2567 1875 2621 hene·

295 2660 515 2715 diceret.
554 2660 690 2715 Cum
734 2669 916 2716 autem
952 2662 1180 2718 dixisset
1211 2663 1550 2733 Epiphanius
1586 2681 1600 2716 ι
1643 2660 1873 2715 Benedi-

296 2762 417 2806 ctus
448 2750 624 2817 Deus,
675 2753 859 2807 statim
891 2768 921 2806 a
945 2761 1087 2808 terra
1137 2771 1384 2825 repressa
1413 2765 1496 2809 est
1541 2754 1744 2824 pluvia.
1779 2752 1869 2807 Vi-

296 2841 376 2894 dit
430 2856 557 2897 vero
605 2842 938 2912 Epiphanius
972 2860 1226 2916 magnam
1277 2847 1380 2900 sibi
1433 2846 1488 2900 in
1538 2846 1631 2899 illo
1676 2859 1868 2898 mona-

296 2931 465 2985 sterio
493 2932 609 2986 lieri
632 2933 1116 3002 pen-turbati‹.›nem,
1143 2948 1200 2992 et
1226 2952 1418 2991 rursus
1448 2935 1696 3006 quaesivit
1720 2949 1870 2987 rece-

296 3017 444 3075 dere.

1978 2121 2189 2183 Ὅπως,
2219 2121 2405 2188 φασιν,
2433 2118 2521 2172 διὰ
2554 2119 2821 2189 στόματός
2850 2136 2941 2171 σου
2973 2122 3176 2188 στήσῃς
3204 2115 3294 2169 τὸν
3340 2114 3567 2185 οὐρανό-

1978 2210 2070 2264 θεν
2096 2209 2267 2263 ὑετόν.
2304 2206 2473 2263 Εἶπεν
2502 2210 2558 2262 δὲ
2591 2210 2908 2279 Ἐπιφάνιος
2938 2210 3074 2282 πρὸς
3103 2207 3300 2271 αύτούς
3324 2223 3337 2237 ·
3368 2206 3453 2270 Τί,
3476 2205 3559 2259 τέ-

1978 2317 2103 2362 κνα,
2148 2301 2429 2370 λογίζεσθε
2462 2305 2548 2356 ἐπ’
2579 2305 2680 2373 ἐμὲ
2731 2305 2938 2367 ταῦτα;
2992 2304 3278 2375 ἄνθρωπος
3307 2303 3416 2373 γάρ
3447 2303 3564 2372 ely-t

1976 2389 2166 2461 ὥσπερ
2195 2392 2287 2444 καὶ
2317 2392 2489 2462 ὑμεῖς.
2528 2390 2683 2446 Οἶδεν
2707 2395 2763 2448 δὲ
2787 2395 2841 2447 τί
2870 2395 3144 2467 χρῄζομεν
3171 2398 3199 2449 ὀ
3246 2391 3561 2465 εὐεργέτης.
3596 2440 3602 2445 .

1977 2477 2043 2531 Εἰ
2082 2477 2337 2548 βούλεσθε
2364 2481 2693 2553 πορεύεσθαι
2721 2485 2820 2556 τὴν
2852 2485 2968 2537 ὁδὸν
2996 2484 3181 2555 ὐμῶν;
3214 2487 3275 2538 Οἱ
3304 2484 3360 2536 δὲ
3395 2483 3565 2552 φασί·

1977 2569 2108 2634 Ναὶ,
2144 2572 2349 2644 Πάτερ.
2372 2575 2546 2639 Αὐτὸς
2576 2577 2636 2630 δὲ
2657 2578 2888 2645 ἐξελθὼν
2917 2582 2983 2633 ἐκ
3004 2579 3102 2634 τοῦ
3138 2581 3372 2642 κελλίου,
3400 2578 3569 2632 ἀπαν-

1978 2676 2070 2723 ’ῑΞς
2104 2663 2472 2735 συνήχθησαν,
2496 2668 2591 2721 καὶ
2617 2668 2882 2724 ἐκύκλουν
2905 2673 3088 2726 αὐτόν.
3126 2669 3292 2725 Εἶπεν
3324 2671 3378 2721 δὲ
3407 2668 3568 2721 πάλι-ν

1977 2749 2294 2820 Ἐπῑφάνῑθς
2322 2753 2400 2824 τῷ
2419 2757 2708 2830 ἡγουμένῳ
2731 2781 2745 2792 ·
2779 2761 3122 2830 Ἐπίτρεψόν,
3153 2756 3561 2822 παραθήσουσιν

1974 2840 2253 2908 τράπεζαν
2285 2847 2397 2907 τοῖς
2446 2845 2758 2915 ἀνθρώποις
2779 2886 2794 2909 ,
2830 2851 2923 2900 καὶ
2970 2850 3249 2913 φάγονται.
3292 2837 3384 2890 καὶ
3418 2836 3559 2888 πίω-

1976 2948 2059 2985 σιν
2080 2972 2095 2995 ,
2127 2934 2221 2984 καὶ
2249 2932 2636 2986 ἀπελεύσονται
2666 2936 2764 3004 τὴν
2797 2935 3003 2985 ἑαυτῶν
3026 2932 3164 2984 ὁδόν.
3207 2931 3294 2994 Ὦς
3320 2928 3376 2982 δέ
3396 2926 3563 2981 ἐκαθ-

1973 3021 2208 3092 έσθησαν
2248 3022 2490 3088 ἅπαντες
2555 3024 2649 3077 ἐπὶ
2682 3023 2980 3096 τραπέζης,
3011 3024 3172 3094 ᾔτουν
3203 3024 3296 3076 τὸν
3331 3020 3565 3088 Ἐπιφά-

298 3128 405 3167 νιοι
438 3115 532 3168 τοῦ
580 3117 890 3188 εὐλογῆσαι.
932 3119 989 3172 Ὀ
1017 3119 1074 3172 δὲ
1112 3117 1426 3190 Ἑπιφάνιος
1471 3117 1545 3181 ὡς
1601 3112 1750 3169 εἶπεν
1785 3115 1864 3166 τό·
1910 3113 2218 3184 Εὐλογητὸς
2245 3113 2469 3185 Κύριος,
2532 3114 2736 3178 εὐθέως
2765 3117 2795 3167 ό
2824 3114 2977 3177 ὑετὸς
3030 3114 3267 3168 ἔστειλεν
3334 3112 3440 3167 ἀπὸ
3464 3112 3565 3170 τῆς

297 3207 421 3276 γῆς.
455 3204 608 3262 Εἷδεν
645 3209 699 3262 δὲ
728 3209 1044 3278 Ἔπιφάνιος
1083 3209 1243 3263 πάλιν
1282 3209 1381 3279 τὴν
1414 3208 1616 3279 πολλὴν
1680 3207 1899 3279 ὄχλησιν
1937 3203 2035 3275 τὴν
2096 3204 2385 3276 γινομένην
2406 3205 2555 3277 αὐτῷ
2587 3207 2647 3259 ἐν
2693 3205 2771 3277 τῷ
2806 3205 3175 3276 μοναστηρίῳ,
3236 3205 3332 3258 καὶ
3403 3202 3570 3256 πάλιν

298 3299 561 3370 ἐζήτησεν
595 3300 1045 3371 ὑπαναχωρῆσαι.

369 3387 584 3443 XXXll.
623 3389 760 3443 Cum
792 3400 972 3444 autem
1010 3391 1304 3460 aliquando
1350 3391 1734 3446 convenissent
1755 3387 1856 3456 epi·
1895 3392 1945 3446 C

300 3479 448 3548 scopi
480 3493 578 3547 pro
628 3478 865 3532 creando
917 3479 1198 3550 episcopo,
1257 3480 1588 3534 mentionem
1624 3476 1871 3532 fecerunt

300 3566 611 3639 Epiphanii.
654 3568 784 3622 Erat
829 3568 974 3623 enim
1007 3570 1226 3639 quidam
1265 3570 1567 3625 monachus
1592 3569 1645 3621 in
1693 3566 1872 3621 medio

300 3661 706 3732 episcoporum,
738 3661 820 3715 vir
866 3662 1018 3730 piuS,
1049 3669 1207 3716 anate
1233 3662 1471 3732 juvenis,
1512 3659 1781 3730 perlectus
1815 3659 1870 3711 in

304 3751 661 3821 temperantia
709 3766 774 3806 ae
817 3751 1207 3817 moderatione,
1244 3754 1465 3808 nomine
1504 3751 1779 3822 Polybius.
1827 3751 1873 3804 ls

304 3852 530 3895 noverat
573 3841 957 3909 Epiphanimn.
990 3839 1051 3893 Ei
1082 3849 1261 3896 autem
1288 3842 1542 3897 dixerunt
1591 3839 1829 3910 episcopi
1858 3857 1871 3893 z

304 3930 501 3999 Accipe
529 3945 754 3998 equum,
787 3939 840 3983 et
862 3929 995 3982 vade
1022 3930 1074 3982 in
1109 3931 1521 3992 monasterium,
1548 3938 1600 3982 et
1638 3929 1755 3981 vide
1805 3943 1872 3979 an

307 4016 379 4069 sit
428 4015 540 4068 illic
589 4012 950 4082 Epiphanius,
999 4023 1055 4068 et
1109 4031 1335 4070 currens
1380 4015 1645 4069 annuntia
1697 4013 1872 4067 nobis.

306 4104 520 4160 Nemini
550 4120 677 4160 vero
703 4105 924 4172 dixeris»,
951 4115 1004 4159 et
1034 4120 1134 4159 nec
1169 4106 1271 4174 ipsi
1306 4106 1522 4174 quidem
1551 4102 1872 4172 Epiphanio.

307 4196 447 4251 Cum
492 4207 673 4251 autem
738 4196 993 4269 Polybius
1049 4197 1285 4253 venisset
1323 4198 1377 4250 in
1448 4195 1876 4262 monasterium,

310 4289 566 4343 salutavit
595 4287 974 4358 Epiphanium.
1007 4290 1106 4345 Cui
1154 4288 1241 4343 ille
1276 4289 1450 4342 dixit:
1501 4287 1633 4354 Cur,
1678 4288 1753 4342 [ili
1784 4287 1881 4342 Po-

312 4379 442 4452 lybi,
484 4380 589 4435 huc
623 4380 854 4436 venisti?
886 4381 1025 4436 Dicit
1059 4381 1316 4453 Polybius
1346 4401 1359 4437 ;
1403 4382 1539 4452 Ege,
1570 4380 1749 4446 Pater,
1786 4395 1882 4435 vo·

314 4471 367 4525 lo
397 4487 724 4527 concurrere
763 4488 887 4527 cum
925 4475 1168 4528 veritate.
1198 4473 1339 4527 Dixit
1372 4472 1708 4543 Epiphanius
1735 4489 1748 4526 ι
1776 4473 1880 4526 Ae-

314 4561 557 4626 eurristi,
593 4561 904 4631 venistique
956 4561 1084 4628 hue,
1129 4577 1162 4616 o
1213 4562 1290 4616 fili
1334 4562 1556 4633 Polybi,
1604 4560 1808 4616 missus
1851 4578 1882 4615 a

316 4655 521 4709 sanctis
542 4655 912 4712 sacerdotibus
939 4656 1004 4711 ad
1029 4657 1453 4727 speculandum
1487 4657 1598 4711 noli
1624 4656 1819 4721 celare,
1850 4671 1882 4711 ο

316 4745 428 4808 iili,
453 4747 592 4800 :nala
626 4762 713 4802 res
741 4757 825 4803 est
868 4748 1236 4813 mendacium,
1275 4748 1365 4804 dic
1395 4748 1698 4802 veritatem.
1740 4746 1883 4803 Dens

315 4846 397 4891 est
428 4836 481 4889 in
511 4837 723 4902 medio;
766 4847 885 4892 esto
928 4840 1137 4909 probus
1177 4838 1424 4893 minister
1457 4838 1720 4892 veritatis.
1756 4836 1885 4908 Epi·

316 4927 550 4994 pbanius
583 4925 726 4979 enim
772 4926 922 4980 vadit
955 4928 1022 4982 de
1053 4928 1172 4984 loeo
1219 4929 1286 4982 ad
1337 4929 1540 4991 locum,
1580 4944 1803 4999 gemens
1830 4937 1885 4983 et

317 5025 554 5072 tremens
600 5025 819 5086 propter
849 5019 1016 5072 multa
1064 5035 1159 5075 sua
1193 5032 1428 5090 peecata.
1478 5019 1581 5076 Sed
1611 5006 1880 5092 agedum,

318 5107 526 5180 Polybi,
565 5124 725 5164 mane
777 5109 886 5174 hic,
940 5119 993 5164 et
1041 5111 1256 5166 remitte
1303 5113 1634 5181 jumentum,
1678 5121 1732 5165 et
1765 5111 1882 5167 siue

321 5199 629 5253 sacerdotes
659 5213 903 5267 quaerere
928 5214 1027 5255 eos
1052 5199 1147 5269 qui
1168 5200 1318 5271 digni
1349 5211 1479 5256 sunt
1499 5201 1654 5255 loeis.
1698 5199 1886 5254 Paruit

320 5286 624 5357 Epiphanio
650 5284 948 5359 Polybius;
993 5299 1049 5344 et
1073 5304 1198 5343 cum
1225 5288 1405 5344 valere
1434 5289 1687 5358 jussisset
1716 5290 1887 5343 comi-

320 5388 454 5445 tem,
495 5380 704 5436 remisit
745 5396 946 5450 equum
985 5381 1052 5436 ad
1078 5382 1385 5451 episcopos·
1429 5379 1532 5447 Qui
1574 5390 1758 5435 autem
1797 5380 1892 5436 du·

321 5472 478 5527 cebat
504 5469 887 5542 Epiphanium,
918 5488 1043 5527 eum
1070 5472 1226 5527 duxit
1253 5474 1306 5527 in
1338 5473 1613 5543 regionem
1665 5472 1890 5544 Cyprio·
1915 5475 1929 5487 “

324 5579 470 5618 rum.
504 5561 599 5617 llla
644 5578 775 5633 ergo
807 5571 966 5618 nocte
999 5565 1210 5634 aceepit
1269 5580 1356 5620 me
1403 5573 1458 5620 et
1489 5564 1800 5636 Polybium,
1840 5574 1895 5619 et

322 5654 530 5725 egressi
555 5668 747 5709 sumus
772 5653 1179 5723 proficiscentes
1209 5655 1602 5727 Hierosolymp.
1633 5655 1890 5711 Fuimus-

326 5760 434 5814 que
461 5745 569 5798 illie
591 5753 705 5798 tres
731 5742 868 5798 dies·
913 5740 1058 5798 Dixit
1088 5750 1268 5798 autem
1313 5745 1474 5801 nobis
1515 5743 1888 5815 Epiphanius:

399 5897 473 5958 (a)
515 5896 666 5965 Legit
700 5896 963 5964 interpres
1003 5893 1330 5966 παρέθηκεν.
1371 5961 1381 5973 ·

2047 3382 2172 3435 AB'.
2199 3381 2338 3434 Ποτὲ
2360 3379 2491 3451 γοῦν
2520 3383 2570 3434 oi
2594 3381 2883 3436 ἐπίσκοποι
2913 3381 3176 3452 συλλογὴν
3207 3381 3570 3451 ποιησάμενοι

1977 3472 2107 3544 περὶ
2143 3473 2467 3539 ἐπισκόπου,
2518 3473 2869 3543 ἐμνήσθησαν
2916 3472 3045 3544 περὶ
3079 3473 3423 3543 Ἐπιφανίου.
3458 3470 3576 3528 Ἦν

1974 3563 2031 3615 δέ
2058 3580 2142 3626 τις
2180 3562 2409 3632 μοναχὸς
2439 3565 2497 3618 ἐν
2525 3563 2678 3633 μέσῳ
2697 3563 2804 3615 τῶν
2842 3563 3181 3629 ἐπισκόπων,
3228 3564 3369 3636 ἀνὴρ
3403 3564 3567 3619 εὐλα-

1976 3654 2097 3724 6ὴς,
2124 3653 2242 3715 νέος
2272 3653 2555 3723 τυγχάνων
2585 3657 2651 3723 τῇ
2680 3653 2887 3725 ἡλικίᾳ,
2913 3654 3117 3717 τέλειος
3152 3653 3228 3709 ὢν
3257 3659 3314 3709 ἐν
3349 3673 3568 3727 σωφρο-

1979 3745 2130 3818 σύνῃ,
2161 3744 2421 3806 Πολύὸιος
2447 3744 2691 3813 ὀνόματι.
2718 3740 2884 3807 Οὗτος
2901 3745 2958 3797 δὲ
2972 3744 3088 3816 ᾔδει
3116 3746 3208 3799 τὸν
3222 3746 3564 3816 Ἐπιφάνιον.

1978 3833 2144 3891 Εἶπον
2164 3836 2220 3889 δὲ
2237 3835 2371 3908 πρὸς
2392 3836 2552 3889 αὐτὸν
2564 3837 2613 3888 οἰ
2643 3836 2931 3890 ἐπίσκοποι
2953 3854 2966 3867 ·
2985 3839 3129 3892 Aa&
3165 3841 3458 3912 ὑποζύγιον
3473 3843 3566 3908 ὀξὺ

1976 3931 2087 3992 τοῖς
2117 3930 2264 3992 ποσὶ,
2302 3929 2394 3980 καλ
2430 3927 2633 3981 ἄπελθε
2659 3930 2715 3980 ἐν
2760 3927 2838 3999 τῷ
2870 3930 3235 4001 μοναστηρίῳ,
3271 3934 3362 3985 καὶ
3387 3933 3484 3999 ἴδε,
3518 3935 3566 3986 εί

1981 4021 2096 4072 ἐκεῖ
2120 4021 2266 4072 ἐστιν
2290 4019 2634 4088 Ἐπίφάνιος,
2674 4020 2759 4074 καὶ
2795 4018 3019 4090 δραμὼν
3055 4021 3374 4090 ἀνάγγειλον
3399 4027 3564 4095 ἡμῖν·

1984 4107 2176 4177 μηδενὶ
2199 4107 2258 4160 δὲ
2282 4107 2439 4158 τοῦτο
2451 4108 2813 4179 ἀπαγγείλῃς,
2834 4110 2969 4180 μηδὲ
2994 4111 3141 4181 αὐτῷ
3151 4112 3229 4183 τῷ
3242 4113 3566 4185 Ἐπιφανίῳ.

1994 4196 2196 4253 Ἐλθὼν
2210 4193 2305 4250 οὖν
2319 4200 2348 4249 ὁ
2367 4197 2625 4261 Πολύδιος
2640 4201 2697 4251 ὲν
2720 4198 2798 4268 τῷ
2815 4203 3178 4273 μοναστηρίῳ,
3194 4204 3463 4273 είσῆλθεν,
3480 4208 3571 4260 καὶ

1982 4288 2268 4360 ἠσπάσατο
2292 4289 2381 4342 τὸν
2411 4289 2744 4358 Ἐπιφὰνιον.
2762 4288 2928 4344 Εἶπεν
2955 4291 3341 4362 δέἘπιφάνιος
3362 4295 3439 4365 τῷ
3465 4298 3573 4350 Πο-

1982 4381 2167 4452 λυόίῳ·
2193 4381 2277 4447 Τί,
2293 4380 2479 4435 τέκνον
2497 4381 2747 4448 Πολύόιε,
2774 4378 2937 4453 ἦλθες
2958 4384 3216 4450 ἐνταῦθα;
3237 4387 3569 4451 [Ιολύόιοςδδ
3627 4401 3632 4405 ·

1985 4470 2136 4528 εἶπεν
2173 4474 2503 4544 Ἐπιφανίῳ·
2531 4472 2676 4542 Ἐγὼ
2696 4473 2976 4544 βούλομαι,
3008 4478 3212 4548 Πάτερ,
3257 4482 3570 4551 συντρέχειν

1984 4570 2050 4640 τῇ
2071 4567 2316 4639 ἀληθείᾳ.
2346 4562 2516 4621 Εἶπεν
2535 4566 2592 4620 δέ
2622 4567 2937 4634 Ἐπιφάνιος
2960 4567 3037 4639 τῷ
3056 4569 3299 4642 Πολυόίῳ
3317 4589 3330 4602 ·
3372 4573 3571 4646 Ἔδρα-

1991 4677 2109 4731 μες,
2139 4658 2418 4736 ἐὸἀδισας,
2438 4656 2627 4710 τέκνον
2646 4655 2898 4721 nox-3622,
2937 4658 3209 4728 πεμφθεὶς
3235 4663 3384 4732 παρὰ
3406 4665 3569 4718 ὁσίων

1989 4751 2200 4823 ἀνδρῶν
2232 4751 2325 4802 ἐπὶ
2358 4751 2786 4820 κατασκοπήσει.
2841 4749 2932 4819 Μὴ
2962 4751 3192 4821 κρύπτε,
3226 4754 3441 4809 τέκνον·
3470 4774 3567 4809 κα-

1988 4844 2083 4896 κὸν
2115 4842 2176 4895 τὸ
2208 4840 2402 4910 ψεῦδος
2424 4855 2437 4869 ·
2476 4838 2602 4908 λέγε
2631 4839 2730 4910 τὴν
2774 4838 3026 4908 ἀλήθειαν
3050 4857 3064 4871 ·
3096 4842 3227 4907 Θεὸς
3266 4848 3323 4897 ἐν
3377 4847 3529 4917 μέσῳ
3549 4864 3564 4877 ·

1989 4936 2139 5004 γίνου
2166 4933 2386 5002 δόκιμος
2412 4931 2656 4994 διάκονος
2678 4930 2781 4999 τῆς
2806 4930 3083 5001 ἀληθείας.
3108 4936 3428 5004 Ἐπιφάνιος
3460 4939 3568 5010 γὰρ

1990 5026 2336 5098 περιέρχεται
2372 5023 2533 5077 τόπον
2558 5025 2623 5075 ἐκ
2644 5022 2832 5086 τόπου,
2859 5023 3060 5078 στένων
3093 5027 3184 5079 καὶ
3221 5028 3439 5098 τρέμων
3480 5029 3568 5082 διὰ

1988 5122 2085 5183 τὰς
2111 5115 2404 5188 ἁμαρτίας.
2436 5113 2595 5166 Ἀλλὰ
2608 5112 2768 5183 δεῦρο
2796 5113 2882 5184 δὴ,
2910 5116 3158 5180 Πολύόιε,
3190 5117 3317 5188 μένε
3358 5120 3565 5210 ἐνθάδε,

1984 5217 2081 5272 καὶ
2119 5207 2436 5266 ἀπόστειλον
2466 5205 2528 5258 τὸ
2560 5205 2856 5276 ὑποζύγιον
2889 5211 3001 5271 τοῖς
3044 5208 3282 5279 ἱερεῦσι,
3315 5214 3407 5265 καὶ
3431 5214 3567 5282 ἄφες

1984 5308 2112 5369 τοὺς
2144 5304 2308 5374 ἱερεῖς
2346 5300 2528 5370 ζητεῖν
2556 5299 2684 5361 τοὺς
2722 5299 2904 5362 ἀξίους
2940 5298 3047 5352 τῶν
3074 5301 3273 5356 τόπων.
3303 5304 3486 5357 Ταῦτα
3508 5303 3564 5354 δὲ

1988 5394 2157 5448 εἰπὼν
2181 5388 2501 5456 Ἐπιφάνιος
2527 5386 2606 5458 τῷ
2635 5385 2902 5456 Πολυόίῳ,
2930 5385 3132 5450 εὐθέως
3156 5388 3373 5454 ἐδέξατο
3400 5391 3434 5442 ό·
3458 5390 3561 5442 Πο-

1990 5484 2176 5546 λύ6ιος
2196 5482 2288 5534 τὸν
2335 5480 2491 5547 λόγον
2515 5475 2877 5546 Ἐπιφανίοιλ·
2919 5475 3013 5530 καὶ
3058 5477 3121 5548 δὴ
3164 5479 3564 5550 συνταξάμενος

1995 5575 2073 5648 τῷ
2106 5570 2402 5641 ἀκολούθῳ,
2438 5567 2752 5622 ἀπέστειλεν
2777 5566 2838 5620 τὸ
2872 5567 3160 5636 ὐποξύγιον
3208 5572 3318 5633 τοίς
3345 5570 3566 5623 ἐπισκό-

2000 5681 2152 5730 ποις·
2190 5664 2285 5717 καὶ
2309 5663 2338 5714 ὀ
2372 5661 2521 5729 ἄγων
2552 5654 2687 5728 ἦγεν
2710 5658 2801 5712 τὸν
2838 5659 3155 5729 Ἐπιφὰνιον
3201 5662 3293 5714 ἐπὶ
3319 5663 3416 5732 τῆς
3450 5663 3560 5715 Κυ-

2002 5758 2193 5829 πρίων.
2229 5754 2309 5825 Τῇ
2336 5748 2429 5806 οὖν
2464 5751 2620 5805 νυκτὶ
2649 5750 2829 5821 ἐκείνῃ
2859 5749 3036 5805 laeam
3070 5751 3166 5822 ἐμὲ
3219 5752 3311 5804 καὶ
3333 5753 3423 5805 τὸν
3462 5754 3564 5807 Πα-
