3850 6517
277 5424 282 5431 ι

277 5434 282 5442 ι

274 5450 279 5457 ι

296 476 407 538 m

1670 475 2137 533 ·S.'EP1PllANtt

301 595 920 669 induxerit‚³id'ipsum
957 597 1156 653 audeat
1203 599 1501 668 suscipere.
1548 596 1666 652 {loc
1701 605 1880 651 autem
1911 603 1955 659 Α
1989 596 2123 667 πρὸς
2151 595 2521 667 πληροφορίαν
2545 595 2639 666 τῆς
2662 589 3076 662 τετυφλωμένος
3098 585 3281 642 αὐτῶν
3306 585 3576 653 διανοίας,

298 690 617 746 eoconsilio
642 689 868 753 iaciunt,
895 689 1066 759 quod,
1089 689 1164 743 nti
1184 689 1552 744 miserandum
1578 689 1633 742 in
1658 687 1876 742 modum

298 779 511 852 decepti
537 787 684 845 sunt,
710 790 861 836 certo
890 780 996 837 sibi
1023 781 1408 850 persuadeant,
1436 795 1530 849 per
1553 786 1630 832 tot
1660 785 1880 847 tamque

296 871 515 928 diversa
548 870 793 927 facinora
826 872 1012 927 mundi
1041 871 1467 927 fabricatoribus
1497 869 1725 938 angelis,
1763 883 1880 923 om-

296 961 573 1034 nibusque
596 976 720 1033 quae
746 962 802 1017 iu
832 962 1035 1019 mundo
1064 969 1194 1018 sunt
1225 961 1520 1031 prostratis
1546 974 1610 1014 ac
1638 965 1881 1013 contem-

297 1051 433 1124 ptis,
469 1053 690 1107 illorum
729 1066 788 1107 se
825 1066 932 1106 non
968 1049 1182 1114 mundi,
1218 1051 1313 1106 sed
1351 1047 1660 1104 fabularum
1698 1046 1880 1118 potius

300 1141 577 1199 artisscum
612 1150 939 1212 potestatem
976 1142 1324 1213 transgredi3
1359 1157 1469 1212 quo
1506 1140 1787 1197 coelestem
1823 1139 1883 1194 li·

298 1235 565 1290 bertatem
599 1235 903 1299 obtineant,
944 1242 997 1290 et
1031 1248 1251 1290 sursum
1281 1233 1528 1303 aspirare
1552 1240 1717 1303 atque
1747 1246 1877 1286 evo-

297 1326 415 1382 lare
453 1329 688 1398 possint.
738 1329 896 1394 Quod
943 1326 1226 1383 hominum
1277 1341 1449 1397 genus
1499 1326 1567 1381 ad
1620 1325 1880 1380 Ecclesiae

301 1413 392 1471 Dei
430 1416 690 1487 probrum
736 1425 793 1472 et
828 1415 1221 1472 offendiculum
1248 1417 1548 1473 adornasse
1579 1430 1641 1471 ac
1673 1415 1881 1472 submi-

298 1507 444 1563 sisse
476 1505 712 1565 Satanas
734 1508 961 1563 ·videtur
993 1528 1008 1564 ι
1062 1509 1264 1579 quippe
1304 1509 1397 1579 qui
1441 1507 1879 1563 Christianorum

299 1598 407 1656 sibi
436 1613 636 1655 nomen
664 1598 981 1665 indiderint,
1022 1611 1080 1655 ut
1121 1607 1344 1672 propter
1370 1600 1495 1657 illos
1533 1598 1752 1655 offensae
1781 1615 1879 1654 na·

299 1691 479 1746 tiones
507 1689 577 1745 ab
605 1697 812 1747 sanctae
838 1688 933 1746 Dei
963 1691 1219 1747 Ecclesiae
1253 1692 1488 1746 utilitate
1522 1690 1878 1753 abhorreant,

299 1766 716 1850 nuntiatamque
746 1780 1032 1834 veritatem
1082 1780 1154 1836 ob
1197 1780 1457 1835 immania
1492 1780 1707 1834 illorum
1749 1778 1881 1833 l'aci·

297 1883 455 1937 nora,
489 1878 543 1926 et
571 1870 949 1926 incredibilem
993 1870 1296 1941 nequitiam
1332 1871 1654 1942 repudient;
1684 1878 1762 1936 ut,
1797 1869 1881 1922 in·

1981 687 2062 739 ὅτι
2107 685 2163 738 αἱ
2203 684 2448 737 τοιαῦται
2491 683 2854 754 ἐγχειρήσεις,
2891 676 3294 747 κατισχύσασαι
3340 675 3434 730 διὰ
3469 677 3580 731 τῶν

1979 773 2249 827 τοσούτων
2276 773 2547 844 πράξεων,
2579 773 2673 824 καὶ
2693 769 3178 842 καταφρονήσασαι
3210 766 3329 820 τῶν
3368 783 3577 838 κοσμο-

1982 865 2149 920 ’ποιῶν
2176 864 2444 934 ἀγγέλων,
2474 864 2569 917 καὶ
2592 861 2700 916 τῶν
2727 864 2783 914 ὲν
2812 860 2891 930 τῷ
2919 859 3110 930 κόσμῳ
3129 899 3143 920 ,
3175 857 3579 930 ὑπερὸαίνουσι

1980 956 2077 1028 τὴν
2103 956 2209 1010 τῶν
2238 955 2415 1008 αὐτῶν
2442 954 2770 1027 μυθοποιῶν,
2798 952 2860 1005 οὐ
2890 950 3001 1022 γὰρ
3023 951 3089 1003 ἂν
3120 949 3337 1020 εἴποιμι
3369 965 3579 1019 κοσμο-

1982 1047 2170 1112 ποιῶν,
2203 1046 2471 1113 ἐξουσίαν,
2503 1047 2652 1109 ὅπως
2680 1044 2747 1099 ἃν
2776 1043 2877 1114 τὴν
2901 1043 3011 1098 ἀνω
3042 1039 3375 1112 ἐλευθερίαν
3399 1041 3578 1095 ἀσπά-

1984 1155 2181 1191 σωνται
2201 1175 2215 1199 ,
2257 1135 2350 1189 καὶ
2377 1137 2475 1206 τὴν
2504 1134 2617 1188 ἀνω
2651 1132 2848 1202 πτῆσιν
2883 1131 3199 1200 κτήσαιντο.
3258 1127 3389 1181 Εἰσὶ
3420 1127 3481 1181 δὲ
3514 1128 3578 1181 ἐκ

1978 1223 2075 1278 τοῦ
2112 1225 2327 1277 Σατανᾶ
2358 1223 2468 1292 (84)
2503 1219 3027 1294 παρεσκευασμένοι,
3062 1217 3160 1271 καὶ
3190 1216 3579 1288 προῆεδλημέ-

1981 1333 2062 1369 νοι
2093 1317 2173 1379 είς
2198 1315 2397 1379 ὄνειδος
2442 1316 2538 1368 καὶ
2568 1313 2860 1369 σκάνδαλον
2900 1312 3002 1383 τῆς
3028 1311 3125 1364 τοῦ
3158 1308 3301 1364 Θεοῦ
3337 1310 3581 1382 'Euadn-

1984 1408 2123 1473 σίας.
2184 1407 2471 1461 Ἐπὲθεντο
2518 1409 2625 1479 γὰρ
2679 1407 2890 1469 ἑαυτοῖς
2943 1403 3176 1474 ἐπίκλην
3227 1401 3580 1474 Χριστιανοί,

1983 1502 2119 1573 πρὸς
2160 1499 2220 1554 τὸ
2252 1498 2695 1564 σκανδαλίζεσθαι
2722 1499 2790 1553 τά
2817 1497 2945 1568 ἔθνη
2971 1497 3038 1550 δι’
3065 1494 3269 1560 αὐτῶν,
3313 1494 3416 1549 καὶ
3445 1494 3581 1549 ἀπο-

1986 1589 2313 1663 στρέφεσθαι
2340 1590 2438 1661 τὴν
2466 1589 2568 1659 τῆς
2601 1588 2763 1657 ἀγίας
2786 1585 2878 1640 τοῦ
2910 1584 3045 1640 Θεοῦ
3081 1583 3424 1656 Ἐκκλησίας
3443 1585 3581 1656 ὼφὲ·

1982 1685 2153 1748 λειαν,
2199 1685 2293 1738 καὶ
2337 1684 2399 1736 τὸ
2445 1681 2696 1753 ἀληθινὸν
2749 1681 3010 1753 κήρυγμα
3059 1679 3146 1734 διὰ
3192 1680 3298 1750 τῆς
3347 1679 3580 1734 ἐκείνων

1983 1776 2425 1848 ἀθεμιτουργίας,
2459 1775 2552 1828 καὶ
2580 1775 2903 1828 ἀνεικάστου
2938 1773 3358 1845 κακοπραγίας,
3391 1773 3484 1839 εἰς
3524 1774 3581 1826 τὸ

1986 1867 2055 1922 τὰ
2092 1867 2217 1939 ἔθνη
2251 1866 2614 1921 κατανοοῦντα
2656 1864 2837 1918 αὐτῶν
2864 1864 2935 1918 τά
2972 1863 3248 1934 ἐπάλληλα
3282 1863 3432 1936 ἔργα
3471 1864 3582 1918 τῶν

299 1974 488 2031 quam,
514 1958 893 2030 frequentibus
939 1958 1153 2013 illorum
1190 1960 1492 2015 sceleribus
1529 1959 1878 2014 animadver-
1914 1962 1955 2016 B
1984 1960 2452 2030 ἁθεμιτουργιῶν,
2485 1957 2784 2027 νομίσαντα
2829 1956 2926 2010 καὶ
2969 1956 3096 2020 τοὺς
3125 1955 3228 2027 τῆς
3272 1957 3450 2025 ἀγίας
3485 1954 3583 2011 τοῦ

298 2051 401 2117 sis,
427 2064 524 2109 eos
550 2064 766 2122 quoque
791 2049 885 2120 qui
909 2059 1151 2106 esancta
1173 2049 1269 2105 Dei
1305 2050 1560 2105 Ecclesia
1592 2056 1722 2105 sunt
1748 2048 1884 2107 tales
1994 2049 2128 2104 Θεοῦ
2172 2049 2498 2118 Ἐκκλησίας
2534 2049 2809 2109 τοιούτους
2852 2040 2993 2100 εἶναι
3014 2086 3030 2112 ,
3063 2047 3465 2118 ἀποστρέφειν,
3507 2048 3585 2113 ὡς

277 2155 424 2197 =esse
455 2140 562 2197 sibi
591 2141 977 2212 persuadeant,
1027 2149 1191 2213 atque
1225 2141 1298 2196 ita
1333 2141 1404 2196 ab
1440 2141 1729 2196 verissima
1766 2139 1882 2197 Dei.

298 2232 381 2289 uti
401 2228 664 2297 diximus,
688 2219 941 2286 doctrina
967 2238 1432 2297 aures-avertant;
1464 2235 1558 2284 aut
1581 2235 1730 2284 certe
1754 2244 1886 2299 pau-

298 2334 490 2378 corum
532 2321 884 2392 improbitate
927 2331 1220 2394 conspecta
1261 2324 1318 2379 in
1365 2324 1656 2380 universos
1692 2321 1884 2378 eadem

300 2413 592 2469 maledicta
629 2414 949 2485 conjiciant.
992 2413 1171 2487 Atque
1206 2430 1270 2471 ea
1314 2415 1530 2471 demum
1567 2428 1732 2469 causa
1774 2421 1880 2479 est,

305 2519 414 2562 cur
442 2505 692 2577 plerique
715 2506 1024 2578 gentilium,
1057 2507 1372 2578 ubicunque
1398 2507 1561 2562 istius
1592 2513 1755 2563 sectoe
1785 2505 1883 2560 ho·

301 2596 480 2653 mines
495 2595 977 2667 deprehenderint,
991 2597 1196 2653 nullam
1214 2595 1500 2652 nobiscum
1515 2596 1688 2651 velint
1705 2610 1880 2666 neque

300 2687 415 2743 dati
441 2688 783 2760 acceptique,
820 2704 999 2761 neque
1019 2688 1258 2754 consilii,
1295 2702 1474 2759 neque
1500 2686 1756 2743 audiendi
1787 2687 1874 2743 di-

1994 2142 2087 2197 καὶ
2135 2144 2414 2214 προεῖπον,
2463 2142 2562 2211 τὴν
2606 2141 2773 2212 ἀκοὴν
2820 2139 2929 2195 ἀπὸ
2971 2139 3073 2209 τῆς
3113 2139 3208 2194 τοῦ
3251 2140 3394 2195 Θεοῦ
3434 2142 3586 2197 κατὰ

1991 2233 2251 2306 ἀλήθειαν
2280 2231 2661 2295 διδασκαλίας·
2697 2230 2730 2302 ἢ
2772 2232 2867 2285 καὶ
2916 2229 3160 2303 ὁρῶντάς
3215 2246 3378 2297 τινας
3443 2232 3588 2287 πάν-

1990 2326 2122 2390 τως*
2144 2323 2342 2396 ὁμοίως
2370 2323 2707 2394 βλασφημεῖν
2741 2323 2850 2376 Καὶ
2867 2322 3056 2376 τούτου
3080 2324 3245 2377 ἕνεκα
3273 2324 3326 2378 oi
3358 2324 3587 2389 πλείους

1986 2416 2095 2470 τῶν
2132 2415 2336 2476 ἐθνῶν.
2374 2416 2509 2469 ὃπου
2553 2414 2597 2468 δ’
2642 2413 2707 2468 ἀν
2755 2414 2908 2468 ἴδωσι
2951 2413 3264 2479 τοιούτους,
3307 2414 3440 2470 οὔτε
3486 2416 3588 2471 ἐπὶ

1985 2507 2241 2580 κοινωνίᾳ
2271 2510 2403 2580 ἡμῖν
2438 2508 2837 2581 προσφέρονται
2857 2506 3207 2579 ληψοδοσίας,
3244 2508 3277 2580 ἢ
3319 2507 3584 2581 γνώμης,

1984 2600 2019 2672 ἢ
2063 2599 2231 2670 ἀκοῆς
2276 2598 2438 2668 λόγου
2482 2596 2625 2652 θείου
2650 2638 2665 2662 ,
2717 2595 2839 2652 οῦτε
2881 2596 2983 2668 τὴν
3030 2597 3200 2669 ἀκοὴν
3242 2597 3585 2662 ἐντιθέασιν,

1979 2688 2318 2761 ἐπτυρμένοι
2365 2691 2473 2745 ἀπδ
2506 2689 2607 2762 τῆς
2640 2689 2747 2744 τῶν
2777 2688 3059 2763 ἀθεμίτων
3089 2689 3495 2760 ἀνοσιουργίας.

297 2783 413 2840 &ini
441 2783 595 2841 verbi
627 2782 941 2840 societatem
970 2781 1326 2856 conjungere,
1362 2797 1427 2838 ac
1458 2797 1526 2839 ne
1554 2795 1717 2839 aures
1770 2782 1992 2854 quidem
2033 2785 2278 2856 praebere
2321 2784 2662 2853 sustineant;
2714 2784 3026 2858 usqueadeo
3068 2782 3285 2839 nefariis
3333 2783 3566 2837 illorum

283 2872 518 2947 ,flagitiis
550 2873 909 2939 consternati,
950 2886 1014 2927 ac
1045 2871 1291 2928 deterriti
1332 2879 1482 2928 sunt.

355 2960 459 3019 iv.
492 2962 666 3019 Porro
698 2962 789 3020 isti
820 2964 876 3018 in
907 2963 1035 3019 luxu
1067 2973 1231 3033 atque
1259 2962 1474 3018 deliciis
1502 2961 1726 3018 assidue
1757 2977 1884 3017 ver·

300 3063 514 3121 santur,
558 3053 806 3125 nihilque
845 3069 953 3108 uon
993 3055 1062 3108 ad
1102 3066 1396 3124 corporum
1438 3053 1776 3123 voluptatem
1816 3066 1882 3107 ac

297 3145 697 3219 jucunditatem
732 3145 1075 3215 suscipiunt:
1104 3158 1282 3215 neque
1308 3143 1375 3201 ad
1405 3159 1508 3201 nos
1538 3143 1758 3216 penitus
1796 3158 1883 3199 ac·

2049 2963 2125 3016 Δ’.
2164 2959 2288 3016 Elei
2322 2961 2379 3014 δὲ
2413 2962 2471 3015 ἐν
2505 2961 2715 3034 ἀσωτίᾳ
2745 2960 3104 3027 διατελοῦντες
3126 2953 3296 3025 οῦτοι,
3320 2958 3424 3017 καὶ
3443 2960 3565 3049 πᾶν

1979 3053 2157 3108 ὁτιοῦν
2193 3052 2552 3126 ἐργαζόμενοι
2591 3054 2728 3127 πρὸς
2780 3054 3075 3112 εὐπάθειαν
3107 3050 3396 3139 σωμάτων,
3427 3054 3573 3127 ἡμῖν

1977 3141 2037 3196 δὲ
2064 3141 2203 3206 ὅλως
2230 3143 2330 3197 οὐκ
2363 3143 2696 3213 ἐγγίζοντες,
2723 3145 2772 3197 εί
2806 3146 2879 3218 μή
2904 3162 2956 3200 τι
2983 3143 3091 3218 ἀρα
3118 3143 3257 3218 πρός
3281 3142 3346 3199 τὸ
3367 3142 3575 3200 διλεά-

300 3230 525 3302 cedunt,
565 3236 670 3292 nisi
717 3235 858 3291 torte
904 3246 961 3290 ut
1005 3235 1305 3292 imbecilles
1350 3237 1565 3293 animos
1613 3236 1680 3292 ad
1712 3236 1877 3307 impia
1905 3274 1949 3331 c
1984 3250 2072 3288 σαι
2102 3232 2278 3305 ψυχὰς
2307 3235 2669 3307 ἀστηρίκτους
2691 3237 2749 3290 ὲν
2774 3239 2841 3310 τῇ
2867 3234 3039 3291 αὐτῶν
3065 3234 3572 3321 κακοδιδασκαλίᾳ.

299 3343 400 3386 sua
426 3326 679 3398 dogmata
719 3325 1016 3397 pelliciunt.
1074 3324 1261 3395 Neque
1296 3325 1442 3381 enim
1475 3324 1579 3379 alia
1627 3338 1688 3379 re
1715 3323 1878 3378 nobis
1982 3325 2079 3390 Εἰς
2102 3325 2256 3379 οὐδὲν
2289 3325 2397 3398 γάρ
2416 3327 2549 3398 ἡμῖν
2578 3326 2912 3397 όμοιοῦνται,
2938 3328 2972 3402 ἢ
3002 3327 3157 3401 μόνον
3197 3327 3435 3401 ὀνόματι.
3463 3331 3579 3385 κα-

299 3416 510 3475 είιιιίίεε
558 3422 717 3482 sunt,
761 3431 924 3487 quam
956 3414 1101 3486 quod
1142 3414 1259 3471 solo
1305 3413 1606 3471 Christiani
1656 3411 1880 3469 nomine

284 3508 624 3582 gloriantur,
654 3513 715 3561 ut
736 3508 981 3563 ementiti
1008 3505 1173 3576 hujus
1198 3505 1450 3561 vocabuli
1473 3503 1658 3576 specie
1684 3505 1882 3574 impro-

294 3599 522 3657 bitatem
544 3610 701 3654 suam
722 3602 1033 3652 exerceant.
1050 3594 1156 3650 Sed
1184 3595 1400 3661 horum,
1419 3595 1574 3665 105
1599 3595 1678 3651 uti
1706 3594 1879 3665 scrip-

299 3684 818 3757 tum'est,judicium
841 3685 1143 3757 legitimum
1166 3684 1338 3751 est,id
1356 3683 1504 3754 quod
1519 3684 1722 3740 Paulus
1749 3699 1879 3756 apo-

299 3776 710 3836 stolustradidit
728 3778 768 3833 ¹.
785 3776 1063 3848 Siquidem
1086 3783 1308 3848 propter
1341 3775 1708 3833 abominanda
1731 3777 1874 3848 ipso·

299 3881 423 3926 rum
450 3866 614 3934 iacta,
643 3881 855 3924 merces
876 3867 986 3923 illis
1014 3877 1385 3924 consentanea
1414 3867 1710 3937 reddetur;
1750 3884 1874 3924 uam

300 3968 426 4016 cum
454 3956 699 4012 animum
728 3970 889 4014 suum
923 3957 1041 4027 rapi
1080 3956 1322 4013 libidinis
1351 3958 1554 4027 impetu
1587 3971 1653 4013 ac
1691 3957 1877 4013 furore

299 4047 671 4125 permiserint,
694 4047 751 4104 in
778 4048 989 4105 infinita
1013 4065 1135 4107 sese
1154 4051 1494 4122 voluptatum
1517 4066 1714 4122 genera
1739 4067 1877 4122 prae·

304 4138 501 4212 'cipites
533 4140 902 4195 committunt.
933 4139 1013 4195 lta
1031 4140 1175 4195 enim
1206 4140 1511 4210 disputant,
1536 4155 1658 4210 quae
1685 4143 1752 4196 ab
1779 4142 1875 4197 ho·

301 4231 543 4287 minibus
568 4230 706 4283 mala
733 4228 1073 4300 judicantur,
1103 4245 1165 4286 ea
1194 4231 1421 4286 minime
1450 4231 1589 4285 mala
1610 4245 1753 4297 esse,
1778 4232 1874 4288 sed

300 4321 528 4380 honesta
553 4328 770 4378 natura.
810 4320 956 4377 Nihil
984 4321 1130 4377 enim
1165 4328 1360 4378 natura
1384 4323 1588 4379 malum
1618 4332 1736 4390 est;
1779 4325 1875 4382 sed

300 4413 370 4469 ab
389 4412 701 4470 hominibus
721 4413 987 4470 duntaxat
1008 4428 1175 4486 prava
1196 4424 1511 4471 censentur.
1536 4415 1668 4483 Quae
1688 4418 1735 4472 si
1750 4419 1874 4488 quis

299 4490 486 4560 omnia
527 4502 582 4558 in
632 4503 736 4559 hac
784 4519 893 4560 una
934 4506 1189 4576 praesenti
1238 4507 1346 4563 vita
1393 4507 1704 4580 perfecerit,
1754 4509 1874 4581 ejus

1979 3414 2188 3470 λε’ίσθαι
2218 3415 2592 3487 σεμνύνονται,
2619 3418 2770 3482 ὅπως
2793 3416 2882 3473 διὰ
2906 3416 3002 3472 τοῦ
3030 3416 3294 3489 ὀνόματος
3319 3416 3422 3473 τοῦ
3445 3418 3578 3473 ἐπι-

1983 3506 2221 3562 πλάστου
2262 3506 2331 3561 τὰ
2376 3508 2476 3578 τῆς
2512 3506 2721 3562 ἑαυτῶν
2764 3509 2966 3574 κακίας
2993 3508 3361 3582 ἐργάσωνται.
3403 3506 3480 3565 'n
3511 3508 3577 3564 δὲ

1981 3599 2157 3669 κρῖμα
2205 3597 2412 3651 τούτων
2458 3597 2602 3651 κατά
2642 3599 2704 3652 τὸ
2745 3600 3132 3673 γεγραμμένον
3158 3598 3366 3655 {wudu
3397 3588 3576 3665 θοήν.

1979 3686 2056 3750 ὡς
2095 3688 2125 3740 ὁ
2166 3687 2321 3756 ἀγιος
2356 3687 2567 3752 Παῦλος
2611 3691 2640 3743 ὁ
2686 3689 2985 3756 ἀπόστολος
3023 3690 3164 3762 ἔφη·
3198 3689 3290 3745 διὰ
3332 3689 3449 3763 γάρ
3471 3689 3575 3754 τὰς

1980 3774 2157 3840 κακάς
2187 3774 2369 3830 αὐτῶν
2412 3776 2641 3846 πράξεις
2676 3779 2739 3832 τὸ
2778 3780 3134 3851 ἀνταπόδομα
3172 3780 3572 3853 ἀποδοθήσεται

1979 3867 2181 3932 αὐτοῖς.
2217 3865 2413 3929 Ἀδεῶς
2434 3867 2543 3941 γάρ
2568 3869 2661 3922 τὸν
2693 3869 2820 3926 νοῦν
2845 3869 3025 3926 αὐτῶν
3051 3871 3134 3935 είς
3162 3868 3384 3946 οἶστρον
3413 3870 3563 3927 tx&-

1978 3955 2245 4023 δωκότες,
2290 3957 2522 4012 πάθεσιν
2566 3959 2771 4031 ἡδονῶν
2818 3960 3026 4033 μυρίων
3068 3960 3303 4027 ἑαυτοὺς
3335 3952 3570 4035 παραδο-

1980 4047 2207 4105 δώκασι.
2241 4051 2379 4104 Φασὶ
2407 4050 2546 4124 γάρ,
2583 4053 2664 4106 ὅτι
2707 4053 2807 4106 ὅσα
2848 4052 3128 4125 νομίζεται
3162 4053 3318 4125 παρὰ
3355 4052 3573 4128 ἀνθρὼ·

1980 4154 2102 4200 ποις
2129 4137 2279 4191 κακά
2308 4135 2471 4204 εἶναι,
2502 4142 2562 4194 ού
2598 4140 2744 4195 κακά
2773 4141 3032 4213 ὑπάρχει,
3057 4141 3193 4197 ἀλλὰ
3216 4142 3382 4213 φύσει
3406 4146 3568 4200 καλά.

1979 4226 2143 4281 Οὐδὲν
2182 4228 2292 4301 γάρ
2324 4231 2439 4283 ἐστι
2474 4232 2632 4301 φύσει
2666 4232 2835 4287 κακόν
2857 4248 2873 4264 ·
2910 4235 3026 4296 τοῖς
3055 4232 3113 4287 δὲ
3141 4233 3460 4307 ἀνθρώποις
3487 4218 3568 4289 νο·

1982 4315 2193 4388 μίζεται
2222 4316 2363 4373 εἶναι
2383 4321 2582 4391 φαῦλα.
2614 4324 2724 4376 Καὶ
2746 4324 2917 4378 ταῦτα
2946 4323 3126 4379 πάντα
3150 4325 3246 4380 ὲάν
3269 4343 3358 4391 τις
3381 4325 3565 4400 πράξῃ

1979 4410 2038 4462 ἐν
2067 4413 2133 4482 τῇ
2167 4413 2265 4484 μιᾷ
2294 4414 2463 4486 ταύτῃ
2494 4416 2789 4488 παρουσίᾳ,
2813 4418 2999 4472 οὐκέτι
3040 4419 3566 4490 μετενσωματοῦται

1976 4502 2142 4556 αὐτοῦ
2168 4505 2201 4574 ἠ
2229 4503 2394 4576 ψυχὴ,
2438 4507 2519 4570 είς
2546 4507 2607 4560 τὸ
2635 4508 2799 4563 πάλιν
2829 4508 3391 4580 ἀντικαταδληθῆναι,
3432 4508 3563 4565 ἀλλά

302 4594 485 4650 anima
513 4610 623 4651 non
672 4596 910 4666 amplius
952 4596 1008 4651 in
1054 4597 1158 4652 alia
1187 4613 1414 4670 corpora
1449 4600 1874 4666 transfunditur,
1909 4606 1955 4662 1)
1984 4593 2089 4646 ὑπὸ
2148 4594 2206 4649 ἓν
2230 4596 2506 4667 ποιήσασα
2562 4601 2742 4654 πᾶσαν
2807 4602 3009 4673 πρᾶξιν
3032 4643 3051 4668 ,
3114 4599 3565 4672 ἀπαλλαγήσεται

301 4682 438 4740 utin
458 4681 604 4740 hanc
629 4681 806 4740 lucem
832 4683 1012 4740 denuo
1034 4696 1384 4755 procreetur;
1412 4687 1506 4742 sed
1528 4688 1677 4742 omni
1703 4689 1875 4743 actio·

298 4788 430 4830 num
459 4789 660 4846 genere
682 4772 991 4845 perfuncta,
1020 4773 1192 4829 libera
1215 4781 1380 4845 atque
1404 4776 1662 4831 immunis
1683 4775 1874 4832 absce-

297 4864 413 4933 det,
442 4880 569 4920 cum
598 4864 806 4921 nullius
829 4865 1008 4920 adhuc
1035 4865 1091 4918 in
1123 4864 1229 4920 hoc
1246 4863 1452 4920 mundo
1482 4864 1667 4923 debito
1700 4867 1872 4922 actio·

300 4956 388 5012 nis
417 4955 709 5026 obligetur.
759 4953 1082 5024 Cuiusmodi
1109 4969 1239 5031 νει-ο
1265 4957 1533 5013 actionem
1570 4957 1872 5031 intelligant

298 5061 516 5104 rursum
547 5044 823 5117 explicare
841 5060 1056 5113 vereor,
1084 5062 1153 5103 ne
1176 5048 1322 5103 velut
1349 5060 1600 5118 opertum
1627 5065 1869 5118 coenum,

300 5139 376 5194 ita
416 5139 816 5211 graveolentem
849 5137 992 5194 hanc
1029 5140 1272 5194 cloacam
1306 5142 1568 5212 aperiam,
1605 5156 1670 5197 ac
1695 5143 1869 5212 pesti·

300 5228 427 5289 ferae
465 5231 751 5304 cujusdam
784 5231 1148 5288 exhalationis
1188 5247 1253 5287 ac
1285 5232 1471 5289 fetoris
1520 5234 1867 5291 occasionem

391 5385 423 5446 ‚¹
453 5383 613 5441 Rom.
634 5402 671 5453 ι,
698 5387 790 5442 27.
862 5389 884 5419 ⁸
909 5385 1035 5444 For.
1071 5387 1296 5450 πάντας.

348 5540 647 5615 ,(8β),Εὶσί
672 5543 742 5596 δὲ
770 5544 838 5597 ἐκ
863 5542 970 5598 τοῦ
996 5543 1249 5599 Σατανᾶ.
1269 5542 1627 5602 Perditissitni
1651 5545 1868 5602 haercti·

292 5626 486 5670 eorum
498 5606 768 5674 Gnostici,
794 5611 1175 5671 Gnosticorum
1195 5613 1606 5690 carpocratiani
1621 5615 1863 5680 luerunt,

295 5689 354 5738 ut
376 5680 472 5753 qui
489 5680 817 5759 turpissima
842 5697 1072 5753 quaeque
1088 5682 1291 5753 flagitia
1310 5689 1712 5743 committentes
1729 5687 1864 5741 adeo

291 5750 819 5816 noiiembesoerent,
837 5760 894 5807 ut
906 5753 1067 5808 etiam
1084 5753 1364 5826 glorianda
1385 5772 1451 5812 ac
1468 5771 1579 5829 prae
1590 5772 1651 5813 se
1666 5755 1867 5812 haben-

1980 4686 2429 4760 ὲλευθερωθεΐσα,
2462 4691 2557 4744 καὶ
2590 4692 2786 4762 μηκέτι
2818 4690 3170 4764 χρεωστοῦσά
3199 4708 3252 4745 τι
3279 4690 3393 4744 τῶν
3427 4691 3565 4764 πρὸς

1982 4776 2177 4847 πρᾶξιν
2211 4781 2269 4832 ἐν
2300 4778 2378 4850 τῷ
2404 4780 2616 4853 κόσμῳ.
2648 4783 2817 4836 Ποίαν
2864 4781 2922 4836 δέ
2954 4783 3153 4857 πρᾶξιν
3182 4784 3380 4849 εἰπεῖν,
3413 4770 3566 4837 δέδια

1980 4870 2162 4936 πάλιν,
2198 4872 2273 4944 μὴ
2304 4872 2562 4946 βορὸόρου
2588 4875 2742 4946 δίκην
2770 4875 3185 4949 κεκαλυμμένον
3215 4875 3405 4947 ὀχετὸν
3425 4875 3563 4929 ἀπο·

1977 4961 2205 5032 καλύψω
2226 5003 2241 5027 ,
2290 4964 2381 5019 καί
2412 4982 2522 5020 τισι
2565 4964 2702 5032 δόξω
2737 4966 3038 5039 λοιμώδους
3069 4967 3362 5039 δυσοδμίας
3394 4966 3563 5038 ἐργά-

1978 5053 2168 5117 ζεσθαι
2193 5055 2291 5128 τὴν
2319 5057 2643 5135 ἐμφόρησιν.
2684 5061 2823 5114 Ἀλλ’
2851 5063 3001 5132 ὅμως
3022 5061 3322 5132 ἐπειδήπερ
3347 5060 3405 5126 ἐξ
3429 5058 3564 5130 ἀλη-

1977 5144 2127 5209 θείας
2173 5148 2510 5220 συνεχόμεθα
2542 5151 2615 5206 τά
2660 5153 2811 5224 παρὰ
2846 5155 2959 5217 τοῖς
3003 5152 3380 5224 ἠπατημένοι-ς
3421 5152 3555 5205 &7:0-

1977 5236 2231 5309 καλύψαι,
2267 5240 2589 5315 σεμνότερον
2622 5247 2796 5301 εἰπεῖν
2827 5263 2909 5312 τε,
2937 5245 3031 5299 καὶ
3063 5243 3163 5316 τῆς
3188 5243 3449 5315 ἀληθείας
3483 5243 3559 5315 μὴ

1973 5546 2103 5628 nius
2126 5547 2328 5616 aliique
2368 5551 2641 5618 scribunt,
2683 5566 2954 5609 summam
2998 5554 3065 5610 ad
3112 5555 3412 5612 Christiani
3453 5571 3556 5613 no·

1971 5632 2136 5671 minis
2162 5618 2440 5689 inlamiam
2474 5634 2539 5675 ac
2568 5621 2806 5677 dedecus
2838 5639 2936 5680 cos
2970 5641 2999 5681 a
3021 5625 3246 5682 diabolo
3273 5642 3398 5683 esse
3423 5642 3556 5696 pro-

1969 5685 2187 5765 ductos,
2232 5694 2291 5741 ut
2336 5687 2568 5758 gentiles
2600 5705 2724 5746 cum
2759 5691 3107 5751 Christianos
3149 5696 3401 5753 homines
3435 5706 3554 5753 tam

1969 5769 2218 5826 iuiipuros
2238 5772 2311 5825 *ac
2341 5755 2584 5815 nefarios
2611 5760 2880 5828 viderent,
2916 5780 2947 5818 a
2977 5766 3293 5821 Christiana
3326 5764 3553 5835 profes-

289 5820 364 5878 ἀει
397 5828 668 5891 putarent.
701 5819 826 5879 ideo
862 5821 930 5878 de
970 5821 1413 5894 Carpocratianis
1456 5826 1777 5883 nominatim
1809 5831 1863 5879 et
1966 5828 2120 5880 sione
2162 5824 2380 5897 penitus
2425 5828 2803 5887 abhorrerent.
2841 5833 2987 5890 ldeni
3018 5843 3072 5891 et
3105 5834 3254 5892 Tei-t.
3299 5835 3355 5890 iu
3385 5836 3550 5906 Apol.

292 5891 550 5958 irenaeus,
570 5891 815 5949 etClem.
837 5908 896 5948 ιιι
925 5891 1125 5951 Sti-om.
1156 5903 1208 5951 et
1235 5894 1521 5965 Eusebius,
1546 5907 1600 5953 et
1626 5895 1861 5968 Epipha-

1967 5900 2019 5948 et
2050 5892 2302 5952 lustinus
2328 5896 2689 5968 scripserunt.
