3850 6517
2671 375 2691 404 o

835 453 1208 512 ADVERSUS
1249 455 1591 515 uAEttEssss
1627 455 1753 512 Lm.
1798 457 1837 511 1.
1874 451 2039 510 Tou.
2081 453 2119 509 ί.
2166 483 2231 493 --
2280 449 2553 507 nAERES.
2595 447 2723 506 viu.

3330 444 3441 506 ΞΜ

261 576 351 641 Cf'.
384 572 584 644 Ἐσχον
611 571 670 625 δὲ
702 564 846 625 οὗτοι
878 572 928 624 οἱ
965 571 1206 625 Ἰουδαῖοι
1242 571 1369 646 ἄχρι
1395 573 1490 644 τῆς
1515 573 1624 626 ἀπὺ
1653 571 1756 624 Βα-
1784 576 1830 631 Α
1929 567 2019 623 Vi,
2046 568 2126 623 Ac
2154 567 2301 638 quod
2325 567 2390 623 ad
2421 566 2644 624 Judaeos
2680 567 2821 622 istos
2862 565 3083 633 attinet,
3122 561 3227 634 19
3250 561 3320 617 ad
3369 562 3442 618 it-

189 663 429 728 ὂυλῶνος
455 661 832 734 αἰχμαλωσίας
865 661 1121 715 ἐπανόδου
1159 661 1372 733 βίόλους
1397 680 1456 717 τε
1492 663 1587 718 καὶ
1629 678 1765 733 προ-

189 755 369 825 φήτας
397 753 646 818 τούτους,
671 753 767 807 καὶ
797 751 1093 823 προφητῶν
1124 752 1338 822 βίόλους
1363 753 1585 816 ταύτας·
1612 751 1765 825 πρώ-

187 858 287 912 την
319 842 422 912 μὲν
446 840 686 904 Γένεσιν,
712 839 968 910 δευτέραν
991 839 1047 892 δὲ
1073 839 1310 906 Ἔξοδον,
1339 841 1531 913 τρίτην
1552 842 1767 896 Λευῖτι-

191 932 312 995 xcv,
355 931 625 1003 τετάρτην
666 930 978 1001 Ἀριθμοὺς,
1026 931 1283 1002 πέμπτην
1327 935 1762 1005 Δευτερονόμιον,

191 1023 356 1093 ἕκτην
390 1022 570 1093 βίόλον
601 1021 777 1093 Ἰησοῦ
802 1020 896 1076 τοῦ
922 1023 1101 1093 Ναυῆ,
1133 1022 1365 1094 ὲῦδόμην
1392 1024 1500 1077 τῶν
1525 1025 1764 1098 Κριτῶν,

191 1114 385 1184 ὀγδόην
429 1114 529 1184 τῆς
590 1112 768 1179 Ῥοὺθ,
827 1113 1056 1183 ὲννάτην
1106 1113 1200 1167 τοῦ
1245 1113 1387 1177 uene,
1435 1115 1666 1188 δεκάτην
1702 1116 1766 1170 τὸ

193 1202 524 1272 Ψαλτήριον,
552 1201 845 1274 ἑνδεκάτην
869 1203 1178 1274 Παροιμίας
1207 1202 1571 1275 Σολομῶντος,
1645 1205 1768 1260 δυο·

193 1289 522 1360 καιδεκάτην
553 1289 1004 1362 Ἐκκλησιαστὴν,
1027 1290 1479 1361 τρισκαιδεκάτην
1497 1291 1557 1344 τὸ
1576 1286 1764 1362 ’ᾼσμα

193 1384 300 1437 τῶν
347 1381 628 1453 ᾀσμάτων,
673 1382 1270 1454 τεσσαρεσκαιδεκάτην
1325 1382 1548 1454 πρώτην
1603 1382 1764 1437 Βασι-

193 1471 373 1535 λειῶν,
411 1470 901 1543 πεντεκαιδεκάτην
929 1471 1186 1544 δευτέραν
1224 1472 1539 1537 Βασιλειῶν,
1573 1474 1765 1527 ἐκκαι-

188 1562 422 1632 δεκάτην
442 1560 636 1635 τρίτην
665 1561 981 1627 Βασιλειῶν,
1005 1561 1474 1632 ἑπτακαιδεκάτην
1501 1561 1767 1633 τετάρτην

192 1649 510 1714 Βασιλειῶν,
560 1649 1039 1721 ὀκτωκαιδεκάτην
1081 1650 1304 1724 πρώτην
1352 1650 1766 1724 Παραλειπομέ-

191 1757 320 1806 νων,
350 1741 836 1812 ἐννεακαιδεκάτην
861 1742 1122 1814 δευτέραν
1150 1743 1665 1814 Παραλειπομένων,
1692 1745 1770 1797 εί-

1868 662 1962 716 lud
2020 677 2197 732 usque
2241 668 2483 730 tcmpuS,
2535 675 2643 731 quo
2689 674 2755 714 ex
2802 658 3134 730 Babylonica
3169 656 3440 714 servitute

1866 753 2077 808 reversi
2109 759 2261 816 sunt,
2285 751 2389 806 hos
2421 758 2475 806 et
2499 750 2817 822 prophetas,
2860 757 2916 804 et
2949 749 3341 821 prophetarum
3367 747 3440 802 li-

1868 845 1999 901 bros
2029 844 2364 898 hahuerunt.
2421 840 2641 897 Primus
2696 850 2782 897 cst
2835 839 3111 896 Geneseos
3165 839 3337 906 libem
3373 853 3439 905 ιι,

1869 935 2074 1003 Exodi;
2134 951 2218 1000 ιιι,
2253 933 2566 998 Leviticus;
2608 949 2681 994 ιν.
2712 929 2968 997 Numeri;
3002 947 3057 994 v,
3101 929 3440 985 Deuterono-

1866 1024 2074 1089 mium3
2103 1038 2179 1087 vt,
2208 1020 2348 1077 liber
2379 1019 2508 1080 «lesu
2538 1019 2634 1074 tilii
2663 1017 2808 1074 Nave
2827 1034 2969 1087 ;-vn,
3003 1015 3260 1071 ludicum
3281 1034 3296 1083 ;
3317 1032 3438 1081 νιιι,

1869 1113 2018 1168 Ruth
2047 1129 2062 1179 ;
2102 1128 2177 1168 ix.
2206 1110 2409 1179 Job3x,
2429 1110 2789 1177 Psalterium3
2810 1104 3445 1176 xi,ParabolaeSanmo-

1868 1203 1994 1272 nis;
2041 1216 2155 1269 xn,
2180 1202 2577 1269 Ecclesiastes;
2600 1218 2723 1267 xm,
2753 1199 3038 1256 Canticum
3064 1197 3440 1265 canticorum;

1868 1311 1983 1360 xiv,
2007 1293 2149 1349 liber
2175 1291 2197 1347 1
2222 1291 2533 1365 Regnorum
2555 1312 2571 1361 ·,
2596 1309 2688 1354 xv,
2725 1291 2863 1347 liber
2884 1287 2928 1345 ii
2964 1291 3275 1361 Regnorum
3296 1306 3310 1354 ;
3329 1302 3443 1354 xvi,

1869 1381 2010 1436 liber
2034 1378 2101 1435 lu
2140 1377 2484 1450 Regnorum3
2515 1379 2792 1442 number
2824 1374 2890 1430 tv
2924 1375 3264 1446 Regnornm3
3289 1388 3442 1439 xvut,

1869 1472 2009 1527 iiber
2039 1470 2060 1524 1
2089 1469 2585 1542 paralipomenom
2618 1486 2732 1536 xix,
2791 1469 2932 1524 liber
2988 1467 3035 1521 11
3070 1465 3444 1537 Paralipome-

1870 1568 2011 1629 n6n;
2070 1579 2140 1619 xx
2173 1604 2188 1629 ,
2253 1561 2546 1617 duodecim
2598 1560 3019 1632 prophetarum
3073 1572 3163 1612 xxi
3194 1597 3210 1623 ,
3274 1553 3445 1610 isaias

1869 1654 2167 1726 propheta3
2204 1671 2312 1708 xxn
2336 1694 2352 1720 ,
2389 1651 2659 1709 'eremias
2680 1649 2967 1723 propheta,
3003 1662 3127 1704 cum
3159 1645 3444 1700 Lamenta·

1869 1747 2135 1810 tionibus,
2199 1754 2254 1801 ct
2310 1745 2560 1817 epistolis
2606 1753 2716 1799 tam
2763 1742 2906 1813 ejus,
2954 1754 3116 1812 quam
3171 1734 3443 1796 Bai-uehi:

193 1830 390 1903 κοπῆν
405 1830 464 1884 τὸ
481 1831 1000 1905 Δωδεκαπθόφητον,
1020 1833 1275 1905 εἰκοστὴν
1293 1834 1516 1906 πρώτην
1544 1835 1770 1890 Ἡσαΐαν
1871 1855 2036 1903 xxiii,
2071 1837 2356 1904 Ezechicl;
2396 1853 2544 1901 xxiv,
2583 1835 2808 1901 Danie13
2864 1848 2993 1899 xxv,
3019 1831 3159 1886 liber
3182 1828 3200 1884 Ι
3222 1827 3443 1892 Esdrae;

190 1919 283 1972 τὸν
315 1922 620 1993 προφήτην,
656 1921 906 1994 εἰκοστὴν
930 1923 1190 1996 δευτέραν
1221 1923 1313 1978 τὸν
1349 1926 1634 1996 προφήτην
1670 1926 1767 1977 Ἰε-
1802 1902 1843 1957 Β
1870 1945 2020 1996 xxvi,
2074 1929 2215 1984 liber
2247 1926 2290 1982 ΙΙ
2318 1927 2503 1983 Esdrae
2547 1944 2562 1990 ς

194 2011 412 2082 ρεμίαν,
452 2013 589 2082 μετὰ
630 2012 739 2067 τῶν
769 2014 991 2086 Θρήνων
1020 2014 1115 2069 καὶ
1168 2015 1492 2069 Ἐπιστολῶν
1515 2014 1679 2069 αὑτοῦ
1702 2033 1763 2070 τε

193 2101 287 2157 καὶ
315 2102 410 2156 τοῦ
446 2103 678 2176 Βαρούχ·
710 2106 964 2178 εἰκοστὴν
989 2107 1182 2179 τρίτην
1229 2106 1487 2179 'lect-:mizi
1520 2107 1610 2162 τὸν
1632 2123 1767 2179 προ-

193 2194 388 2264 φήτην,
427 2195 677 2268 εἰκοστὴν
713 2195 981 2269 τετάρτην
1013 2195 1209 2267 Δανιὴλ
1236 2197 1327 2251 τὸν
1353 2198 1662 2269 προφήτην,
1690 2196 1767 2250 εί-

192 2283 393 2356 κοστὴν
432 2285 685 2359 πέμπτην
723 2289 783 2342 τὸ
812 2288 1028 2362 πρῶτον
1066 2288 1268 2359 βιθλίον
1301 2288 1396 2342 τοῦ
1428 2288 1656 2358 Ἔσδρα,
1684 2289 1763 2342 εί-

195 2375 393 2446 κοστὴν
422 2377 584 2449 ἕκτην
609 2379 669 2432 τὸ
705 2379 955 2467 δεύτερον
987 2379 1210 2450 βιόλίον,
1246 2379 1496 2450 εἰκοστὴν
1524 2379 1763 2451 έόδόμην

2618 1919 2796 1987 xxvii,
2852 1922 3075 1979 Esther.
3126 1920 3302 1992 Atque
3330 1920 3446 1974 haec

1872 2027 2001 2073 sunt
2033 2032 2183 2074 xxvn
2236 2017 2542 2085 volumina,
2594 2030 2716 2086 quae
2757 2012 2963 2068 Judaeis
3017 2019 3147 2068 sunt
3178 2023 3446 2064 concessa

1870 2108 2173 2164 divinitus:
2207 2123 2331 2179 quae
2358 2107 2425 2162 ad
2484 2122 2597 2162 xxti
2633 2120 2735 2177 pro
2794 2104 3102 2158 litterarum
3138 2115 3259 2172 qnae
3303 2097 3445 2169 apud

1871 2198 2134 2256 Hehraeos
2165 2207 2294 2255 suut
2316 2212 2545 2254 numero
2565 2197 2922 2266 rediguntur:
2946 2201 3232 2264 propterea
3249 2188 3393 2262 qnod
3416 2206 3444 2244 x

1869 2305 1937 2344 ex
1967 2288 2078 2345 iilis
2108 2290 2165 2344 in
2191 2289 2439 2359 quinque
2465 2287 2596 2358 juga
2619 2286 3049 2351 distribuuntur.
3077 2281 3153 2338 De
3199 2295 3311 2352 quo
3335 2278 3451 2336 alio

1869 2380 1993 2436 loco
2018 2381 2306 2450 peispicue
2336 2378 2758 2449 disputavimus.

199 2466 259 2516 τὸ
296 2464 497 2533 βιὸλίον
538 2468 757 2540 Ἐσθήρ.
803 2471 916 2525 Καὶ
959 2466 1118 2524 αὗταί
1160 2473 1298 2524 εἰσιν
1338 2471 1395 2523 αἱ
1436 2469 1754 2523 εἰκοσιεπτὰ
1791 2468 1985 2540 βίδλοι,
2017 2471 2075 2524 αἱ
2104 2473 2169 2524 ὲκ
2214 2470 2348 2525 Θεοῦ
2375 2467 2612 2523 δοθεῖσαι
2664 2468 2778 2529 τοῖς
2813 2464 3104 2528 Ἰουδαίοις.
3173 2458 3452 2544 Είκοσιδύο

198 2551 254 2604 δὲ
284 2553 360 2616 ὡς
419 2553 488 2607 τὰ
516 2558 643 2625 παρ’
697 2557 879 2621 αὐτοῖς
943 2562 1182 2627 στοιχεῖα
1211 2558 1319 2611 τῶν
1391 2558 1696 2629 Ἐὄραῖκῶν
1732 2559 2078 2631 γραμμάτων
2118 2559 2540 2633 ἀριθμούμεναι,
2585 2557 2674 2611 διὰ
2722 2557 2778 2610 τὸ
2818 2553 3137 2609 διπλοῦσθαι
3164 2551 3276 2625 (57)
3317 2549 3445 2606 δέκα

198 2640 417 2710 βὶὅλους
464 2645 546 2707 είς
589 2644 749 2698 πέντε
781 2645 1097 2716 λεγομένας.
1136 2647 1273 2717 Περὶ
1309 2646 1496 2700 τούτου
1531 2647 1588 2701 δὲ
1628 2647 1760 2720 άλλη
1791 2665 1895 2702 που
1931 2649 2120 2721 σαφῶς
2140 2652 2461 2722 εἰρήκαμεν.

266 2732 386 2785 Etsi
408 2733 464 2785 δὲ
489 2736 580 2787 καὶ
609 2735 765 2790 άλλαι
785 2735 879 2790 δύο
900 2736 1069 2806 βίόλοι
1091 2739 1219 2809 παρ’
1237 2738 1418 2803 αὐτοῖς
1453 2740 1509 2792 ὲν
1539 2739 1766 2809 ἀμφιλέ-

191 2788 382 2892 κτῳῒή
406 2822 577 2892 Σοφία
596 2823 689 2878 τοῦ
713 2825 906 2897 Σιράχ,
921 2826 1014 2881 καὶ
1037 2829 1069 2897 ἡ
1092 2825 1186 2880 τοῦ
1203 2826 1571 2896 Σαλομῶντος,
1598 2828 1766 2899 χωρὶς

191 2908 367 2962 ἄλλων
402 2909 562 2964 τινῶν
595 2910 818 2983 βιδλίων
859 2913 1273 2986 ἑναποκρύφων.
1314 2916 1490 2969 Πᾶσαι
1514 2916 1571 2970 δὲ
1607 2909 1764 2975 αὗται

194 2999 339 3069 ἱεραὶ
356 2998 630 3070 βίόλοιτδν
645 3001 972 3073 Ἰουδαῖσμδν
989 3003 1265 3067 ἐδίδασκον
1289 3005 1382 3060 καὶ
1400 3007 1467 3060 τὰ
1486 3006 1578 3060 τοῦ
1600 3009 1765 3078 νόμου

196 3087 522 3161 φυλάγματα
538 3090 642 3156 ἓως
661 3094 759 3167 τῆς
784 3094 878 3148 τοῦ
906 3094 1111 3168 Κυρίου
1131 3096 1288 3167 ήμῶν
1317 3095 1493 3167 Ἰησοῦ
1525 3096 1765 3171 Χριστοῦ

197 3181 514 3253 παρουσίας·
545 3186 638 3239 καὶ
673 3185 855 3250 καλῶς
877 3186 1136 3259 ἐφέροντο
1173 3187 1677 3259 παιδαγωγούμενοι
1708 3190 1767 3242 ὲν

192 3270 270 3342 τῷ
287 3272 456 3343 νόμῳ,
474 3275 522 3326 εί
538 3275 787 3340 ἐδέξαντο
804 3276 897 3330 τὸν
910 3277 1142 3348 Χριστὸν
1160 3277 1252 3332 τὸν
1264 3277 1371 3330 ὑπὸ
1384 3277 1478 3331 τοῦ
1498 3278 1774 3347 παιδαγω-

193 3360 310 3431 γοῦ,
341 3364 484 3434 φημὶ
506 3365 561 3418 δὲ
580 3366 671 3419 τοῦ
699 3368 888 3438 νόμου,
916 3369 1095 3433 αὐτοῖς
1122 3368 1571 3440 προκηρυχθέντα
1588 3385 1648 3421 τε
1677 3368 1773 3422 καὶ

193 3453 662 3526 προφητευθέντα,
702 3458 809 3522 ἵνα,
855 3457 1139 3528 δεξάμενοι
1177 3458 1344 3513 αύτοῦ
1377 3459 1477 3529 τὴν
1518 3458 1769 3528 θεότητα,

195 3545 289 3605 καὶ
309 3546 408 3616 τὴν
425 3546 690 3617 ἐνσαρκον
710 3547 878 3603 αὐτοῦ
902 3550 1206 3620 παρουσίαν
1230 3548 1495 3620 μάθωσιν,
1518 3548 1578 3601 οὐ
1604 3549 1774 3603 κατά-

195 3634 348 3699 λυσιν
384 3637 572 3708 νόμου,
613 3636 748 3693 ἀλλά
776 3640 876 3713 τὴν
913 3639 1006 3693 τοῦ
1045 3640 1209 3711 νόμου
1249 3640 1552 3711 πλήρωσιν·
1585 3637 1774 3711 ἐπειδὴ

194 3729 247 3783 οἱ
270 3729 434 3780 τύποι
457 3728 515 3780 ὲν
539 3727 616 3798 τῷ
643 3729 794 3800 νόμῳ
820 3724 984 3801 ἦσαν,
1010 3732 1044 3802 ή
1073 3730 1131 3783 δὲ
1164 3729 1388 3801 ἀλήθεια
1417 3731 1475 3782 ὲν
1497 3729 1575 3801 τῷ
1597 3730 1774 3800 Εὐαγ-

196 3818 382 3889 γελίῳ.
414 3816 564 3870 Ἐκεῖ
592 3819 701 3889 γάρ
736 3821 770 3891 ή
809 3820 1084 3892 περιτομὴ
1114 3820 1352 3891 σαρκική
1381 3821 1774 3893 ὐπηρετήσασα

197 3910 374 3981 χρόνῳ
392 3909 495 3974 ἕως
525 3911 624 3979 τῆς
661 3911 903 3982 μεγάλης
928 3911 1254 3982 περιτομῆς,
1279 3910 1527 3965 τουτέστι
1549 3910 1644 3966 τοῦ
1667 3914 1774 3966 Βα-

197 4000 504 4068 πτίσματος
542 3999 635 4052 τοῦ
665 4000 1085 4072 περιτέμνοντος
1111 4003 1259 4074 ἡμᾶς
1295 4002 1404 4063 άπὸ
1436 4003 1773 4075 ἁμαρτημά-

195 4109 329 4154 των,
356 4090 447 4143 καὶ
477 4090 875 4163 σφραγίσαντος
909 4094 1056 4164 ἡμᾶς
1084 4095 1166 4162 είς
1192 4093 1362 4163 ὄνομα
1389 4092 1546 4148 Θεοῦ.
1574 4095 1684 4148 Καὶ
1704 4089 1773 4167 ἦν

197 4183 318 4234 ἐκεῖ
349 4180 639 4247 Σά66ατον,
676 4181 902 4254 κατέχον
932 4185 1078 4263 ἡμᾶς
1105 4186 1185 4250 είς
1214 4185 1275 4239 τὸ
1306 4183 1448 4256 μέγα
1475 4184 1770 4250 Σάδὸατον,

196 4272 476 4326 τουτέστιν
518 4274 597 4338 είς
642 4274 947 4329 ἀνάπαυσιν
1001 4276 1260 4347 Χριστοῦ,
1319 4276 1406 4329 ἵνα
1451 4278 1508 4330 ὲν
1555 4275 1773 4347 Χριστῷ

199 4359 615 4433 σαόὀατίσωμεν
644 4362 752 4416 ἀπὸ
787 4363 1222 4434 ἁμαρτημάτων.
1257 4365 1369 4418 Καὶ
1394 4359 1461 4435 ἦν
1495 4364 1614 4417 ἐκεῖ
1637 4365 1774 4437 πρό-

198 4451 361 4506 6ατον
390 4451 584 4522 ἄλογον
608 4453 888 4524 θυόμενον,
921 4454 1256 4526 καθοδηγοῦν
1281 4455 1428 4525 ἡμᾶς
1450 4456 1528 4518 είς
1548 4454 1609 4508 τὸ
1631 4454 1774 4526 μέγα

1948 2743 2088 2799 Sunt
2115 2754 2166 2800 et
2204 2744 2297 2799 alii
2330 2742 2608 2806 duolihri,
2635 2756 2777 2813 quos
2808 2740 2882 2795 ilii
2909 2755 3008 2812 pro
3025 2738 3211 2796 dubiis
3224 2738 3460 2806 habent„

1873 2834 2132 2891 nimirum
2150 2833 2367 2890 sirachi
2380 2842 2435 2890 et
2449 2831 2761 2889 Salomonis
2777 2831 3080 2903 Sapientia,
3095 2838 3294 2902 praeter
3308 2829 3447 2886 aiios

1872 2927 2137 2997 quosdam
2168 2926 2262 2997 qui
2291 2926 2610 2998 apocryphi,
2637 2924 2743 2981 hoc
2780 2929 2865 2980 est
2904 2921 3129 2979 ohscuri
3166 2921 3447 2978 dicuntur.

1873 3014 2045 3072 Porro
2063 3016 2246 3071 omnia
2260 3015 2354 3070 iiia
2368 3020 2725 3070 sacrosancta
2744 3012 3022 3069 volumina
3040 3009 3269 3066 ludaica
3286 3008 3436 3065 insti-

1874 3111 2014 3167 tuta,
2034 3104 2281 3176 legisque
2315 3092 2673 3159 caeremonias
2698 3101 2990 3167 ducebant,
3023 3113 3200 3170 usque
3228 3095 3297 3152 ad
3317 3092 3447 3151 Jcsu

1874 3192 2079 3249 Christi
2114 3191 2418 3248 Salvatoris
2451 3192 2775 3257 adventuum
2809 3190 3142 3261 omninoque
3189 3186 3449 3258 praeciare

1876 3284 1981 3359 suh
1994 3284 2097 3339 hac
2114 3284 2249 3355 iege,
2263 3282 2659 3354 velutquodam
2673 3281 2988 3338 institutore
3002 3293 3125 3335 cum
3142 3278 3253 3334 illis
3268 3286 3448 3335 actum

1877 3372 2036 3433 toret,
2068 3373 2115 3428 si
2149 3386 2310 3443 quem
2325 3370 2512 3428 eadem
2541 3370 2735 3426 illalex
2760 3368 3450 3440 pmdixerat,vcnturum·

1873 3476 1983 3531 que
2011 3470 2440 3527 monstraverat,
2468 3461 2749 3518 Christum
2774 3472 3077 3530 agnoscere
3102 3456 3406 3512 voluissent
3429 3470 3463 3522 3-

1875 3564 1936 3610 ut
1962 3551 2081 3623 ejus
2103 3552 2451 3609 divinitatem
2479 3551 2747 3617 confessi,
2795 3553 2900 3606 hoc
2928 3550 3110 3622 ipsum
3144 3548 3294 3619 quod
3324 3561 3449 3603 cor·

1872 3661 2008 3718 pore
2036 3643 2299 3715 praeditus
2331 3644 2669 3710 advenisset,
2705 3657 2815 3698 non
2843 3641 2911 3696 ad
2943 3639 3078 3710 legis
3104 3637 3458 3695 eversionem.

1875 3734 2173 3806 pertinere.
2206 3733 2303 3789 sed
2339 3733 2406 3788 ad
2436 3733 2561 3803 ejus
2591 3731 3126 3790 consummationem
3179 3726 3449 3796 intellige-

1874 3833 1997 3881 rent
2021 3824 2317 3896 :quoniam
2341 3824 2549 3880 umhrae
2580 3823 2853 3881 duntaxat
2900 3831 3066 3892 atque
3094 3817 3364 3888 imagines
3391 3817 3448 3875 in

1875 3916 2015 3987 lege,
2045 3914 2100 3969 in
2131 3912 2430 3985 Evangelio
2462 3913 2669 3972 veritas
2690 3913 2810 3984 ipsa
2842 3911 3183 3968 continetur.
3213 3906 3352 3963 Nam
3381 3907 3450 3974 11,-

1875 4006 1948 4061 iic
1972 4005 2221 4076 corporis
2246 4004 2573 4077 praescripta
2599 4003 2949 4064 circumcisio
2970 4010 3076 4071 est,
3099 4016 3221 4073 qnae
3252 4001 3307 4054 in
3342 4014 3448 4055 usu

1876 4097 2065 4153 tandiu
2094 4094 2218 4161 suit,
2242 4095 2425 4167 quoad
2459 4095 2653 4167 ingens
2682 4094 2895 4156 estitia
2924 4091 3279 4159 circumcisio
3312 4088 3444 4146 suh·

1873 4194 2084 4251 secuta,
2112 4185 2426 4257 Baptismus
2481 4187 2758 4251 videlicet,
2808 4200 2921 4257 quo
2966 4197 3071 4241 nos
3131 4199 3162 4238 a
3202 4179 3449 4255 peccatis

1875 4277 2242 4349 praecidimur,
2266 4285 2323 4332 et
2356 4276 2412 4331 in
2440 4275 2531 4331 Dei
2561 4277 2783 4333 nomine
2822 4275 3129 4346 signamur.
3159 4273 3454 4340 nubebant

1875 4368 1955 4424 illi
1991 4375 2252 4440 praetcrea
2287 4367 2611 4433 Sabbatum,
2655 4369 2802 4438 quod
2832 4382 2935 4424 nos
2983 4365 3053 4422 ad
3082 4378 3343 4436 magnum
3381 4363 3449 4418 il-

1874 4459 1968 4516 iud
2024 4458 2348 4524 Sabbatum,
2398 4458 2504 4515 hoc
2530 4466 2616 4515 est
2663 4458 2866 4516 Christi
2916 4456 3135 4512 Domini
3180 4455 3462 4526 quietem,-

199 4542 491 4613 πρόόατον,
525 4545 618 4604 καὶ
642 4543 965 4615 ἐπουράνιον
993 4545 1131 4617 ὑπὲρ
1167 4545 1324 4617 ήμῶν
1357 4547 1450 4600 καὶ
1485 4549 1625 4622 ὑπὲρ
1652 4549 1774 4605 ὅλου
1805 4572 1853 4628 1)
1879 4549 2238 4622 praeparando
2269 4550 2499 4614 detinet,
2533 4557 2592 4603 nt
2643 4565 2674 4604 a
2728 4557 2955 4621 peccato
3011 4547 3123 4619 20
3161 4548 3450 4602 cessante·

199 4630 292 4685 τοῦ
323 4632 530 4703 κόσμου
560 4631 743 4688 τυθέν.
779 4634 889 4687 Καὶ
920 4631 988 4703 ἦν
1020 4634 1136 4687 ἐκεῖ
1164 4635 1570 4700 άποδεκάτωσις
1601 4638 1776 4707 ἀσφα-

199 4723 477 4794 λιζομένη,
527 4724 612 4777 ἵνα
657 4724 731 4796 μὴ
769 4720 908 4795 λάθῃ
962 4726 1109 4796 ἡμᾶς
1149 4724 1211 4779 τὸ
1263 4725 1394 4782 ἰῶτα
1434 4731 1467 4801 ή
1501 4729 1684 4796 δεκὰς,
1714 4731 1777 4785 τὸ

199 4813 415 4884 πρῶτον
446 4817 706 4885 στοιχεῖον
737 4814 832 4868 τοῦ
858 4814 1033 4885 Ἰησοῦ
1064 4815 1349 4886 ὀνόματος.

1880 4640 2030 4696 velut
2064 4638 2362 4695 Sabbatum
2400 4637 2674 4709 quoddam
2716 4638 2773 4692 in
2826 4636 3048 4692 Christo
3079 4634 3448 4690 celebremus.

1880 4729 2009 4785 Erat
2042 4746 2209 4802 penos
2254 4730 2377 4785 ilios
2418 4737 2473 4785 et
2490 4728 2611 4785 ovis
2659 4727 2884 4784 victima
2942 4725 3177 4783 rationis
3223 4736 3469 4794 expers„

1878 4835 2001 4889 quoe
2029 4835 2131 4875 nos
2162 4819 2227 4873 ad
2259 4820 2406 4874 iilam
2436 4834 2688 4890 magnam
2743 4818 3133 4890 coelestemqne
3176 4813 3448 4888 perduco.-

202 4916 283 4962 ret
314 4922 494 4971 ovem,
527 4924 626 4979 pro
659 4918 847 4965 nostra
879 4910 1182 4979 mundique
1230 4911 1400 4967 totins
1430 4913 1608 4970 sainte
1660 4922 1978 4971 mactatam.
1999 4915 2270 4970 Praeterea
2309 4913 2561 4968 instituta
2593 4913 2739 4985 apud
2795 4913 2920 4970 iilos
2972 4911 3264 4969 decimatio
3319 4907 3444 4973 ruit.

200 5016 320 5068 quae
348 5016 536 5057 nosco
559 5002 928 5073 praemuniret,
958 5019 1025 5058 ne
1047 5003 1158 5057 iota
1188 5003 1447 5068 iitteram,
1482 5023 1603 5077 quae
1636 5016 1766 5065 nota
1803 5009 2059 5067 decussis
2121 5019 2226 5075 cst,
2266 5009 2519 5080 idemque
2567 5007 2699 5066 «iesu
2736 5009 2978 5075 nominis
3034 5010 3273 5090 primum
3330 5005 3448 5073 ele*

203 5101 443 5147 mentum
478 5092 732 5163 ignorare
757 5109 1060 5164 possemus

272 5185 346 5237 Z'.
385 5183 538 5236 Ἐπεὶ
570 5178 665 5238 οῦν
692 5182 770 5254 τῷ
795 5184 949 5254 τύπῳ
978 5185 1241 5256 ήχθησαν,
1270 5187 1365 5240 καὶ
1402 5188 1502 5241 οὐκ
1530 5187 1769 5270 ἔφθασαν

203 5276 281 5338 εἰς
302 5273 578 5329 τελείωσιν
603 5275 698 5347 τὴν
721 5275 808 5329 διὰ
834 5275 998 5348 νόμου
1029 5278 1123 5332 καὶ
1150 5277 1440 5350 προφητῶν
1462 5280 1556 5341 καὶ
1576 5277 1768 5341 ἄλλων,

204 5365 296 5420 καὶ
329 5366 511 5437 πάσης
543 5366 725 5438 βίόλου
774 5368 1213 5440 κεκηρυγμένην,
1254 5369 1617 5443 ἐξεβλήθησαν
1661 5370 1770 5425 ἀπὸ

278 5519 392 5593 (57)
431 5521 533 5576 Διὰ
560 5522 625 5576 τὸ
651 5520 1032 5576 διπλοῦσθαι.
1073 5519 1206 5576 Nam
1255 5520 1379 5576 libri
1423 5521 1533 5577 duo
1560 5521 1767 5594 Regum

205 5592 439 5662 priores,
468 5608 606 5662 quos
630 5590 899 5647 Samuelis
922 5600 1142 5656 vocant,
1171 5592 1424 5646 volumen
1457 5609 1622 5647 unum
1643 5608 1771 5647 con·

203 5662 462 5725 stitutum,
498 5665 735 5730 itemque
785 5661 989 5732 Regum
1039 5661 1149 5715 duo
1198 5663 1531 5728 posteriores
1576 5676 1764 5718 unum.

205 5726 344 5783 Tum
395 5731 535 5785 liber
582 5730 721 5786 Ruth
755 5746 878 5784 cum
907 5730 1157 5785 Judicnnt
1205 5730 1341 5785 libro
1367 5732 1614 5786 voinnicn
1646 5732 1766 5785 ιιιιί-

203 5813 336 5854 cum
366 5799 512 5854 facit.
543 5799 633 5855 Sic
664 5807 716 5854 ct
738 5800 860 5854 iibri
885 5800 1330 5868 Paralipomenon
1357 5800 1484 5862 dun,
1515 5800 1772 5855 totidem·

1949 5184 2061 5241 vit.
2094 5184 2367 5252 Quoniam
2399 5186 2570 5256 igitur.
2607 5192 2703 5259 pei·
2736 5186 3054 5242 umbrasse
3096 5185 3298 5259 figuras
3329 5195 3445 5253 tra·

1877 5278 2028 5332 ducti
2070 5284 2220 5342 sunt,
2246 5292 2350 5332 nec
2377 5293 2497 5335 cam
2540 5277 2933 5350 perfectionem
2961 5278 3234 5342 assecuti,
3276 5293 3444 5349 quam

1877 5371 1959 5425 lex
1999 5368 2219 5439 pariter,
2257 5383 2321 5423 ac
2345 5370 2643 5439 prophetae.
2673 5366 2969 5436 caeterique
3013 5379 3227 5436 omnes,
3280 5378 3445 5439 atquo

1875 5538 1980 5592 qne
2034 5521 2254 5587 Esdrae,
2285 5523 2497 5592 singula
2542 5536 2688 5595 apua
2740 5536 2997 5581 neoraeos
3036 5527 3313 5582 voiumina
3361 5526 3444 5581 ta·

1875 5596 2046 5647 ciunt.
2076 5591 2154 5645 lta
2182 5607 2211 5644 t·
2237 5592 2527 5660 expunctis
2560 5594 2931 5650 voluminibus
2973 5603 3191 5650 constat
3216 5609 3353 5659 xxti,
3380 5596 3443 5649 li·

1877 5662 2099 5715 brorum
2130 5674 2409 5715 numerus.
2427 5659 2563 5719 Vide
2592 5663 2812 5719 Hieron.
2841 5664 2896 5719 in
2920 5635 3148 5736 ff’roloqo
3173 5663 3394 5718 calcato
3418 5678 3441 5727 ,·

1876 5730 2139 5855 ῗγῖῧίυιιι
2188 5727 2386 5784 catech.
2438 5745 2490 5786 tv
2520 5772 2536 5798 ,
2587 5728 2879 5790 Eusebium
2933 5734 3028 5791 lib.
3086 5749 3138 5787 vr
3207 5731 3442 5799 Hister..
