3850 6517
301 498 393 557 stt

1000 488 1371 548 ADVERSUS
1409 488 1750 547 ttAEttEsEs
1788 490 1920 549 un.
1955 491 2022 548 lt.
2051 490 2214 549 Tott.
2255 491 2296 549 1.
2322 524 2390 534 —
2429 493 2700 551 ttAEttEs.
2739 493 2828 550 Lt.

3441 488 3548 547 902

290 617 389 672 τοῦ
417 609 720 669 Ματθαίου.
737 608 796 663 ⁰0
837 607 939 679 μὲν
985 607 1096 680 γὰρ
1133 608 1413 671 Ματθαίος
1457 610 1695 679 ἐσημανε
1723 625 1875 679 τρια·
1902 613 1951 670 Δ
1975 609 2209 673 charius,
2226 620 2428 664 elusor
2451 610 2563 679 ejus
2589 610 2654 663 de
2669 608 2883 679 filiabus
2910 609 3114 673 Aaron,
3134 608 3342 664 nomine
3367 606 3549 665 13:320-

291 704 560 774 κονταετῆ
593 700 783 773 χρόνον
810 698 909 753 ἀπ’
937 699 1140 770 ἀρχῆς·
1189 700 1219 752 ὁ
1267 698 1325 752 δὲ
1357 698 1584 770 Μάρκος
1627 700 1696 753 τά
1737 700 1877 770 μετά

296 799 593 872 τριάκοντα
626 794 847 847 ἔταττεν
877 791 993 864 ἔτη,
1016 792 1115 861 τὴν
1144 793 1202 844 ἐν
1225 791 1303 862 τῷ
1322 790 1560 863 Ἰορδάνῃ
1580 793 1879 865 γενομένην

300 888 360 943 ἐν
386 885 616 957 ἀληθείᾳ
643 883 1047 955 πραγματείαν.
1079 884 1239 952 ὃμοια
1271 883 1646 955 τῷΜατθαίῳ
1678 885 1773 940 καὶ
1799 886 1879 957 τῷ

301 979 518 1048 Λουκᾷ·
552 980 581 1030 ό
627 976 684 1029 δὲ
727 974 1003 1038 Ματθαῖος
1039 974 1147 1028 ἀπὸ
1196 977 1645 1047 τριακονταέτους
1683 978 1877 1048 χρόνου

308 1070 409 1139 πρὸ
436 1070 532 1137 τῆς
556 1071 613 1120 ἐν
638 1066 716 1136 τῷ
730 1065 971 1137 Ἰορδάνῃ
991 1065 1196 1119 καὶτοῦ
1219 1067 1593 1136 βαπτίσματος
1618 1085 1879 1138 πραγμα-

302 1162 451 1223 τείας
484 1160 545 1212 τὺ
582 1158 829 1229 διήγημα
866 1159 1132 1209 ἐποιεῖτο·
1168 1158 1384 1221 Λουκᾶς
1417 1158 1475 1211 δὲ
1495 1160 1601 1229 πρὸ
1623 1159 1719 1212 τοῦ
1747 1160 1877 1231 χρό·

302 1271 393 1307 νου
430 1252 523 1304 τοῦ
563 1250 931 1321 συλληφθῆναι
975 1249 1068 1302 τὸν
1100 1248 1332 1321 Σωτῆρα
1360 1253 1418 1305 ἐν
1450 1253 1652 1323 γαστρὶ
1679 1254 1787 1306 ἀπὸ
1820 1253 1881 1320 ἒξ

305 1349 488 1420 μηνῶν
530 1347 624 1401 τὸν
671 1346 862 1418 χρόνον
908 1343 1120 1415 ἐδήλου,
1152 1344 1246 1397 καὶ
1284 1345 1441 1399 ἐννέα
1482 1346 1668 1417 μηνῶν
1696 1348 1875 1412 πάλιν,

300 1442 394 1493 καὶ
422 1441 617 1507 ὀλίγων
644 1436 868 1509 ἡμερῶν
912 1437 1013 1506 τῆς
1059 1435 1374 1506 συλλήψεως
1402 1436 1497 1489 τοῦ
1528 1439 1733 1509 Κυρίου
1753 1454 1768 1469 ·
1802 1440 1879 1503 ὡς

299 1528 437 1585 εἶναι
489 1531 582 1582 τὸν
625 1528 803 1582 πάντα
828 1527 1017 1599 χρόνον
1048 1526 1160 1598 (23)
1208 1528 1501 1597 τριάκοντα
1526 1529 1584 1582 ἓν
1610 1530 1748 1594 ἔτος,
1780 1530 1876 1583 καὶ

304 1625 579 1680 ἐπέκεινα.
603 1624 878 1692 Διηγείται
906 1620 964 1673 δὲ
993 1620 1088 1673 καὶ
1115 1620 1213 1689 τὴν
1236 1619 1345 1674 τῶν
1371 1624 1644 1692 ποιμένων
1666 1622 1752 1676 διὰ
1768 1621 1879 1677 τῶν

302 1712 811 1783 εὐαγγελισαμένων
842 1710 1087 1780 ἀγγέλων
1112 1709 1395 1763 θεοπτίαν·
1427 1712 1523 1765 καὶ
1553 1710 1629 1776 ὣς
1661 1715 1881 1785 ἐγεννή-

301 1803 368 1872 θη
397 1807 455 1856 ἐν
488 1802 756 1874 Βηθλεὲμ,
791 1803 885 1855 καὶ
909 1800 1307 1872 ἐσπαργανώθη
1353 1804 1413 1855 ἐν
1461 1803 1658 1877 φάτνῃ,
1691 1805 1786 1858 καὶ
1809 1804 1877 1876 τῇ

300 1895 459 1968 ὀγδόῃ
487 1894 852 1967 περιετμήθη,
880 1894 976 1947 καὶ
1013 1894 1072 1946 ἐν
1106 1893 1514 1964 τεσσαράκοντα
1546 1895 1782 1966 ἡμέραις
1807 1894 1880 1948 τὰ

1979 701 2118 755 beth.
2136 702 2315 757 Altius
2343 715 2472 772 ergo
2497 714 2663 771 quam
2696 699 2979 756 Matthaeus
2999 715 3231 758 exorsus
3264 712 3368 757 est.
3408 701 3548 757 llat-

1979 794 2154 848 thaeus
2173 793 2315 848 enim
2344 793 2685 848 tricesimum
2710 794 2887 849 aetatis
2907 808 3111 848 annum
3137 794 3296 848 initio
3311 792 3554 849 declara·

1975 885 2298 942 νημαι-ωε
2313 901 2441 942 vero
2452 901 2572 956 quae
2586 894 2706 955 post
2722 888 3060 941 tricesimum
3078 896 3230 958 gesta
3246 895 3375 943 sunt
3391 897 3554 957 cxpe-

1976 981 2087 1035 suit
2106 997 2120 1032 :
2141 986 2193 1034 et
2224 975 2570 1049 iniisquaead
2593 978 2885 1033 Jordanem
2918 981 3264 1050 contigerunt
3291 992 3553 1033 enarran-

1978 1074 2063 1128 dis
2088 1071 2340 1125 Matthaeo
2365 1086 2428 1124 ac
2449 1069 2611 1125 Lucae
2627 1084 3020 1124 consentaneus
3040 1067 3550 1128 escswttantm-ns

1980 1162 2049 1216 ah
2078 1176 2222 1216 anno
2258 1163 2377 1231 ipso
2419 1161 2714 1224 tricesimo,
2761 1168 2888 1215 ante
2931 1161 3080 1215 illam
3123 1173 3339 1214 omnem
3373 1159 3555 1229 bapti-

1978 1252 2103 1318 smi,
2134 1268 2196 1306 ac
2229 1266 2412 1307 rerum
2461 1250 2530 1305 ad
2571 1250 2868 1305 Iordanem
2907 1258 3185 1322 gestarum
3237 1251 3545 1315 historiam,

1977 1340 2347 1394 narrationem
2388 1339 2683 1395 inchoavit.
2721 1337 2900 1395 Lucas
2939 1355 3105 1410 porro
3141 1354 3172 1392 a
3215 1346 3369 1394 sexto
3397 1354 3546 1394 meno

1978 1445 2058 1494 se,
2101 1439 2226 1485 anto
2270 1430 2568 1485 Salvatoris
2609 1430 2666 1484 in
2709 1437 2865 1485 utero
2890 1431 3313 1501 generationem,
3348 1429 3552 1500 princi—

1979 1522 2125 1591 pium
2151 1520 2374 1575 deduxit
2399 1537 2413 1573 z
2437 1522 2636 1591 quihus
2663 1536 2855 1575 novem
2893 1521 3090 1577 deinde
3119 1536 3334 1576 menses
3378 1522 3550 1585 addit,

1979 1629 2085 1668 una
2113 1629 2235 1667 cum
2269 1615 2458 1684 paucis
2488 1613 2687 1685 quihus
2710 1615 2926 1684 genitus
2955 1620 3040 1668 est
3063 1614 3277 1677 diebus.
3301 1621 3360 1667 ut
3385 1626 3551 1684 snpra

1980 1707 2142 1761 unius
2172 1721 2235 1761 ac
2262 1707 2484 1777 triginta
2515 1720 2784 1761 annorum
2812 1706 3048 1777 spatium
3074 1705 3383 1774 colligatur.
3410 1702 3550 1758 Nar-

1978 1802 2063 1846 rat
2089 1800 2348 1862 praeterea
2387 1793 2846 1863 quemadmodum
2878 1801 3128 1863 pastores
3159 1794 3231 1847 ab
3264 1794 3552 1847 internun-

1979 1882 2072 1937 tiis
2112 1884 2320 1953 angelis
2359 1885 2619 1939 admoniti
2654 1884 2823 1941 Deum
2849 1885 3274 1955 campestrium
3305 1892 3473 1956 utque
3503 1886 3553 1941 is

300 1987 440 2040 κατὰ
484 1987 575 2040 τὸν
622 1987 785 2057 νόμον
834 1986 1141 2057 προσφόρια
1171 1986 1312 2057 ὑπὲρ
1354 1985 1517 2039 αὐτοῦ
1552 1986 1837 2039 ἐπετέλουν
1858 2002 1874 2018 ·
1908 2007 1955 2067 Β
1985 1974 2317 2030 Bethlehemi
2351 1977 2405 2030 in
2436 1976 2614 2031 lucem
2645 1978 2847 2043 editus,
2875 1991 2940 2031 ac
2964 1977 3161 2047 pannis
3192 1977 3472 2033 involutus
3493 1977 3549 2030 in

300 2079 393 2134 καὶ
436 2080 513 2142 ὡς
576 2082 605 2133 ό
652 2077 876 2149 Συμεὼν
919 2079 980 2131 ἐν
1019 2078 1289 2147 ἀγκάλαις
1336 2077 1548 2147 ἐδέχετο
1572 2093 1587 2107 ·
1648 2075 1740 2129 καὶ
1805 2075 1881 2140 ὡς

304 2173 471 2226 Ἄννα
507 2172 933 2242 ἀνθωμολογεῖτο
979 2170 1228 2243 θυγάτηρ
1262 2169 1545 2240 Φανουήλ·
1588 2169 1684 2222 καὶ
1712 2168 1789 2232 ὡς
1816 2168 1881 2222 ἐκ

300 2266 550 2335 Ναζαρὲτ
580 2264 743 2336 ἀπῄει
763 2266 844 2329 είς
882 2265 1238 2337 Ἰερουσαλὴμ
1265 2262 1382 2334 ἅμα
1410 2264 1526 2326 τοῖς
1546 2260 1763 2331 γονεῦσι
1792 2276 1882 2315 τε-

301 2355 481 2409 λοῦσιν
509 2357 648 2425 ὑπὲρ
668 2356 833 2408 αὑτοῦ
856 2355 999 2408 κατὰ
1022 2355 1113 2408 τὸν
1140 2347 1432 2425 νόμον.Ὦν
1456 2351 1607 2406 οὐδὲν
1628 2350 1707 2422 τῷ
1728 2350 1883 2405 Ματ-

306 2446 441 2516 θαίῳ
488 2445 866 2515 ἐπείργασται,
897 2445 1019 2498 οὐδὲ
1059 2444 1138 2515 τῷ
1166 2445 1402 2517 Μάρκῳ,
1431 2442 1571 2497 ἀλλὰ
1614 2441 1720 2515 μὴν
1760 2440 1881 2495 οὐδὲ

303 2537 381 2608 τῷ
408 2537 649 2610 Ἰωάννῃ.

369 2718 451 2769 11·.
495 2715 655 2768 Ὅθεν
704 2715 797 2768 καί
840 2731 985 2778 τινες
1030 2712 1179 2768 ἄλλοι
1230 2712 1290 2778 ἐξ
1345 2711 1614 2783 Ἑλλήνων
1663 2709 1880 2780 φιλοσό-

301 2825 443 2876 φων,
488 2807 628 2878 φημὶ
656 2806 711 2859 δὲ
742 2804 1068 2877 Πορφύριος,
1101 2806 1195 2858 καὶ
1224 2804 1456 2869 Κέλσος,
1484 2802 1581 2856 καὶ
1617 2801 1882 2856 Quomo-

301 2897 483 2960 θάτιος
516 2896 650 2966 (24),
692 2898 722 2950 ό
770 2899 835 2950 ἐκ
875 2895 985 2949 τῶν
1026 2894 1293 2949 Ἰουδαίων
1335 2892 1677 2965 ὁρμώμενος,
1709 2891 1880 2955 δεινὸς

300 2989 398 3042 καὶ
450 2986 703 3043 ἀπατεὼν
744 2988 903 3058 ὄφις,
948 2989 1027 3052 εἰς
1066 2986 1164 3057 τὴν
1198 2986 1337 3040 κατὰ
1372 2985 1476 3055 τῆς
1523 2982 1881 3054 εὐαγγελικῆς

300 3079 683 3150 πραγματείας
707 3077 990 3146 διεξιόντες
1015 3076 1345 3148 ἀνατροπὴν,
1366 3075 1477 3128 τῶν
1520 3075 1688 3143 ἁγίων
1717 3074 1881 3142 εὐαγ-

300 3169 564 3238 γελιστῶν
595 3168 983 3241 κατηγοροῦσι,
1011 3167 1232 3239 ψυχικοὶ
1273 3167 1369 3219 καὶ
1415 3164 1670 3238 σαρκικοὶ
1703 3164 1878 3237 ὑπάρ-

302 3278 504 3332 χοντες,
541 3261 681 3315 κατὰ
705 3261 884 3333 σάρκα
914 3259 971 3313 δὲ
1001 3258 1437 3331 στρατευόμενοι,
1485 3257 1580 3310 καὶ
1605 3256 1740 3310 Θεοῦ
1785 3256 1879 3309 εὐ·

1982 2065 2232 2134 praesepi,
2261 2073 2316 2119 et
2346 2071 2540 2119 octavo
2568 2065 2658 2121 die
2685 2066 3045 2123 circumcisus
3077 2065 3263 2133 luerit,
3293 2082 3395 2121 nec
3441 2080 3550 2121 non

1981 2164 2103 2225 post
2130 2154 2248 2212 dies
2294 2172 2363 2210 ιι.
2408 2171 2509 2226 pro
2537 2156 2727 2212 eodem
2757 2159 2938 2213 oblata
2982 2160 3114 2222 sint.
3144 2175 3266 2230 quae
3297 2160 3380 2216 lex
3415 2174 3554 2231 pra>-

1982 2248 2300 2317 scripserat.
2344 2247 2484 2303 Tum
2532 2257 2593 2303 ut
2625 2264 2752 2305 cum
2784 2248 3021 2322 Symeon
3050 2251 3108 2305 in
3138 2252 3300 2306 ulnas
3329 2267 3554 2322 accepe-

1981 2339 2087 2402 rit,
2137 2337 2428 2396 Phanuelis
2461 2339 2569 2395 mia
2616 2341 2869 2398 confessa
2918 2343 3028 2410 sit;
3076 2351 3244 2413 utque
3288 2343 3553 2400 Nazareto

1981 2443 2106 2483 cum
2155 2432 2473 2499 parentibus
2516 2431 2948 2505 Hierosolymam
2994 2435 3211 2499 abierit,
3264 2438 3356 2506 qui
3404 2436 3551 2508 quod

1983 2519 2068 2575 lex
2112 2517 2355 2591 jusserat
2396 2523 2545 2578 illius
2586 2526 2806 2579 nomine
2855 2523 3253 2597 dependerunt.
3286 2525 3418 2593 Quae
3449 2542 3553 2584 uec

1983 2608 2293 2676 Batthaeus,
2327 2628 2427 2668 nec
2457 2613 2694 2678 Marcus,
2720 2630 2822 2671 nec
2847 2614 3085 2672 Joannes
3113 2620 3430 2687 attigerunt.

2056 2701 2196 2757 Vttt.
2241 2704 2323 2759 Ex
2357 2721 2466 2775 quo
2495 2706 2693 2761 factum
2725 2719 2828 2772 est,
2860 2717 2920 2763 ut
2941 2712 3169 2779 gentilos
3191 2711 3410 2780 quidam
3433 2710 3555 2781 phi·

1984 2792 2217 2863 losophi.
2264 2793 2600 2866 Porphyrius
2631 2797 2861 2863 scilicet,
2911 2813 2975 2852 ac
3021 2799 3237 2863 Celsus.
3275 2809 3329 2854 et
3369 2800 3557 2856 Philo·

1983 2886 2329 2953 sabbathiuS,
2377 2903 2576 2957 genere
2614 2886 2858 2953 Iudaeus..
2889 2897 3160 2945 veterator
3183 2907 3245 2945 ac
3274 2892 3553 2962 nequissi-

1983 2994 2106 3035 mus
2138 2979 2382 3043 coluber,
2415 2996 2538 3034 cum
2567 2980 2832 3035 adversus
2858 2983 3224 3053 evangelicam
3263 2984 3555 3039 historiam

1985 3071 2308 3137 scriberent,
2330 3085 2519 3127 sacros
2552 3073 2914 3141 evangelistas
2940 3076 3219 3143 arguerint
3243 3094 3256 3129 ι
3289 3076 3556 3131 animales

1984 3160 2065 3215 illi
2114 3162 2357 3230 quidem,
2414 3168 2468 3217 et
2517 3163 2770 3218 carnales
2809 3162 3084 3227 homineS,
3137 3180 3202 3218 ac
3249 3166 3555 3219 secundum

1984 3264 2204 3307 carnem
2250 3253 2571 3319 militantes,
2619 3254 2715 3325 qui
2745 3268 2846 3309 nec
2878 3253 2988 3311 Deo
3019 3256 3238 3325 placere
3277 3265 3552 3328 poterant,

307 3352 606 3424 αρέστησιν
646 3353 923 3415 ἀδυνάτως
951 3350 1187 3421 ἔχοντες,
1228 3348 1323 3403 καὶ
1347 3348 1415 3402 τὰ
1443 3345 1538 3401 τοῦ
1572 3346 1889 3418 Πνεῦματος
1916 3344 1959 3402 C
1996 3358 2095 3398 nec
2121 3359 2186 3399 ea
2210 3361 2332 3416 quae
2359 3353 2488 3402 sunt
2520 3346 2756 3415 Spiritus
2783 3347 2958 3402 sancti
2996 3359 3385 3418 cognoverant.
3414 3348 3554 3405 Nam

309 3442 383 3514 μὴ
406 3443 759 3514 ,νενοηκότες
815 3443 1084 3505 Ἕκαστος
1115 3439 1226 3513 γὰρ
1267 3439 1627 3511 προσκύπτων
1659 3441 1771 3503 τοίς
1800 3437 1883 3493 λό-

302 3550 421 3604 γοις
466 3533 565 3603 τῆς
603 3533 863 3605 ἀληθείας
904 3533 993 3587 διά
1037 3531 1137 3604 τὴν
1179 3532 1239 3585 ἐν
1284 3529 1435 3601 αὐτῷ
1464 3528 1738 3601 τύφλωσιν
1782 3528 1883 3602 τῆς

302 3624 589 3696 ἀγνωσίας,
619 3627 700 3691 είς
736 3624 895 3680 τοῦτο
928 3624 1294 3695 ἐμπίπτοντες
1319 3622 1503 3691 ἔλεγον
1522 3637 1537 3652 ·
1572 3620 1699 3685 Πῶς
1727 3618 1884 3674 δύνα-

297 3735 386 3771 ται
417 3721 452 3787 ἡ
484 3718 622 3783 αὐτὴ
655 3718 840 3785 ἡμέρα
869 3712 1007 3765 εἶναι
1047 3717 1147 3781 τῆς
1180 3717 1238 3764 ἐν
1266 3714 1516 3781 Βηθλεὲμ
1552 3714 1878 3781 γεννήσεως,

301 3807 440 3877 αὐτὴ
467 3806 563 3857 καὶ
596 3802 899 3874 περιτομὴν
931 3800 1073 3871 ἔχειν
1101 3800 1467 3871 όκταήμερον,
1520 3800 1615 3853 καὶ
1648 3800 1737 3854 διὰ
1764 3817 1882 3857 ‘rec-

306 3898 611 3967 σαράκοντα
644 3892 870 3963 ἡμερῶν
903 3892 961 3945 ἐν
1004 3890 1396 3963 Ἰεροσολύμοις
1445 3891 1651 3955 ἀνοδον,
1687 3894 1783 3947 καὶ
1810 3891 1882 3948 τά

306 3989 419 4044 ἀπὸ
465 3986 750 4057 Συμεῶνος
798 3986 893 4039 καὶ
935 3986 1135 4047 Ἀννας
1176 3986 1255 4049 είς
1293 3984 1456 4039 αὑτὸν
1495 3985 1878 4057 τετελεσμένα,

306 4080 465 4132 ὁπότε
502 4080 559 4131 ἐν
583 4080 649 4149 τῇ
678 4076 833 4131 νυκτὶ
858 4070 891 4150 ᾖ
920 4076 1206 4153 ἐγεννήθη,
1238 4076 1480 4147 πέφηνεν
1501 4073 1668 4149 αὐτῷ,
1692 4077 1877 4149 φησιν,

306 4169 555 4238 ἄγγελος,
600 4169 736 4239 μετὰ
760 4168 858 4239 τὴν
880 4167 988 4222 τῶν
1020 4167 1209 4238 μάγων
1249 4168 1458 4223 ἔλευσιν
1483 4168 1593 4224 τῶν
1618 4168 1878 4223 ἐλθόντοιν

308 4260 679 4332 προσκυνῆσαι
718 4257 886 4328 αὐτῷ,
917 4257 1013 4311 καὶ
1047 4256 1372 4323 ἀνοιξάντων
1407 4256 1507 4322 τὰς
1553 4259 1754 4329 πήρας,
1782 4257 1879 4311 καὶ

308 4354 817 4424 προσενεγκάντων;
865 4351 940 4415 ὡς
990 4349 1162 4420 λέγει,
1218 4351 1414 4421 φησίν·
1473 4352 1662 4419 ’055οη
1718 4345 1878 4415 αὐτῷ

303 4444 557 4512 ἄγγελος
585 4442 780 4511 λέγων
804 4459 818 4473 ·
860 4440 1146 4506 Ἀναστὰς
1192 4440 1338 4494 ‚lewe
1367 4441 1431 4494 τὸ
1464 4440 1734 4493 παιδίον·
1780 4438 1878 4493 καὶ

300 4536 416 4602 τὴν
449 4532 702 4604 γυναῖκά
751 4548 891 4598 σου,
935 4532 1032 4586 καί
1086 4531 1346 4601 πορεύου
1396 4532 1484 4595 είς
1534 4529 1874 4598 Αἵγυπτον·

302 4627 388 4679 ὅτι
432 4626 589 4693 ζητεῖ
646 4623 903 4693 Ἡρώδης
936 4624 1051 4691 τὴν
1086 4624 1299 4692 ψυχὴν
1344 4620 1452 4673 τοῦ
1500 4621 1761 4676 παιδίου.
1812 4622 1876 4674 Εἰ

1987 3448 2182 3490 omnes
2206 3433 2372 3508 430
2409 3435 2488 3491 illi
2517 3440 2584 3491 ad
2611 3452 2893 3494 sermones
2926 3438 3172 3494 veritatis
3189 3438 3552 3501 offendentes.

1984 3539 2095 3597 prae
2119 3526 2353 3581 inscitiae
2387 3528 2658 3592 caecitatc,
2700 3534 2865 3599 atque
2897 3527 2964 3584 ad
3007 3544 3072 3584 ea
3114 3529 3319 3600 delapsi
3349 3531 3552 3601 jactare

1984 3616 2281 3673 identidem
2318 3619 2606 3674 solebant:
2633 3619 2848 3677 Fierine
2873 3628 3072 3691 potest,
3110 3630 3170 3675 ut
3201 3623 3391 3677 eadem
3435 3624 3555 3681 dies

1983 3718 2038 3762 et
2063 3707 2398 3764 Bethlehemi
2430 3717 2621 3764 natum
2661 3711 2879 3779 viderit,
2923 3722 2998 3775 et,
3053 3712 3200 3784 quod
3240 3725 3365 3783 post
3408 3717 3554 3772 octi-

1982 3798 2152 3855 duum
2207 3801 2416 3858 solebat
2464 3801 2604 3869 neri.
2645 3802 3060 3870 circumcisum,
3089 3811 3144 3860 et
3177 3816 3302 3874 post
3333 3807 3450 3863 dies
3482 3822 3556 3864 n.

1981 3888 2358 3964 Hierosolyma
2416 3892 2808 3965 deportatum;
2862 3903 2926 3950 ut
2977 3895 3108 3951 item·
3153 3894 3429 3955 Simeonis
3497 3907 3554 3955 οι

1981 3983 2153 4040 Annae
2195 3992 2317 4040 acta
2347 3984 2440 4040 illa
2475 3986 2531 4041 in
2578 3986 2826 4044 eamdem
2866 3987 3012 4043 diem
3053 3988 3381 4057 inciderint3
3416 4004 3555 4061 pra·

1981 4074 2172 4131 sertim
2203 4091 2328 4131 cum
2362 4092 2471 4146 qua
2496 4085 2660 4134 nocte
2688 4074 2849 4134 Jesus
2895 4085 2979 4134 cst
3023 4077 3079 4133 in
3129 4078 3306 4134 lucem
3347 4078 3552 4141 editus.

1979 4162 2220 4238 Josepho
2270 4170 2502 4239 angelus
2553 4169 2894 4241 apparuerit,
2955 4179 3076 4240 post
3125 4185 3410 4242 magorum
3458 4170 3556 4226 ad-

1981 4266 2230 4326 ventum,
2281 4258 2376 4330 qui
2414 4258 2563 4316 illius
2610 4258 2871 4315 adorandi
2906 4275 3074 4315 causa
3107 4272 3394 4325 venerant,
3421 4261 3554 4332 qni·

1982 4364 2092 4420 que
2150 4363 2379 4405 munera
2415 4366 2516 4407 sua
2543 4354 2747 4423 apertis
2776 4352 3014 4409 sacculis
3044 4352 3391 4407 obtulerant?
3414 4352 3552 4408 Tum

1979 4438 2123 4491 enim
2159 4441 2430 4507 apparuit,
2461 4441 2658 4510 inquit,
2681 4438 2730 4494 εἰ
2755 4440 2972 4512 angelus
3009 4441 3186 4497 dicens
3205 4457 3224 4496 .·
3251 4440 3441 4513 Surge.
3466 4458 3553 4497 ae·

1979 4528 2091 4596 cipe
2123 4542 2364 4595 puerum,
2405 4538 2456 4583 et
2497 4528 2770 4599 conjuqem
2809 4541 2977 4595 tuam.
3020 4541 3072 4586 et
3111 4531 3238 4587 vade
3278 4533 3336 4586 ιἰι
3378 4530 3553 4604 AE'qy-

1979 4624 2158 4686 ptum5
2190 4618 2438 4687 quoniam
2495 4621 2687 4692 quoert't
2748 4619 2981 4676 Herodes
3035 4624 3270 4677 animam
3336 4626 3550 4693 puer-1⁸.

301 4719 482 4773 τοίνυν
513 4718 571 4768 ἐν
607 4715 975 4786 ταύτῃνυκτὶ
999 4707 1033 4787 ᾖ
1057 4714 1399 4782 γεγέννηται,
1442 4711 1767 4782 παρελήφθη
1797 4712 1878 4775 εἰς
1908 4718 1954 4772 D
1982 4705 2377 4774 Quamobrem‘
2416 4708 2464 4765 si
2527 4698 2717 4765 eade'm
2779 4728 2887 4783 qua
2951 4721 3112 4768 natus
3156 4724 3241 4770 est
3285 4724 3445 4769 nocte
3494 4715 3552 4769 in

302 4810 574 4876 Αἴγυπτον
606 4808 697 4859 καὶ
732 4808 851 4859 ἐκεῖ
875 4802 964 4876 ἦν,
997 4806 1102 4869 ἕως
1133 4806 1255 4858 ὅτου
1286 4804 1556 4858 ἀπέθανεν
1594 4803 1875 4876 Ἡρώδης·

304 4899 465 4951 πόθεν
493 4899 553 4951 τὸ
586 4900 885 4968 ἐπιμεῖναι,
916 4896 1010 4949 καὶ
1052 4897 1392 4968 ὀκταήμερον
1437 4894 1874 4967 περιτμηθῆναι;

302 4994 334 5063 ἢ
380 4992 497 5055 πῶς
550 4991 611 5043 τὸ
665 4988 805 5060 μετὰ
861 5006 910 5043 τι
926 4989 1269 5060 σσαράκοντα
1309 4989 1619 5059 εὑρίσκεται
1659 4987 1877 5050 Λουκᾶς

301 5082 662 5152 ψευδόμενοςς
731 5078 871 5149 (Ὦς
931 5079 1064 5147 φασὶ
1116 5075 1567 5149 βλασφημοῦντες
1604 5075 1747 5129 κατὰ
1776 5076 1877 5147 τῆς

303 5172 511 5226 ἑαυτῶν
554 5169 798 5241 κεφαλῆς
818 5169 860 5240 ·)
903 5168 984 5221 ὅτι
1031 5167 1195 5238 φησὶν
1246 5168 1304 5220 ἐν
1349 5170 1416 5238 τῇ
1462 5166 1873 5238 τεσσαρακοστῇ

302 5267 485 5335 ἡμέρα
521 5264 826 5333 ἀνήνεγκαν
871 5260 1031 5314 αὐτὸν
1067 5263 1149 5324 είς
1192 5257 1567 5332 Ἰερουσαλὴμ,
1618 5256 1872 5311 κάκεῖθεν

301 5360 379 5419 εἰς
419 5353 692 5425 Ναζαρέτ.
726 5352 835 5405 Καὶ
880 5353 980 5405 οὐκ
1008 5351 1214 5406 οίδασιν
1262 5354 1311 5404 οἱ
1354 5348 1602 5421 ἀγνωσία
1653 5348 1875 5421 κατεγό·

306 5462 455 5519 μενοι
482 5445 577 5499 τοῦ
614 5444 771 5514 ἀγίου
804 5442 1115 5515 Πνεῦματος
1144 5442 1243 5513 τὴν
1268 5440 1515 5511 δύναμιν.

374 5648 392 5679 ¹
419 5640 612 5702 nauh.
643 5658 704 5707 n,
742 5643 832 5700 ¹3.
906 5646 927 5676 ²
963 5645 1093 5699 Luc.
1127 5660 1188 5708 ιι,
1224 5642 1297 5697 22
1329 5657 1451 5713 sqq.

375 5736 488 5802 123)
520 5734 615 5803 Ὧς
632 5732 787 5793 εἶναι
806 5737 911 5792 τὸν
932 5737 1128 5792 πάντα
1148 5737 1388 5807 χρόνον.
1405 5731 1643 5816 Tempus
1664 5733 1864 5805 ipsum,

300 5821 409 5867 nso
436 5804 675 5862 Joannes
709 5820 1007 5877 conceptus
1030 5822 1095 5863 ac
1124 5818 1289 5862 natus
1309 5814 1414 5868 est,
1468 5810 1525 5859 ει
1551 5814 1869 5861 incarnatus

300 5889 469 5949 atque
520 5877 580 5940 in
621 5880 801 5935 lucem
836 5879 1020 5937 editus
1045 5877 1322 5945 Christus,
1345 5875 1521 5934 Lucas
1548 5875 1867 5947 complecti·

1982 4797 2276 4873 AEgyptum
2309 4798 2526 4856 delatus
2565 4810 2670 4866 est,
2699 4812 2757 4858 et
2788 4803 2902 4858 illic
2938 4802 3064 4870 fuit,
3096 4802 3272 4859 donec
3307 4803 3554 4861 Herodes

1980 4900 2233 4947 mortuus
2254 4892 2649 4963 est‚quomodo
2680 4910 3004 4965 permanere
3031 4897 3087 4950 in
3127 4895 3318 4951 Judaea
3350 4898 3554 4967 potuit,

1980 4989 2035 5035 et
2049 4988 2249 5035 octavo
2264 4982 2352 5037 die
2366 4982 2727 5038 circumcidi?
2743 4984 2852 5040 Aut
2871 4982 3004 5056 quid
3028 4984 3248 5041 tandem
3276 4995 3402 5057 post
3435 4981 3554 5044 dics

1980 5085 2052 5126 ιι.
2084 5072 2289 5128 tactum
2330 5087 2457 5129 esse
2496 5074 2677 5132 Lucas
2707 5077 2972 5133 mentitus
2998 5075 3116 5134 est!
3144 5075 3259 5148 (Sic
3287 5078 3432 5132 enim
3457 5093 3556 5147 per

1980 5181 2251 5222 summam
2280 5166 2360 5222 illi
2385 5168 2803 5239 blasphemiam,
2830 5170 2884 5224 id
2915 5168 3064 5239 quod
3092 5169 3149 5223 in
3172 5184 3364 5224 eorum
3389 5177 3556 5240 caput

1979 5266 2178 5319 vertat,
2225 5257 2543 5330 objiciunt.)
2580 5258 2716 5315 Nam
2749 5260 3175 5332 quadragesimo
3216 5258 3320 5331 (ait
3349 5259 3554 5333 Lucas)

1980 5344 2073 5401 die
2100 5347 2351 5402 tulerunt
2376 5350 2529 5406 illum
2568 5351 2623 5406 in
2651 5346 3016 5420 Hierusalem.
3045 5355 3100 5409 ct
3127 5350 3258 5409 inde
3287 5353 3344 5408 in
3375 5349 3554 5408 Naza-

1981 5436 2103 5492 reth
2122 5438 2164 5492 2.
2203 5435 2312 5495 Sed
2351 5441 2529 5511 ignari
2588 5442 2846 5501 videlicet
2896 5444 3152 5501 homines
3190 5460 3316 5519 qum
3347 5446 3436 5503 vis
3480 5445 3556 5503 sit

1983 5529 2159 5584 sancti
2190 5530 2431 5602 Spiritus
2458 5547 2805 5609 nequaquam
2832 5537 3169 5612 intelligunt.

1973 5745 2065 5790 ιιιι·
2094 5753 2107 5789 :
2140 5738 2288 5808 quod
2315 5746 2532 5809 tempus
2564 5743 2834 5799 mensium
2865 5753 2952 5802 est
2977 5742 3092 5802 tere
3122 5761 3212 5804 xv.

2043 5806 2161 5879 (u)
2225 5808 2335 5863 Καὶ
2396 5811 2882 5883 Φιιιοαασσύτιος.
2945 5814 3022 5871 De
3078 5817 3183 5873 hoc
3256 5814 3391 5873 nihil
3448 5811 3555 5875 ha-

1975 5884 2170 5935 ctenus
2199 5877 2328 5953 legi.
