3850 6517
300 546 404 601 49?

966 546 1371 606 ,ADVERSUS
1408 548 1749 606 nAfiuEsEs
1782 542 1913 606 ΗΒ.
1959 550 1998 605 Ι.
2042 548 2206 605 ΤΟΜ.
2247 548 2310 603 11.
2357 582 2422 591 —
2463 552 2738 609 HAERES.
2768 550 2957 609 XXXI.

3449 554 3553 609 ⁴98

300 664 569 736 ζητοῦσαν
611 666 713 737 τὴν
756 667 956 732 αἰτίαν,
990 668 1084 724 καὶ
1113 669 1295 728 ὅντινα
1332 668 1530 742 τρόπον
1571 670 1880 742 ἀποκρυψει
1906 698 1954 755 A
1985 686 2233 728 mancam
2300 671 2719 741 inchoatamque
2771 667 3175 740 generationem
3224 667 3410 724 animo
3458 669 3558 723 do·
3630 702 3637 710 -

297 757 360 810 τὸ
405 756 581 825 γένος.
614 758 1144 834 Ἐγιιαταγενομὶνην
1183 761 1243 816 δὲ
1285 763 1397 824 τοίς
1439 759 1636 814 πάθεσι
1686 760 1872 816 lacem

300 848 662 921 ἐπιστροφὴν,
695 850 791 904 καὶ
823 852 914 904 ἐπὶ
957 851 1048 905 τὸν
1081 852 1292 927 Πατέρα
1319 852 1648 924 ἀναδραμεῖν
1677 868 1874 923 πειρα-

306 938 523 1009 σθῆναι,
556 939 653 993 καὶ
696 940 857 1013 μέχρι
900 940 1048 1007 τινὸς
1100 941 1441 1016 τολμήσασαν
1494 942 1873 1013 ὲξασθενῆσαι,

308 1030 404 1083 καὶ
443 1031 610 1084 ἱκέτιν
637 1030 732 1085 τοῦ
762 1032 976 1105 Πατρὸς
998 1033 1271 1103 γενέσθαι.
1302 1034 1660 1106 Συνδεηθῆναι
1689 1034 1748 1088 δὲ
1776 1037 1876 1089 αὐ-

308 1122 375 1189 τῇ
408 1121 505 1173 καὶ
525 1122 651 1185 τοὺς
680 1122 900 1186 λοιποὺς
922 1124 1159 1192 Attii-mg,
1192 1125 1427 1197 μάλιστα
1466 1124 1525 1179 δὲ
1571 1124 1663 1180 τὸν
1711 1125 1874 1182 Νοῦν.

326 1210 600 1265 Ἐντεῦθεν
630 1212 848 1282 λέγουσι
879 1215 1102 1287 πρώτην
1124 1204 1299 1289 ἀρχὴν
1331 1217 1623 1289 ἐσχηκέναι
1653 1218 1753 1290 τὴν
1784 1218 1878 1271 οὐ·

318 1300 433 1357 οἷαν
455 1305 520 1358 ἐκ
543 1305 674 1376 τῆς*
707 1305 954 1375 ἀγνοίας,
991 1308 1086 1361 καὶ
1124 1310 1224 1381 τῆς
1249 1307 1448 1381 λύπης,
1474 1308 1687 1364 καὶτοῦ
1714 1308 1879 1379 φόὸου

314 1392 403 1445 καὶ
431 1393 534 1464 τῆς
561 1396 993 1468 ἐκπλήξεως.,’“0
1039 1396 1096 1451 δὲ
1145 1398 1331 1471 Πατὴρ
1367 1400 1461 1455 τὸν
1492 1399 1883 1472 προειρημένον

313 1484 478 1555 Ὅρον
505 1486 600 1541 ἐπὶ
616 1486 832 1552 τούτοις
850 1487 939 1542 διὰ
963 1489 1058 1543 τοῦ
1082 1491 1423 1559 Μονογενοῦς
1447 1490 1809 1562 προὸάλλεται
1826 1493 1885 1546 ἐν

312 1578 482 1632 εἰκόνι
535 1579 642 1651 ίδίᾳ
693 1580 989 1650 ἀσῦζυγον,
1014 1582 1330 1654 ἀθηλυντον.
1361 1583 1465 1637 Τδν
1511 1584 1622 1655 γὰρ
1671 1584 1889 1655 Πατέρα

315 1668 448 1719 ποτὲ
476 1667 574 1738 μὲν
595 1668 734 1739 μετὰ
760 1669 1020 1739 συζυγίας
1045 1673 1151 1743 τῆς
1172 1673 1364 1743 Σιγῆς,
1389 1673 1518 1727 ποτὲ
1544 1673 1603 1727 δὲ
1632 1673 1726 1727 καὶ
1748 1674 1890 1745 ὑπὲρ

315 1758 507 1830 ἄρρεν,
542 1759 637 1812 καὶ
681 1760 822 1831 ὑπὲρ
864 1761 1000 1831 θῆλυ
1047 1758 1187 1817 εἶναι
1236 1762 1468 1818 θέλουσι.
1496 1765 1601 1819 Τὸν
1644 1765 1891 1836 δὲὊρον

316 1845 504 1900 τοῦτον
548 1848 642 1901 καὶ
667 1848 1091 1922 tehutpert-‘ipe'
1119 1852 1215 1905 καὶ
1245 1851 1570 1923 Καρπιστὴν
1601 1852 1697 1905 καὶ
1737 1851 1894 1923 ’opo-

315 1936 477 2008 θέτην
507 1938 603 1992 καὶ
628 1940 974 2009 Μεταγωγέα
1002 1941 1244 1997 καλοῦσι.
1267 1942 1365 1996 Διά
1384 1942 1444 1999 δὲ
1460 1943 1556 1996 τοῦ
1580 1943 1748 2014 Ὄρου
1772 1942 1897 1995 τού-

1978 765 2148 822 1uisse
2175 783 2189 820 ι
2225 771 2342 819 tum
2373 764 2548 819 vereri
2575 764 2830 833 coepisse,
2866 777 2935 817 ιιε
2966 761 3053 817 vei
3083 761 3203 832 ipsa
3232 775 3354 817 esse
3381 758 3558 815 omni-

1976 870 2050 911 no
2100 853 2394 911 desineret.
2445 852 2790 921 Proindeque
2847 851 3134 905 attonitam
3195 858 3250 906 et
3307 849 3560 905 haesitan·

1978 957 2085 1006 tem
2110 961 2334 1003 causam
2366 944 2626 1016 indagare
2655 944 2983 1009 instituisse,
3015 957 3080 996 ac
3100 942 3557 1012 quemadmodum

1944 1087 1957 1095 .
1980 1039 2146 1097 fetum
2180 1053 2339 1094 suum
2368 1039 2649 1093 occultare
2675 1041 2884 1106 posset.
2920 1034 3064 1105 Ergo
3103 1034 3160 1089 in
3207 1033 3439 1103 pristina
3470 1033 3561 1087 illa

1981 1132 2350 1187 commotione
2377 1134 2819 1202 perseverantem
2868 1126 3207 1182 convertisse
3230 1140 3374 1190 sese,
3408 1132 3465 1179 et
3493 1124 3562 1178 ad

1981 1222 2266 1279 Parentem
2299 1222 2581 1279 studuisse
2605 1234 2909 1278 recurrere.
2943 1218 3106 1289 178
3120 1216 3278 1284 Quod
3305 1231 3430 1271 cum
3462 1215 3565 1270 ati-

1981 1326 2190 1389 quanto
2225 1324 2468 1387 tempore
2496 1315 2896 1377 contendisset,
2926 1304 3288 1367 succubuisse
3312 1309 3562 1375 demum,

1986 1415 2149 1479 atque
2191 1407 2257 1462 ad
2302 1405 2590 1464 Parentcm
2622 1422 2749 1463 sese
2777 1404 3076 1477 supplicem
3107 1401 3416 1473 abjecisse3
3469 1401 3565 1456 ad·

1987 1496 2161 1554 fuisse
2203 1506 2260 1551 et
2308 1495 2604 1552 advocatos
2646 1493 2856 1551 AEouas
2906 1492 3172 1564 reliquos,
3207 1505 3271 1546 ac
3332 1488 3563 1545 Mentem

1991 1588 2047 1643 in
2075 1587 2289 1658 primis.
2308 1587 2487 1657 Atque
2513 1587 2656 1642 hanc
2689 1586 2917 1658 primam
2944 1582 3267 1639 substantiae
3294 1581 3559 1654 originem

1990 1679 2291 1743 exstitisse,
2321 1694 2443 1749 quae
2466 1694 2530 1734 ex
2562 1676 2891 1750 ignorantia,
2913 1683 2970 1731 et
3000 1675 3209 1742 dolore,
3247 1688 3311 1729 ac
3336 1680 3483 1729 metu
3508 1682 3564 1731 et

1996 1778 2220 1841 stupore
2250 1770 2530 1840 prodierit.
2561 1772 2630 1824 At
2648 1770 2813 1825 Pater
2830 1756 3061 1833 Horum,
3089 1768 3204 1823 sive
3223 1765 3569 1829 Terminnm,

1998 1876 2159 1932 quem
2204 1860 2463 1924 diximus,
2489 1868 2610 1929 post
2646 1860 2772 1915 ilios
2803 1874 3004 1914 omnes
3021 1872 3176 1913 suam
3225 1855 3294 1910 ad
3340 1854 3566 1925 effigiem

1997 1949 2255 2021 produxit
2275 1950 2635 2020 comparis-ac
2664 1948 2883 2004 feminei
2901 1962 3073 2004 sexus
3090 1953 3391 2017 expertem.
3412 1942 3570 1998 {lunc

314 2043 409 2080 του
439 2029 573 2097 φασὶ
597 2030 930 2102 κεκαθάρθαι
953 2034 1049 2087 καὶ
1077 2034 1397 2105 ὲστηρίχθαι
1428 2034 1527 2105 τὴν
1560 2034 1777 2103 Σοφίαν,
1806 2034 1901 2088 καὶ
1933 2046 1976 2105 Β
2002 2040 2152 2095 enim
2199 2040 2376 2108 ipsum
2431 2037 2716 2096 Perentem
2772 2040 2908 2095 alias
2941 2053 3066 2094 cum
3116 2035 3242 2108 Sige
3292 2034 3568 2105 copulant,

315 2119 831 2193 ἀποκατασταθῆναι
863 2125 931 2194 τῇ
966 2120 1219 2195 συζυγίᾳ.
1252 2124 1630 2196 Χωρισθείσης
1659 2123 1771 2195 γὰρ
1798 2124 1899 2195 τῆς

329 2207 708 2278 Ἐνθυμήσεως
738 2209 834 2264 ἀπ’
867 2212 1041 2283 αὐτῆς
1077 2214 1176 2266 σὺν
1202 2211 1281 2284 τῷ
1312 2213 1677 2285 ὲπιγινομένῳ
1700 2212 1896 2276 Πάθει,

316 2301 485 2372 αὐτὴν
508 2304 605 2373 μὲν
638 2304 789 2368 ἐντὸς
818 2304 1181 2378 πληρώματος
1208 2306 1368 2371 εἶναι,
1397 2308 1498 2379 τὴν
1525 2308 1583 2361 δὲ
1629 2305 1902 2377 Ἐνθὺμη-

322 2408 407 2443 σιν
440 2394 614 2463 αὐτῆς
643 2397 741 2449 σὺν
767 2396 846 2467 τῷ
871 2398 1038 2452 Πάθει
1072 2398 1178 2452 {nub
1215 2398 1310 2453 τοῦ
1338 2400 1508 2473 Ὄρου
1535 2398 1901 2472 ἀφορισθῆναι

327 2479 423 2531 καὶ
445 2481 949 2554 ἀποστερηθῆναι···
982 2489 1081 2541 καὶ
1107 2488 1259 2553 ἐκτὸς
1290 2489 1464 2544 αὐτοῦ
1489 2491 1792 2561 γενομένην
1820 2484 1904 2542 εῖ-

2001 2127 2138 2182 aiias
2166 2141 2328 2196 supra
2361 2128 2531 2184 maris
2560 2142 2625 2181 ac
2651 2126 2866 2182 feminae
2895 2125 3259 2182 conditionem
3279 2123 3568 2180 extollunt.

2003 2216 2208 2272 florum
2238 2231 2368 2272 vero
2402 2218 2566 2273 etiam
2600 2216 3042 2289 Redemptor-em,
3080 2231 3147 2271 ac
3188 2214 3496 2286 carpisten,
3520 2224 3575 2270 et

2004 2307 2359 2375 Horotheten,
2390 2323 2456 2364 ac
2486 2308 2987 2365 circumductorem
3021 2316 3236 2363 vocant.
3255 2307 3301 2360 A
3326 2322 3436 2378 quo
3455 2321 3578 2377 per·-

2004 2410 2287 2471 purgatam
2348 2413 2416 2454 ac
2473 2398 2852 2455 confirmatam
2884 2398 3218 2469 Sapientiam
3246 2406 3493 2463 narrant,
3522 2405 3580 2453 et

2006 2490 2262 2561 conjugio
2286 2490 2617 2545 restitutam.
2650 2490 3010 2561 Posteaquam
3039 2488 3183 2545 enim
3211 2488 3577 2560 Enthymesis,

330 2581 419 2621 ναι
471 2571 571 2641 μὲν
621 2578 998 2650 πνευματικὴν
1035 2577 1245 2644 οὐσίαν,
1270 2582 1508 2651 φυσικήν
1552 2596 1672 2656 τινα
1699 2580 1905 2641 Αίῶνος
2000 2581 2114 2635 hoc
2165 2587 2250 2636 est
2296 2580 2572 2651 cogitatio,
2607 2581 2676 2636 ab
2717 2581 2808 2635 iiia
2856 2588 2942 2637 est
2990 2596 3115 2636 cum
3165 2580 3581 2650 superveniente

329 2661 507 2733 ὁρμὴν
546 2666 940 2735 τυγχάνουσαν,
967 2662 1222 2740 ’ἃμορφον
1259 2669 1321 2722 δὲ
1360 2669 1454 2723 καὶ
1479 2669 1709 2723 ἀνείδεον
1731 2670 1821 2724 διὰ
1844 2670 1909 2724 τὸ
2001 2669 2384 2725 commotione
2432 2679 2678 2725 secreta:
2714 2678 2839 2724 ιιιιιι.
2859 2669 2976 2739 ipsa
3003 2668 3223 2738 quidem
3274 2668 3416 2723 intra
3468 2667 3583 2734 ple·

334 2754 501 2824 μηδὲν
530 2756 874 2813 καταλαδετν.
909 2759 1023 2814 Καὶ
1057 2758 1146 2814 διὰ
1175 2758 1336 2815 τοῦτο
1360 2760 1572 2832 καρπὸν
1591 2760 1789 2833 ἀσθενῆ
1814 2762 1906 2816 καὶ
2001 2772 2163 2814 roma
2194 2765 2435 2828 recepta,
2463 2756 2813 2829 Enthymesis
2854 2772 2991 2813 vero
3032 2773 3158 2812 eum
3206 2758 3585 2812 commotione

328 2844 495 2915 θῆλυν
523 2850 688 2904 αὐτὸν
707 2851 949 2920 λέγουσι.
2013 2851 2083 2906 ab
2112 2849 2261 2907 Horo
2286 2852 2545 2921 retegata,
2581 2858 2637 2906 et
2688 2851 2743 2905 in
2793 2866 2962 2907 cruce
2994 2851 3206 2913 suffixa,
3234 2858 3400 2921 atque
3432 2857 3584 2904 extre

323 2937 799 3011 complementum
842 2945 1031 3016 procul
1064 2946 1359 3003 amandata
1390 2945 1657 3013 constitit,
1694 2953 1755 3000 ut
1783 2943 2091 3001 substantia
2151 2943 2247 2998 iila
2277 2943 2497 3015 quidem
2547 2942 2815 3014 spiritalis
2846 2954 3014 3010 esset,
3074 2951 3276 3015 utpote·
3324 2941 3587 2996 naturalis

330 3034 582 3103 quaedam
610 3036 697 3093 vis
718 3037 914 3097 AEonis
942 3049 998 3097 et
1036 3041 1292 3112 impetus,
1328 3042 1424 3097 sed
1453 3041 1612 3098 rudis
1634 3040 1827 3097 eadem
1852 3048 1909 3096 et
1942 3036 2221 3103 informis,
2289 3036 2435 3108 quod
2479 3037 2616 3092 nihii
2661 3044 2807 3094 esset
2860 3038 3085 3094 omnino
3134 3044 3447 3093 consecuta.
3504 3033 3588 3090 Oh

332 3122 494 3193 idque
519 3135 817 3195 pracocem
861 3130 977 3186 ἰΙΙιι.
982 3147 1015 3185 ιι
1058 3130 1296 3187 fructum
1346 3139 1510 3204 atque
1538 3130 1897 3195 imbecillum,
1935 3138 1991 3184 et
2019 3128 2301 3183 muliebris
2331 3127 2664 3185 conditionis
2688 3143 2817 3184 esse
2836 3131 3177 3183 memorante

397 3219 496 3272 w.
536 3220 697 3278 Μετὰ
734 3223 793 3278 δὲ
842 3225 907 3278 τὸ
945 3226 1306 3299 ἀφορισθῆναι
1357 3226 1562 3298 ταύτην
1604 3225 1761 3289 ὲκτδς
1813 3223 1911 3278 τοῦ

2087 3220 2226 3276 xiil.
2268 3221 2538 3277 caetenum
2569 3222 2661 3277 uhi
2687 3221 2804 3277 haee
2832 3236 2863 3275 a
2881 3220 3189 3277 Pleromate
3226 3218 3455 3289 depulsa
3483 3225 3589 3283 est,

332 3308 698 3383 πληρώματος
728 3313 839 3369 τῶν
862 3316 1105 3381 Δεώνων,
1128 3319 1228 3389 την
1253 3334 1314 3370 τε
1343 3317 1573 3390 Μητέρα
1593 3315 1918 3387 αὑτῆςτὶπο-
1943 3298 1986 3354 C
2021 3313 2193 3370 Mater
2214 3330 2344 3370 vero
2374 3312 2441 3369 ad
2466 3314 2788 3386 conjugium
2811 3328 2970 3369 suum
2995 3312 3335 3384 postiiminio
3352 3324 3591 3373 reversa,

345 3405 741 3476 κατασταθῆναι
765 3411 834 3478 τῇ
866 3407 935 3461 ίδί
918 3425 974 3479 ᾳ
1002 3406 1258 3479 συζυγία,
1291 3408 1383 3462 τὸν
1424 3407 1705 3477 Μονογενῆ
1753 3404 1917 3459 πάλιν

346 3489 538 3564 &ripn
573 3496 934 3568 προδαλέσθαι
973 3498 1233 3568 συζυγίαν
1264 3498 1408 3552 κατὰ
1438 3497 1784 3570 προμήθειαν
1821 3494 1919 3549 τοῦ

340 3584 570 3657 unffi-52
605 3585 693 3642 ἵνα
721 3588 796 3661 μὴ
818 3588 1023 3661 ὁμοίως
1041 3588 1214 3661 ταύτῃ
1248 3588 1397 3663 πάθῃ
1425 3604 1508 3652 τις
1538 3587 1650 3642 τῶν
1674 3586 1921 3653 Δίώνων,

341 3673 574 3746 Χριστὸν
615 3676 713 3730 καὶ
746 3678 972 3750 Πνεῦμα
1002 3680 1160 3748 ἅγιον
1190 3681 1270 3743 είς
1299 3678 1464 3749 πῆξιν
1490 3678 1586 3731 καὶ
1648 3675 1924 3748 empna-bv

339 3764 436 3819 τοῦ
480 3766 862 3839 πληρώματος,
910 3772 1001 3839 ὑφ’
1032 3765 1107 3824 ὧν
1140 3768 1573 3838 καταρτισθῆναι
1611 3770 1739 3828 τοὺς
1782 3766 1924 3819 Atel»-

340 3874 462 3920 νας.
493 3859 596 3911 Τὸν
650 3860 748 3930 μὲν
792 3861 901 3929 γὰρ
930 3860 1169 3930 Χριστὸν
1204 3857 1415 3920 διδάξαι
1442 3857 1638 3924 αὐτοὺς
1668 3856 1927 3927 συζυγίας

296 3953 305 3958 ·
344 3944 533 4014 φύσιν,
581 3946 872 4017 ἀγεννῄτου
910 3944 1216 4017 κατάληψιν
1250 3944 1637 4012 γινώσκοντας,
1674 3947 1930 4012 innovo-bc*

347 4033 512 4101 εἶναι,
539 4035 901 4107 ἀναγορεῦσαί
927 4054 988 4090 τε
1020 4039 1078 4093 ἐν
1111 4038 1296 4100 αὐτοῖς
1321 4037 1422 4108 τὴν
1452 4036 1547 4091 τοῦ
1574 4039 1787 4113 Πατρὸς
1808 4039 1931 4094 ἐπί·

350 4145 575 4197 γνωσιν,
603 4130 686 4181 ὅτι
711 4146 771 4182 τε
799 4126 1085 4202 ἀχώρητός
1117 4129 1239 4182 ἐστι
1266 4129 1361 4183 καὶ
1389 4130 1796 4203 ἀκατάληπτος,
1835 4131 1933 4186 καὶ

353 4220 453 4274 οὐκ
476 4220 619 4273 ἐστιν
641 4220 766 4274 οὔτε
797 4221 925 4275 ίδεῖν
956 4221 1080 4276 οὔτε
1115 4220 1345 4277 ἀκοῦσαι
1376 4221 1555 4286 αὐτὸν.
1586 4224 1621 4296 ἢ
1649 4224 1739 4279 διά
1767 4225 1930 4297 μόνου

355 4312 450 4366 τοῦ
478 4313 817 4382 Μονογενοῦς
846 4314 1195 4384 γινώσκεται.
1237 4316 1350 4370 Καὶ
1386 4316 1449 4370 τὸ
1476 4315 1578 4387 μὲν
1617 4316 1790 4372 αἴτιον
1832 4317 1934 4389 τῆς

357 4403 578 4457 αἰωνίου
631 4403 891 4476 διαμονῆς
932 4407 1048 4468 τοῖς
1100 4404 1310 4470 λοιποῖς
1338 4404 1400 4459 τὸ
1428 4405 1642 4477 πρῶτον
1693 4405 1934 4478 καταλη·

360 4493 492 4546 πτδν
529 4494 794 4565 ὑπάρχειν
849 4496 960 4568 (75)
997 4494 1093 4549 τοῦ
1150 4496 1365 4567 Πατρὸς
1388 4536 1405 4562 ,
1441 4496 1541 4567 τῆς
1576 4496 1635 4550 δὲ
1671 4497 1938 4566 γενέσεως

360 4584 526 4645 αὐτοῦ
581 4587 676 4639 ιιαί
729 4586 1064 4660 μορφώσεως
1118 4586 1181 4641 τὸ
1233 4587 1584 4659 καταληπτὸν
1630 4587 1796 4642 αὐτοῦ
1826 4627 1843 4653 ,
1889 4582 1938 4659 ᾧ

359 4676 427 4748 δὴ
452 4676 474 4707 ⁸
503 4675 614 4742 ἴσος
660 4677 797 4735 ἐστί.
862 4678 974 4733 Καὶ
1015 4677 1188 4731 ταῦτα
1222 4678 1318 4749 μὲν
1367 4680 1397 4731 ὁ
1439 4678 1566 4749 ἄρτι
1613 4678 1939 4751 προὸληθεὶς

361 4765 597 4838 Χριστὸς
643 4767 701 4821 ἐν
750 4768 933 4833 αὐτοῖς
974 4767 1404 4841 ἐδημιούργησε·
1446 4768 1509 4822 τὸ
1558 4767 1615 4822 δὲ
1662 4768 1721 4823 ἐν
1772 4771 1944 4825 Πνεῦ-

367 4874 446 4929 μα
489 4859 550 4911 τὸ
594 4858 747 4927 ἅγιον
790 4859 1146 4927 ὲξισωθὲντας
1204 4859 1400 4922 αὐτοὺς
1451 4858 1659 4925 πάντας
1715 4861 1941 4934 εὐχαρι-

365 4952 514 5006 στεῖν
560 4952 764 5017 ἐδίδαξε
797 4992 813 5016 ,
858 4955 952 5008 καὶ
992 4953 1092 5026 τὴν
1139 4953 1397 5026 ἀληθινὴν
1447 4954 1755 5011 ἀνάπαυσιν
1797 4958 1940 5030 ἡγή-

366 5062 518 5099 σατο.
545 5044 731 5108 Οὕτως
756 5062 816 5098 τε
850 5048 1032 5118 μορφῇ
1056 5046 1151 5099 καὶ
1179 5045 1372 5119 γνώμῃ
1418 5046 1566 5112 ἴσους
1592 5048 1940 5122 κατασταθῆ-

366 5155 457 5191 ναι
485 5139 611 5203 τοὺς
641 5138 853 5203 Δίῶνας
880 5137 1119 5207 λέγουσι,
1147 5138 1356 5202 πάντας
1405 5138 1729 5209 γενομένους
1770 5139 1939 5205 Νόας,

368 5230 467 5283 καὶ
511 5229 717 5294 πάντας
768 5229 996 5299 Λόγους,
1043 5229 1141 5284 καὶ
1198 5228 1407 5293 πάντας,
1434 5228 1799 5301 Ἀνθρώπουῦ
1844 5230 1944 5284 καὶ

370 5319 579 5383 πάντας
625 5320 925 5393 Χριστούς·
962 5318 1059 5379 καὶ
1106 5319 1206 5383 τὰς
1259 5318 1477 5390 θηλείας
1513 5318 1715 5389 ὁμοίως
1767 5318 1951 5387 πάσας

383 5408 689 5480 ’Δληθείας,
721 5410 815 5463 καὶ
846 5410 1026 5473 πάσας
1047 5409 1220 5474 Ζωάς,
1241 5410 1335 5463 καὶ
1362 5406 1677 5478 Πνεῦματα,
1709 5407 1802 5464 καὶ
1824 5408 1949 5463 Ἐκ-

372 5497 625 5570 ιιλησίας.
654 5499 1017 5571 Στηριχθέντα
1049 5499 1106 5553 δὲ
1134 5499 1228 5553 ἐπὶ
1244 5495 1420 5568 τούτῳ
1448 5496 1517 5550 τὰ
1544 5495 1660 5563 δλα,
1692 5497 1788 5551 καὶ
1813 5499 1946 5553 ἀνα·-

450 5678 474 5711 ⁸
503 5677 647 5736 Iren·
686 5679 785 5751 τῆς
812 5679 966 5751 υλης.

379 5747 519 5812 υίός.

1040 5681 1060 5711 ¹
1089 5676 1150 5731 F.
1180 5677 1410 5752 σταυρὸν
1458 5677 1553 5733 καὶ
1608 5676 1910 5750 λυτρωτὴν.
1984 5676 2007 5709 ⁸
2034 5674 2098 5733 F.
2150 5676 2661 5750 ἀποσταυρωθῆναι.
2741 5673 3223 5737 ι’11·ειι.ί’.αυίιιύς.

2022 3416 2135 3461 tum
2187 3406 2256 3462 de
2303 3404 2551 3463 Parentis
2582 3405 2836 3471 consilio,
2871 3419 2940 3459 ne
2978 3403 3110 3475 quid
3143 3402 3323 3458 simile
3368 3401 3596 3472 posthac

2021 3495 2185 3551 AEoni
2234 3497 2397 3551 alicui
2444 3497 2821 3569 contingeret,
2873 3494 3167 3560 suiciendo,
3223 3493 3598 3563 flrmandoque

2022 3581 2306 3651 piemmati
2335 3596 2535 3637 novum
2553 3597 2655 3651 par
2685 3580 2868 3635 serunt
2890 3579 2959 3635 ab
2977 3577 3223 3649 Unigena
3245 3577 3596 3647 productum,

2022 3668 2299 3725 christum
2329 3686 2393 3725 ac
2421 3670 2687 3740 Spiritum
2717 3679 3002 3734 sanctum;
3025 3680 3258 3737 quorum
3286 3679 3452 3735 opera
3469 3664 3602 3718 Αἰο-

2024 3776 2123 3816 nes
2149 3763 2433 3818 ordinatos
2456 3776 2521 3817 ac
2549 3761 2888 3831 compositos
2914 3774 3055 3815 esse.
3081 3756 3293 3827 Quippe
3321 3755 3597 3811 Christum

2027 3850 2266 3922 conjugii
2301 3857 2498 3906 natura
2541 3861 2707 3922 atque
2735 3849 2968 3922 ingeniti
2999 3845 3488 3919 comprehensione
3515 3861 3603 3902 co-

2028 3941 2177 4013 gnita
2223 3942 2477 3999 docuisse
2524 3950 2813 3998 contentos
2861 3954 2986 3996 esse
3015 3938 3136 3995 illos
3165 3946 3460 4009 oportere:
3491 3936 3602 3991 Ρι-

2029 4032 2240 4102 trisque
2289 4031 2431 4089 inter
2473 4033 2596 4088 ilios
2639 4032 2967 4104 praedicasse
3022 4029 3300 4097 ιιοιίιίειιις
3342 4029 3604 4083 nimirum

2032 4124 2179 4179 hunc
2203 4139 2379 4195 neque
2413 4123 2789 4180 circumscribi
2816 4122 3055 4177 iocorum
3084 4119 3283 4190 spatio,
3303 4134 3478 4190 neque
3505 4134 3604 4175 co·

2032 4216 2276 4287 gnitione
2306 4230 2468 4286 posse
2497 4214 2726 4287 percipi,
2757 4229 2821 4270 ac
2872 4229 2942 4270 ne
2969 4213 3090 4269 visu
3126 4210 3347 4283 quidem
3392 4211 3606 4267 velau-

2033 4308 2150 4363 ditu
2181 4308 2535 4373 contrectari,
2565 4307 2661 4365 sed
2690 4323 2787 4379 per
2820 4305 3120 4377 Unigenam
3150 4305 3420 4359 duntaxat
3444 4304 3608 4359 intel-

2037 4399 2151 4473 ligi.
2180 4399 2255 4457 Ac
2283 4399 2430 4472 quod
2456 4400 2693 4471 primum
2722 4399 2866 4461 inest
2894 4399 2950 4453 in
2978 4396 3163 4466 Patre,-
3186 4396 3333 4468 quod
3367 4410 3610 4466 compro-

2037 4491 2203 4547 hendi
2252 4506 2361 4547 non
2409 4497 2609 4561 potest,
2637 4489 2953 4545 id'causam
2990 4503 3115 4545 esse
3149 4488 3385 4553 caeteris,
3416 4502 3518 4543 cur
3553 4488 3608 4541 in

2040 4583 2430 4653 sempiternum
2459 4588 2670 4652 tempus
2691 4589 3077 4653 permaneant:
3101 4580 3244 4654 quod
3272 4595 3403 4636 vero
3431 4580 3488 4635 in
3518 4577 3611 4633 illo

2042 4674 2167 4745 ipso
2193 4671 2580 4744 comprehendi
2609 4680 2812 4744 potest,
2831 4678 2986 4727 ortus
3013 4685 3205 4726 eorum
3235 4683 3301 4725 ac
3326 4667 3611 4725 formatio-

2042 4768 2131 4825 nis
2179 4780 2304 4823 esse
2348 4779 2594 4833 causam,
2619 4765 2725 4821 hoc
2774 4773 2858 4820 est
2898 4761 3114 4819 Filium.
3149 4760 3274 4816 Haec
3320 4766 3451 4815 sunt
3490 4772 3614 4830 quae

2042 4862 2298 4920 Christus
2347 4878 2540 4921 recens
2571 4862 2627 4919 in
2655 4861 2766 4918 illis
2790 4860 2972 4920 editus
3000 4858 3224 4921 molitus
3246 4863 3351 4912 est.
3385 4853 3457 4908 At
3486 4851 3612 4923 Spi-

2044 4957 2186 5014 ritus
2214 4966 2442 5015 sanctus
2473 4972 2665 5014 omnes
2702 4956 2769 5012 ad
2806 4954 3172 5028 aequalitatem
3211 4950 3465 5007 redactos
3496 4959 3616 5017 gra·

2045 5050 2150 5106 tias
2174 5050 2375 5107 hahere
2399 5048 2707 5123 perdocuit,
2725 5063 2790 5104 ac
2813 5060 2995 5105 veram
3013 5045 3174 5118 179
3197 5043 3434 5113 quietem
3462 5051 3616 5094 com-

2048 5142 2396 5201 monstravit.
2414 5140 2495 5195 lta
2519 5142 2737 5197 demum
2771 5137 3015 5211 ejusdem
3044 5144 3099 5191 et
3129 5134 3319 5189 sormae
3355 5140 3411 5187 et
3443 5128 3614 5186 animi

2047 5231 2255 5288 AE'ones
2297 5247 2420 5291 esse
2458 5232 2656 5298 sactus,
2685 5241 2747 5287 ut
2786 5231 3028 5286 universi
3074 5226 3278 5296 pariter
3321 5228 3377 5278 et
3407 5220 3617 5277 Mentes

2043 5331 2249 5387 essent,
2284 5333 2338 5378 et
2368 5322 2685 5390 Sermones,
2715 5329 2770 5378 et
2794 5318 3074 5384 Homines,
3106 5330 3170 5370 ac
3194 5313 3399 5370 Christi
3422 5331 3438 5381 ;
3464 5310 3619 5370 simi·-

2043 5408 2275 5480 literque
2328 5410 2545 5465 seminae
2597 5423 2789 5465 omnes
2837 5423 2904 5463 ex
2952 5419 3132 5476 oequo,
3163 5414 3218 5458 ει
3248 5401 3521 5458 Veritates
3565 5403 3621 5453 ει

2045 5498 2181 5556 Vitae
2207 5498 2406 5569 rorent,
2458 5514 2523 5556 ac
2573 5498 2830 5572 Spiritus,
2875 5506 2930 5554 ει
2970 5495 3244 5552 Ecclesiae.
3304 5490 3616 5549 Secundum

3299 5672 3321 5703 ⁸
3348 5670 3492 5725 lrcn.
3504 5666 3533 5718 ὃ
3553 5665 3618 5735 δὴ

453 5872 569 5945 (75)
608 5874 678 5928 Τὸ
721 5872 955 5942 πρῶτον
992 5872 1376 5941 καταληπτὸν
1405 5871 1717 5946 ὑπάρχειν.
1768 5870 1847 5931 lta
1892 5871 1953 5933 in
1988 5876 2122 5936 edit.
2150 5874 2338 5935 Basii.
2358 5880 2415 5930 et
2457 5871 2515 5927 in
2540 5866 2731 5992 Regio.
2755 5863 2863 5923 sed
2894 5862 3278 5933 ἀκατάληπτον
3321 5869 3387 5910 cx
3436 5849 3621 5906 lton&

384 5941 683 6016 interprete
708 5953 761 6002 ει
790 5942 1016 5999 Tertuli.
1046 5942 1351 6009 le‘vendum.
