3850 6517
187 534 285 592 5Θί

899 527 1270 592 ADVERSUS
1306 534 1645 594 mut-:ses
1683 538 1816 596 ΜΒ.
1854 537 1897 596 I.
1937 535 2104 595 ΤΟΙ.
2144 538 2211 595 II.
2254 570 2322 582 —
2359 537 2636 596 flattu-38.
2669 536 2907 595 xxxin.

3345 536 3452 594 562

185 650 377 722 ἔμελλε
406 648 724 722 τελεωτάτη
758 647 1237 725 ἐπακολουθήσειν.
1275 651 1424 724 Αὕτη
1458 653 1559 725 μὲν
1585 654 1621 725 ἡ
1650 654 1774 709 τού-
1799 659 1851 718 Δ
1883 670 2035 711 mum
2093 654 2324 712 exitium
2376 661 2769 724 consequatur.
2809 652 2939 709 naec
2977 652 3124 709 illius
3149 651 3293 709 ratio
3321 651 3448 718 suit,

110 749 116 754 '
182 760 277 797 του
317 741 541 813 γνώμη,
585 740 709 796 καθ’
740 742 807 814 ἢν
855 742 1283 815 ἀντινομοθετῶν
1326 744 1643 817 εὑρίσκεται
1688 744 1769 818 τῷ

185 835 327 906 ess.
374 834 522 905 Πλὴν
549 835 633 889 ὅτι
663 851 729 904 γι
768 834 1012 900 Μωσέως
1043 815 1209 891 ἵκει-οῦ
1237 836 1512 892 δείκνυται
1539 836 1770 893 ενταῦθα

188 927 375 1005 ἔτερος
416 925 493 980 ὠν
538 924 691 997 παρὰ
719 925 810 981 τὸν
837 925 934 980 τοῦ
963 926 1099 982 Θεοῦ
1130 928 1315 999 νόμον,
1352 928 1771 1001 ἀναμφισΰήτη-

188 1020 280 1072 τόν
310 1021 449 1085 ἐστι,
483 1017 587 1073 κᾶν
615 1017 683 1071 δι’
732 1018 851 1081 ἐνὸς
880 1018 951 1073 τὰ
993 1017 1091 1073 νῦν
1119 1014 1269 1091 ὦμεν
1297 1019 1609 1091 δεδειχότες.
1644 1021 1771 1075 Ὅτι

189 1108 244 1160 δὲ
273 1107 368 1161 καὶ
404 1107 512 1161 τῶν
546 1105 937 1179 πρεσὸυτὲρων
965 1107 1073 1161 εἰσί
1097 1126 1241 1173 τινες
1283 1107 1771 1181 συμπεπλεγμέναι

194 1199 516 1269 παραδόσεις
556 1199 617 1253 ἐν
651 1196 734 1267 τῷ
778 1196 949 1268 νόμῳ,
986 1197 1137 1269 δηλοῖ
1180 1199 1275 1253 καὶ
1298 1199 1510 1254 τοῦτοό
1558 1201 1771 1273 Σωτήρ.

205 1289 257 1340 '0
285 1288 395 1357 γὰρ
425 1286 590 1354 Θεὸς,
626 1288 816 1357 φησιν,
855 1283 987 1342 εἶπε
1004 1302 1018 1316 ·
1068 1288 1213 1357 Τίμα
1253 1288 1351 1343 τὸν
1405 1288 1628 1360 πατέρα
1652 1304 1773 1346 σου

190 1378 287 1431 καὶ
318 1379 430 1447 τὴν
450 1378 685 1449 μητέρα
712 1394 853 1444 σου,
885 1380 991 1435 ἵνα
1019 1375 1092 1435 εὖ
1126 1395 1226 1434 σοι
1260 1380 1519 1451 γένηται.
1576 1382 1775 1451 ’Υμεῑς

190 1467 277 1527 δὲ,
303 1468 488 1538 φησὶν,
514 1466 813 1538 εἰρήκατε,
838 1471 953 1533 τοῖς
983 1469 1376 1541 πρεσὸυτέροις
1399 1470 1575 1540 λέγων
1592 1488 1606 1502 ·
1656 1472 1773 1527 Δῶ-

186 1576 299 1628 ρον
341 1558 422 1625 τῷ
470 1558 595 1625 Θεῷ
624 1560 738 1631 (99)
771 1559 803 1613 ὃ
835 1560 945 1615 ἐὰν
980 1559 1303 1629 ὠφεληθῇς
1349 1561 1421 1628 ἐξ
1444 1562 1591 1632 ἐμοῦ
1609 1581 1624 1595 ·
1673 1564 1773 1619 καί

188 1647 541 1716 ἠκυρώσατε
573 1648 679 1703 τὸν
701 1649 892 1719 νόμον
918 1649 1024 1704 τοῦ
1066 1650 1214 1705 Θεοῦ
1241 1649 1340 1705 διὰ
1372 1652 1487 1720 τὴν
1520 1653 1776 1723 παράδο-

189 1755 297 1792 σιν
342 1738 461 1805 τῷν
503 1740 926 1809 πρεσόυτέρων
981 1740 1170 1811 ὑμῶν.
1226 1742 1397 1797 Τοῦτο
1436 1744 1495 1797 δὲ
1549 1744 1777 1810 Ἡσαΐας

189 1828 547 1901 ἐξεφώνησεν,
597 1828 800 1883 εἰπών·
860 1830 924 1883 ’0
957 1830 1109 1898 λαὸς
1150 1825 1330 1897 οὗτος
1380 1832 1506 1898 τοῖς
1542 1834 1779 1901 χείλεσι

182 1935 260 1987 με
288 1916 444 1987 τιμᾷ,
485 1919 525 1987 ἠ
554 1918 625 1972 δὲ
670 1918 886 1987 καρδία
926 1918 1129 1974 αὐτῶν
1176 1921 1377 1990 πόρῤω
1414 1921 1625 1991 ἀπέχει
1670 1924 1778 1978 ἀπ’

1874 753 2100 818 propter
2123 760 2288 817 quam
2327 746 2665 801 contrarium
2732 745 2992 817 quiddam
3027 744 3139 801 Deo
3187 744 3452 802 statuisse

1868 838 2139 894 cernitur.
2173 836 2331 892 Enim
2360 850 2491 892 vero
2514 836 2791 892 diversam
2818 837 2907 892 hic
2934 852 2967 891 a
3004 836 3215 903 divina,
3248 835 3452 909 Moysis

1869 928 2356 1001 legemexstitisse,
2389 933 2548 983 extra
2585 940 2805 983 omnem
2846 929 3282 985 controversiam
3316 935 3399 984 est
3432 944 3449 994 3

1871 1020 1980 1075 etsi
2008 1018 2062 1074 id
2094 1019 2152 1074 in
2176 1032 2289 1074 uno
2320 1025 2531 1082 tantum
2555 1016 2779 1075 decreto
2828 1019 3116 1090 probatum
3145 1020 3239 1075 sit.
3264 1018 3453 1076 Eidem
3519 1054 3528 1060 -

1872 1125 2004 1166 vero
2032 1108 2138 1181 legi
2168 1109 2403 1167 traditas
2422 1124 2454 1165 a
2477 1109 2788 1166 senioribus
2816 1110 3188 1182 illigatasesse
3208 1111 3451 1180 regulas,

1872 1210 1984 1250 non
2018 1196 2255 1252 obscure
2279 1195 2527 1251 Salvator
2557 1196 2822 1252 ostendit.
2871 1196 3013 1252 Deus
3046 1198 3210 1263 enim,
3249 1198 3451 1269 inquit,

1873 1283 2012 1338 dixit
2037 1301 2057 1340 .·
2088 1285 2311 1341 Honora
2359 1296 2566 1357 patrem
2618 1297 2788 1352 ιιιιιηι,
2845 1297 2896 1343 et
2931 1296 3154 1344 matrem
3202 1298 3370 1360 ιιιαπι,
3396 1298 3460 1345 αι

1873 1376 1999 1431 bene
2025 1378 2096 1431 rit
2125 1375 2248 1432 tibi.
2298 1377 2401 1434 Vox
2458 1388 2637 1434 antem
2679 1379 2926 1446 dixistis,
2972 1380 3222 1437 seniores
3275 1381 3460 1452 inquit

1875 1469 2195 1538 alloquens:
2230 1466 2432 1523 Πιιιιιιε
2466 1470 2573 1525 Deo
2611 1471 2957 1543 quodcunque
2981 1486 3048 1526 ex
3073 1489 3155 1528 me
3191 1449 3301 1528 15⁶5
3332 1488 3458 1543 pro·

1874 1555 2118 1621 derina
2140 1558 2352 1612 irritam
2386 1559 2601 1630 fecistis,
2647 1560 2810 1632 legem
2836 1561 2935 1616 Dei
2961 1570 3174 1632 propter
3200 1562 3456 1618 traditio·

1874 1665 1966 1703 nes
1995 1650 2262 1703 seniorum
2292 1660 2581 1706 vestrorum
2602 1651 2644 1706 ⁸.
2685 1651 2801 1708 IIoc
2854 1654 3035 1724 ipsum
3081 1654 3460 1725 pronuntiavit

1875 1740 2070 1808 Isaias,
2112 1742 2338 1799 dicens:
2378 1743 2613 1813 Populus
2647 1745 2734 1800 hic
2764 1744 2923 1801 labiis
2958 1763 3041 1801 me
3081 1746 3329 1812 honorat,
3362 1762 3459 1803 cor

1880 1840 2056 1886 autem
2121 1849 2306 1888 eorum
2368 1834 2519 1905 longe
2567 1846 2646 1891 εει
2681 1852 2714 1891 ιι
2761 1853 2862 1892 me.
2896 1837 3024 1893 Sine
3079 1854 3243 1896 caum
3282 1847 3459 1894 autent

1880 1926 2061 1979 colunt
2094 1941 2196 1992 me,
2220 1926 2462 1981 docenter
2482 1926 2755 1985 doctrinas
2771 1940 2820 1985 et
2839 1929 3094 1983 mandata
3122 1929 3391 1986 hominum
3409 1929 3453 1986 ⁸.

185 2012 353 2082 ἐμοῦ.
395 2011 613 2083 Μάτην
656 2012 729 2067 δὲ
772 2012 1057 2069 afferrat
1111 2032 1210 2083 με,
1264 2013 1655 2082 διδάσκοντες
1696 2016 1785 2073 δι·
1814 2033 1855 2088 B
1885 2019 1961 2075 Ex
1993 2021 2061 2075 iis
2091 2021 2263 2090 liquet
2310 2036 2530 2077 omnem
2573 2022 2721 2079 illam
2776 2038 2900 2082 esse
2928 2025 3104 2096 legem
3131 2025 3361 2081 divisam
3386 2025 3456 2082 'in

186 2104 544 2172 δασκαλίας,
566 2105 906 2176 ἐντάλματα
935 2104 1281 2173 ἀνθράκων.
1350 2105 1547 2175 Σαφῶς
1580 2104 1676 2162 οῦν
1706 2109 1773 2162 ὲκ

184 2196 390 2250 τούτων
454 2197 536 2259 εἰς
599 2196 728 2268 τρία
784 2194 1165 2269 διαιρούμενος
1230 2196 1261 2248 ό
1301 2196 1526 2267 σύμπας
1563 2199 1774 2263 ἐκεῖνος

187 2287 458 2342 δείκνυται
481 2288 665 2359 νόμος.
703 2288 981 2352 Μωῦσέως
1026 2304 1087 2340 τε
1134 2285 1246 2357 γὰρ
1294 2288 1484 2355 αὐτοῦ,
1531 2291 1627 2344 καὶ
1661 2290 1772 2345 τῶν

192 2376 599 2446 πρεσδυτέρων,
645 2382 741 2431 καὶ
769 2378 932 2431 αὐτοῦ
986 2376 1080 2429 τοῦ
1114 2376 1253 2431 Θεοῦ
1281 2363 1520 2452 εὕρομεν
1551 2380 1776 2451 νομοθε-

1877 2120 2063 2181 partes
2086 2113 2518 2183 tres;i11eaque
2550 2121 2606 2169 et
2639 2115 2806 2173 Mosis
2834 2116 3029 2186 ipsiuS.
3068 2124 3124 2171 et
3150 2115 3454 2184 seniorum,

1877 2210 1932 2258 et
1961 2200 2055 2256 Dei
2104 2204 2361 2260 mandata
2420 2208 2898 2280 contineri.210
2952 2210 3130 2281 Atque
3182 2210 3300 2265 haec
3333 2208 3460 2264 unt·

1877 2308 2052 2348 versae
2078 2294 2213 2365 legis
2253 2311 2282 2349 a
2314 2296 2472 2354 nobis
2521 2299 2775 2367 instituta
2817 2298 3043 2370 partitio
3101 2300 3251 2357 illius
3299 2297 3461 2357 nobis

1880 2384 2167 2440 veritatem
2205 2389 2468 2444 ostendit.

197 2469 318 2521 σὶαν
347 2470 405 2523 ἐν
465 2470 633 2540 αὐτῷ.
670 2471 815 2542 Δῦτη
841 2472 943 2542 μὲν
1000 2467 1089 2525 οὗν
1120 2470 1438 2546 ὴδιαίρεσις
1465 2475 1564 2531 τοῦ
1600 2475 1917 2548 σύμπαντος
1975 2481 2186 2537 ἐκείνου
2226 2484 2391 2555 νόμου
2436 2479 2538 2540 ὧδε
2583 2487 2715 2557 ἡμῖν
2768 2446 3101 2559 διαιρεθεῖσα
3125 2486 3185 2540 τὸ
3227 2489 3285 2541 ἐν
3315 2484 3462 2557 αὐτῷ

196 2557 395 2629 ἀληθὲς
425 2560 832 2629 ἅναπέφαγκεν.

263 2654 339 2707 Ε’.
371 2654 539 2707 Πάλιν
566 2654 623 2707 δὲ
641 2655 707 2723 δὴ
721 2655 782 2708 τὸ
803 2655 862 2709 ἐν
886 2654 1072 2727 μέρος,
1088 2660 1118 2711 δ
1146 2658 1310 2713 αὐτοῦ
1327 2658 1423 2713 τοῦ
1437 2658 1575 2714 Θεοῦ
1589 2663 1777 2731 νόμος,

182 2743 481 2815 διαιρεῖται
509 2747 590 2810 εἰς
620 2746 749 2819 τρία
775 2744 921 2811 τινὰ,
947 2746 1028 2811 εἰς
1051 2765 1112 2803 τε
1150 2750 1252 2819 τὴν
1278 2748 1523 2821 καθαρὰν
1556 2750 1781 2821 νομοθε-

191 2834 334 2901 σίαν,
368 2837 468 2906 τὴν
501 2836 854 2908 ἀσύμπλοκον
897 2837 976 2909 τῷ
1021 2840 1196 2911 κακῷ,
1227 2840 1286 2904 ὃς
1312 2840 1410 2894 καὶ
1438 2840 1645 2911 κυρίως
1687 2840 1778 2894 vd·

192 2945 290 2997 μος
320 2928 561 2998 λέγεται,
591 2930 653 2984 ὃν
684 2930 784 2985 οὐκ
811 2925 944 3002 ἦλθε
989 2932 1294 2986 καταλῦσαι
1326 2935 1357 2987 ό
1398 2933 1613 3003 Σωτὴρ,
1644 2932 1781 2987 ἀλλὰ

192 3016 513 3091 πληρῶσαι·
547 3021 608 3074 οὐ
637 3017 745 3093 γὰρ
790 3016 860 3092 ἦν
903 3021 1184 3094 ἀλλότριος
1225 3021 1391 3077 αὐτοῦ
1435 3022 1495 3077 ὃν
1526 3022 1777 3095 ἐπλήρω·

195 3125 318 3163 σεν·
359 3101 584 3185 ω’γὰρ
620 3107 733 3183 εἶχε
782 3112 843 3166 τὸ
886 3113 1129 3167 τέλειον·
1177 3113 1272 3167 καὶ
1324 3114 1405 3178 εἰς
1460 3114 1522 3168 τὸ
1569 3131 1780 3183 συμπε·

191 3191 497 3273 πλεγμένον
522 3203 601 3275 τῷ
625 3205 850 3277 χείρονι,
884 3206 979 3260 καί.
1003 3205 1102 3276 τὴν
1126 3206 1340 3259 ἀδικίαν
1367 3205 1465 3277 (t),
1494 3206 1563 3276 ἢν
1598 3207 1613 3237 ¹
1640 3207 1785 3259 ἀνεῖ-

188 3294 281 3349 λεν
308 3298 339 3350 ό
365 3297 581 3369 Σωτὴρ.
609 3299 881 3352 ἀνοίκειον
908 3298 1040 3352 ὄντα
1065 3300 1132 3368 τῇ
1178 3296 1374 3351 ἑαυτοῦ
1409 3296 1591 3366 φύσει.
1639 3294 1785 3350 Διάι·

200 3387 375 3456 ρεῖται
416 3386 473 3439 δέ
510 3388 605 3441 καὶ
653 3390 735 3451 εἰς
782 3388 843 3441 τὸ
884 3387 1135 3449 τυπικὸν,
1190 3387 1287 3440 καὶ
1336 3385 1667 3458 συμόολικδν
1722 3385 1785 3439 τὸ

1956 2660 2023 2717 V.
2049 2660 2155 2717 Sed
2184 2676 2249 2717 ea
2282 2676 2410 2733 pars
2456 2662 2764 2733 logis.quae
2807 2676 2838 2716 a
2895 2660 3008 2716 Deo
3065 2658 3309 2731 protecta
3356 2666 3463 2727 est,

1887 2750 1994 2805 tria
2021 2765 2241 2806 rursum
2295 2751 2349 2804 in
2408 2750 2653 2805 membra
2684 2749 2967 2805 dividitur.
3011 2749 3133 2803 Alia
3156 2748 3303 2804 enim
3335 2756 3468 2804 sunt

1886 2844 2104 2900 sincera
2154 2851 2444 2913 pra-cepta,
2493 2848 2548 2896 et
2598 2841 2669 2896 ab
2725 2842 2874 2895 omni
2923 2840 3051 2895 mali
3108 2840 3468 2912 permistione

1884 2944 2118 2998 secreta,
2145 2948 2269 3005 quae
2296 2935 2511 3004 proprie
2542 2933 2625 2988 lex
2656 2934 2978 3003 appellatur,
3015 2945 3179 3004 quam
3211 2930 3467 2986 Salvator

1885 3035 1995 3075 non
2015 3020 2158 3076 veuit
2174 3023 2404 3084 solvere,
2434 3019 2529 3077 sed
2546 3017 2841 3091 adimplere
2857 3021 2900 3073 ⁸.
2925 3017 3043 3074 Non
3064 3019 3211 3074 enim
3231 3034 3260 3073 a
3279 3035 3337 3075 se
3348 3025 3470 3074 erat

1886 3109 2065 3165 aliena
2094 3125 2259 3179 qnam
2294 3110 2641 3182 adimplevit3
2673 3110 2878 3180 alioqui
2931 3108 3118 3181 perlici
3143 3107 3470 3180 implerique

1890 3216 2001 3255 non
2027 3210 2231 3271 posset.
2260 3202 2380 3258 Alia
2410 3212 2542 3259 sunt
2565 3203 2932 3259 deterioribus
2960 3203 3259 3273 implicata,
3286 3200 3469 3274 quaIis

1890 3291 2164 3363 injustitia
2194 3304 2301 3363 est,
2338 3310 2502 3365 quam
2516 3294 2768 3350 Salvator
2794 3294 3181 3349 abhorrentem
3210 3310 3242 3348 a
3272 3300 3470 3350 natura

1891 3400 1992 3441 sua
2019 3384 2268 3442 funditus
2297 3387 2542 3443 sustulit.
2601 3385 2890 3441 Postremo
2926 3384 3034 3439 alia
3079 3393 3210 3440 snut
3240 3398 3361 3453 quae
3384 3392 3471 3455 ty·

151 3480 181 3488 “
201 3474 320 3542 κατ’
351 3474 539 3529 εἰκόνα
562 3476 675 3530 τῶν
697 3478 838 3543 (κατ’
866 3477 1053 3531 εἰκόνα
1092 3477 1136 3546 ¹)
1165 3476 1533 3547 διαφερόντων
1561 3475 1788 3547 νομοθε-
1815 3492 1858 3550 C
1893 3477 2014 3547 pica
2042 3492 2107 3533 ac
2130 3479 2431 3549 symbolica
2484 3486 2774 3543 vocantur,
2811 3476 2916 3531 hoc
2962 3486 3049 3532 est
3082 3476 3289 3530 uinbroe
3316 3487 3470 3545 qute-

191 3555 388 3637 ἒηθὲν·
419 3564 449 3619 ὃ
476 3565 778 3637 μετέθηκεν
802 3570 832 3622 ὀ
860 3567 1051 3639 Σωτὴρ
1075 3567 1185 3621 ἀπὸ
1212 3564 1474 3636 αἰσθητοῦ
1524 3567 1620 3619 καὶ
1660 3583 1788 3634 φαι-

1884 3564 2010 3621 dam
2065 3569 2508 3637 praestantiorum
2578 3576 2633 3623 et
2694 3566 2991 3637 imagincs;
3066 3563 3215 3635 quod
3292 3576 3468 3634 genus

192 3658 412 3729 νομένου
445 3660 539 3712 ἐπὶ
569 3659 630 3714 τὸ
676 3662 1046 3734 πνευματικὸν
1077 3660 1173 3715 καί.
1220 3658 1477 3729 ἀόρατον.
1526 3659 1638 3712 Καὶ
1668 3656 1785 3712 ἐστι
1885 3658 2142 3714 Salvator
2197 3660 2268 3715 ab
2325 3675 2392 3715 eo
2441 3658 2591 3729 quod
2654 3657 2912 3715 sensibus
2954 3656 3266 3725 expositum
3295 3659 3465 3707 estet

195 3751 293 3820 μὲν
328 3752 356 3803 ὀ
382 3750 477 3804 τοῦ
506 3751 642 3804 Θεοῦ
679 3752 843 3821 νόμος
877 3754 907 3805 ὁ
936 3751 1181 3820 καθαρὸς
1214 3751 1310 3802 καὶ
1340 3748 1694 3817 ἀσύμπλοκος
1710 3748 1789 3819 τῷ
1883 3758 2196 3821 externum.
2225 3750 2294 3804 ad
2320 3750 2572 3820 spiritale
2630 3765 2734 3806 nec
2791 3747 3129 3819 aspectabiIe
3173 3746 3464 3803 convertit.

279 3931 294 3959 ¹
329 3929 389 3983 F.
423 3931 502 3981 ὃν.
580 3929 601 3959 ¹
631 3926 694 3982 F.
726 3926 787 3980 τὸ
830 3926 952 3979 κατ’
980 3923 1166 3978 εἰκόνα
1219 3922 1328 3977 τῶν
1379 3922 1765 3992 πνευματικῶν
1802 3928 1897 3979 καὶ
1925 3928 2319 3995 διαφερόντως,
2351 3930 2408 3975 ιιι
2440 3922 2601 3976 infra.

2709 3924 2727 3955 ¹
2760 3923 2944 3978 Mattn.
2982 3939 3071 3984 xv,
3114 3920 3245 3986 4-6;
3303 3919 3471 3977 hiare.

204 4013 305 4060 vu,
348 3998 527 4058 timi.
631 3998 653 4027 ⁸
682 3998 789 4051 lsa.
822 4011 971 4058 xxix,
998 3995 1087 4049 13.
1162 3995 1184 4026 ⁸
1211 3991 1404 4048 nauh.
1431 4008 1483 4057 v,
1517 3992 1605 4048 17.
3447 4000 3452 4006 ·

1900 4172 1991 4244 ρόν
2025 4172 2140 4225 ἐστι
2174 4169 2332 4224 τοῦτο
2358 4168 2438 4240 τῷ
2465 4168 2616 4240 Θεῷ,
2647 4167 2677 4221 ὃ
2701 4166 2875 4229 θέλεις
2913 4164 2976 4230 ἐξ
3013 4164 3147 4237 ἐμοῦ
3187 4166 3474 4290 ὠφεληθη-

1893 4259 2004 4307 ναι,
2055 4242 2151 4295 καὶ
2193 4241 2257 4294 οὐ
2303 4239 2528 4294 δύνασαι
2576 4236 2783 4293 λαὸεἶν.
2833 4234 3035 4291 Verum
3078 4237 3339 4293 solemnis
3376 4238 3412 4293 il

1893 4320 2148 4368 votorum
2183 4312 2438 4375 formula,
2485 4324 2648 4379 quam
2679 4323 2746 4362 ex
2776 4306 3162 4377 magistrorum
3192 4322 3474 4364 commen·

1893 4384 2050 4437 tariis
2079 4380 2145 4434 ad
2177 4397 2227 4436 vt
2259 4378 2430 4435 ‹Iosue
2453 4394 2575 4445 cap.
2620 4375 2826 4432 Masius
2862 4374 3086 4445 profert,
3116 4377 3249 4431 mihi
3273 4378 3472 4435 certis-

1893 4452 2034 4505 sima
2055 4450 2287 4505 videtur.
2306 4448 2441 4503 Nam
2459 4463 2584 4502 cum
2604 4447 2804 4516 aliquis
2830 4460 2901 4516 ap
2917 4446 2973 4498 id
3002 4445 3233 4501 alterum
3263 4462 3333 4503 ex
3361 4448 3470 4505 bac

1890 4542 2124 4597 formula
2164 4548 2350 4596 votum
2383 4539 2666 4604 edidisset,
2709 4546 2861 4599 'nm
2887 4548 3085 4599 mrim?
3110 4550 3201 4599 m
3219 4522 3468 4630 ¹7:125st

1826 4654 1867 4709 D
1896 4632 2211 4694 Auamma,
2240 4640 2289 4685 ει
2318 4647 2401 4685 res
2424 4631 2608 4685 devota
2638 4640 2771 4692 erto,
2802 4629 3055 4700 quidquid
3090 4630 3225 4684 illud
3248 4633 3341 4695 sit.
3398 4649 3468 4688 ιο

1893 4720 1988 4773 eqo
2018 4701 2114 4756 tibi
2135 4716 2370 4770 morum,
2404 4700 2562 4756 nefas
2588 4699 2997 4754 arbitrabantur
3031 4700 3180 4753 illum
3219 4700 3355 4756 bene
3395 4702 3468 4757 cii

1894 4788 2094 4845 genere
2119 4772 2230 4828 ullo
2262 4771 2542 4842 prosequi,
2577 4785 2646 4825 ne
2681 4776 2960 4840 parentem
2993 4769 3213 4838 quidem
3245 4769 3463 4839 ipsum3

1895 4861 1965 4898 ne
2031 4843 2137 4898 uod
2174 4841 2284 4897 Deo
2308 4843 2520 4897 seilicet
2544 4841 2800 4896 devotum
2828 4846 2934 4903 est,
2961 4838 3015 4893 id
3037 4839 3292 4895 humanis
3311 4855 3470 4897 com-

1898 4931 1985 4968 ino
2029 4916 2076 4971 is
2125 4914 2350 4968 serviat.
2401 4912 2526 4966 Iiaec
2571 4910 2798 4966 Masius.
2850 4907 2995 4964 Sane
3068 4909 3248 4964 uidem
3378 4924 3468 4965 ra·

1896 4985 2150 5055 phrastes
2180 4979 2221 5036 S
2260 4997 2354 5037 rus
2379 4981 2574 5038 iisdem
2611 4981 2790 5036 verbis
2812 4980 3036 5035 locumi
3083 4996 3172 5033 um
3203 4978 3300 5035 red
3344 4980 3465 5045 idit,

1895 5069 2018 5123 quae
2052 5052 2195 5124 apud
2267 5053 2496 5107 abbinos
2535 5052 2811 5123 leguntur.
2855 5051 2926 5104 At
2955 5048 3200 5116 Scaliger
3231 5051 3288 5104 in
3318 5051 3469 5106 viru·

1898 5126 2046 5179 lento
2077 5126 2168 5178 illo
2187 5123 2492 5177 Trihoeresii
2518 5122 2746 5178 elencho
2772 5121 3066 5190 clliptioem
3096 5120 3350 5188 loquendi
3371 5133 3464 5176 ra-

1897 5195 2098 5248 tionem
2128 5196 2203 5248 ita
2229 5194 2443 5264 supplet
2471 5209 2485 5246 :
2515 5191 2719 5263 Δῶρον,
2749 5190 2778 5243 δ
2811 5189 2905 5244 ἐὰν
2930 5188 2992 5253 ἐξ
3019 5188 3153 5259 ἐμοῦ
3179 5188 3469 5273 ὠφεληθῇς

1896 5264 2079 5333 πάσης
2111 5280 2180 5334 με
2209 5262 2346 5334 πρὸς
2376 5264 2436 5316 σὲ
2463 5262 2627 5333 τιμῆς
2654 5259 2945 5331 ἐλευθεροῖ.
2977 5257 3082 5314 Sed
3109 5258 3212 5314 hoc
3241 5263 3306 5315 ex
3344 5275 3468 5332 opt·-

285 4173 395 4239 (99)
436 4170 633 4240 Δῶρον
657 4171 739 4238 τῷ
772 4171 911 4238 Θεῷ.
948 4170 1049 4228 IIic
1084 4179 1170 4229 est
1209 4171 1562 4231 difficillimus
1589 4175 1681 4230 ille
1717 4187 1785 4229 ex

212 4242 448 4296 Matthaei
471 4256 535 4295 ae
567 4242 731 4296 Marci
762 4242 1051 4313 Evangelio
1081 4243 1236 4299 loeus
1261 4259 1422 4314 quem
1443 4261 1544 4317 pro
1568 4246 1787 4301 diversa

208 4313 653 4383 interpunctione
686 4314 835 4367 varie
876 4314 1201 4383 interpretes
1248 4325 1611 4385 acceperunt;
1660 4327 1789 4368 nam

209 4389 306 4436 ant
336 4383 561 4438 verbum
589 4382 877 4464 ὠφεληθῇς
908 4397 1031 4438 cum
1078 4384 1532 4440 antecedentibus
1561 4382 1790 4454 copula·

212 4463 324 4515 tur,
370 4453 473 4507 boc
511 4454 715 4507 modo:
748 4455 932 4525 Δωρον
974 4453 1003 4506 δ
1048 4453 1144 4507 ἐὰν
1186 4453 1246 4518 ἐξ
1290 4454 1426 4526 ἐμοῦ
1476 4455 1624 4525 ὠφελ
1665 4452 1786 4523 θῆς·

211 4522 352 4589 apud
387 4522 624 4575 Marcum
666 4537 794 4576 vcro
830 4542 842 4576 :
879 4522 1099 4595 Κορδὰν
1137 4523 1207 4594 (ὅ
1248 4526 1365 4579 ἐστι
1392 4523 1607 4612 δῶρον)
1692 4506 1789 4575 ἐὰν

211 4593 272 4656 ἐξ
317 4592 452 4662 ἐμοῦ
494 4592 802 4663 ὠφεληθῇς·
854 4602 952 4647 aul.
999 4593 1144 4649 inter
1176 4592 1343 4663 ἐμοῦ,
1376 4602 1431 4649 et
1459 4593 1747 4663 ὠφεληθῇς
1770 4631 1786 4656 ,

212 4663 585 4716 distinctionis
606 4671 733 4716 nota
762 4664 1004 4733 ponitur.
1035 4664 1398 4718 posteriorem
1429 4664 1574 4717 hauc
1607 4664 1793 4717 lectio-

216 4748 339 4785 nem
380 4733 540 4802 vulgo
576 4731 749 4786 Graeci
783 4732 1004 4787 codices
1039 4732 1259 4798 habent,
1287 4739 1421 4788 ‘eam
1466 4748 1533 4789 ue
1561 4730 1792 4789 Latinus

218 4804 491 4870 interpres
544 4804 809 4871 seqnitur.
857 4801 994 4856 Nam
1038 4802 1111 4854 ita
1152 4802 1349 4867 vertit,
1455 4820 1591 4858 unns
1628 4802 1794 4874 quod-

215 4887 419 4942 cunque
459 4881 537 4925 ent
577 4888 641 4924 ex
679 4888 788 4933 me,
840 4873 934 4926 tibi
962 4872 1238 4940 proderit.-
1278 4874 1505 4941 perinde
1538 4890 1599 4926 ac
1635 4874 1680 4928 si
1720 4875 1793 4925 ita

143 4987 161 5001 .
218 4945 481 5010 >criptum
514 4952 681 5006 esset,
710 4941 738 4993 ὃ
770 4942 864 4995 ἐὰν
893 4942 952 5009 ἐξ
981 4944 1007 4994 ὲ
1051 4940 1113 4994 οῦ
1142 4940 1216 5017 ᾖ,
1254 4942 1560 5015 ὠφεληθῇς.
1592 4942 1794 4997 Existi·

219 5012 443 5066 innabant
472 5012 616 5065 euim
645 5050 660 5076 ,
695 5025 759 5063 ac
791 5026 901 5080 prae
927 5027 986 5066 se
1030 5014 1252 5066 erebant
1280 5028 1346 5067 ex
1388 5012 1791 5068 Pharisaeorum

216 5080 357 5135 elisei
404 5080 513 5133 lina
544 5080 670 5147 filii,
724 5094 783 5134 se
815 5095 939 5135 cum
980 5078 1092 5135 Deo
1121 5082 1323 5151 aliquid
1355 5098 1453 5152 pro
1492 5098 1552 5137 se
1590 5097 1653 5137 ac
1695 5097 1791 5151 pa·

220 5151 361 5204 renti
403 5165 467 5205 us
499 5152 616 5205 suis
656 5149 948 5213 offerrent,
984 5150 1200 5206 abunde
1227 5151 1403 5207 officio
1449 5167 1551 5205 sno
1580 5151 1796 5206 satisfe-

220 5223 395 5286 cisse;
429 5236 605 5291 neque
634 5218 933 5290 quidquam
963 5219 1270 5289 dependere
1305 5225 1540 5290 amplius
1569 5222 1791 5277 dehere.

223 5288 331 5343 Sed
378 5292 612 5360 priorem
661 5291 984 5355 lectionem,
1018 5304 1138 5360 quae
1168 5290 1453 5363 ὠφεληθῇς
1504 5291 1796 5361 superiori-

223 5360 329 5413 bus
364 5360 641 5427 annectit,
677 5360 1044 5431 Epiphanius,
1085 5358 1542 5429 chrysostomus»,
1592 5361 1796 5430 aliique

222 5430 399 5484 urm-¹
420 5472 435 5495 ‚
465 5447 565 5485 ,Μ
599 5448 705 5486 „on
746 5439 801 5486 et
839 5430 1013 5511 Sym}
1040 5432 1423 5509 pqrapbmstes
1456 5430 1791 5501 exprimunt.
1897 5414 2047 5475 ptum
2072 5443 2089 5468 ,
2118 5403 2440 5458 divinationi
2485 5415 2549 5455 ac
2579 5400 2910 5469 conjecturae
2944 5399 3127 5469 potius
3152 5409 3269 5467 est,
3299 5414 3467 5472 quam

1831 5504 1841 5514 ·
1896 5482 2061 5529 certae
2089 5488 2152 5527 ae
2184 5473 2404 5543 liquidae
2437 5471 2654 5526 veritati
2692 5468 3061 5524 tribuendum.
3092 5468 3377 5528 Postremo
3410 5470 3466 5524 in

1897 5544 2003 5598 hoc
2044 5544 2235 5599 eodem
2283 5540 2562 5612 Evangelii
2613 5542 2735 5596 loco
2783 5539 2991 5610 ellipsis
3023 5540 3130 5596 alia
3175 5541 3467 5597 manifesta

1894 5623 2013 5678 est;
2062 5613 2316 5666 nimirum
2342 5652 2358 5677 ‚
2406 5611 2720 5681 quicunque
2761 5609 2865 5665 hoc
2909 5610 3107 5665 dixerit
3149 5614 3289 5681 patri
3341 5624 3465 5676 suo.

1896 5683 2048 5738 nulla
2103 5682 2368 5737 adversus
2422 5682 2573 5735 illum
2625 5680 2961 5750 obligatione
3014 5682 3467 5750 constringetur3

1897 5754 1982 5808 vel
2016 5753 2164 5806 nulla
2199 5766 2258 5805 re
2277 5752 2329 5805 ci
2358 5750 2726 5807 commodabit
2759 5767 2773 5803 :
2807 5751 2955 5823 quod
2980 5766 3141 5806 nume
3163 5750 3197 5806 9
3226 5749 3464 5821 Epipha-

1897 5826 2024 5879 nius
2060 5822 2321 5877 insinuat.

1969 5893 2046 5965 (i)
2083 5888 2166 5957 Τῷ
2185 5890 2433 5961 χείρονι,
2462 5889 2560 5946 καί
2595 5888 2712 5962 τὴν
2736 5890 2992 5948 ἀδικίαν.
3013 5886 3057 5946 F
3056 5903 3141 5947 or.
3168 5889 3236 5962 τῇ
3259 5883 3466 5981 ἀδικίᾳ.

227 5499 561 5581 Epiphanius
592 5501 810 5623 ‹ffldem
845 5516 900 5553 tn
932 5515 1147 5581 pryms,
1179 5514 1304 5554 eum
1329 5498 1795 5581 νει-Μηϊώφελη-

222 5569 325 5641 θῇς
352 5572 544 5626 inserit
569 5590 581 5624 :
646 5572 670 5583 ‘
720 5588 778 5623 ov
799 5569 876 5640 τῷ
899 5570 1040 5640 Θεῳ,
1066 5569 1094 5621 ὃ
1119 5568 1215 5622 ἐὰν
1239 5567 1524 5641 ὠφεληθῇς
1552 5567 1612 5632 ἐξ
1632 5572 1791 5639 ὲμου.

224 5643 300 5692 lia
356 5641 639 5710 chrysost.
714 5642 785 5693 ib.
845 5657 860 5693 ι
912 5642 967 5694 in
1017 5639 1209 5695 Μαιιίι.
1274 5640 1462 5693 homil.
1509 5637 1749 5693 declarat
1778 5657 1791 5693 :

234 5709 594 5763 Ἐπαίδευσαν
637 5712 765 5772 τοὺς
807 5709 965 5771 νέους
1013 5709 1289 5771 εὐσεὸείας
1338 5709 1439 5780 σχή
1524 5725 1578 5761 τι
1624 5724 1795 5763 κατα·

221 5783 442 5901 νοεῖν
456 5780 581 5903 5⁶4}
603 5780 885 5902 εἰει
924 5725 1554 5921 ...effi
1573 5778 1797 5902 zife-‘i

219 5866 365 5988 εέἔις
385 5956 402 5984 ,
432 5918 466 5990 ἢ
496 5918 587 5972 τὸν
618 5902 838 5990 μ’ότχον,
867 5889 901 5991 ἦ
929 5919 1055 5975 ἄλλο
1086 5936 1139 5973 τι
1161 5918 1653 5990 τοιοῦτοῆ-ἔλεγον·
1683 5915 1797 5972 Δῶ-

1897 5336 2059 5389 nione
2081 5348 2181 5389 sua
2212 5334 2503 5388 confictum
2524 5372 2538 5392 .
2574 5346 2684 5385 non
2725 5344 2790 5385 ex
2821 5336 3045 5383 auctore
3073 5327 3184 5384 ullo
3207 5328 3468 5402 deprom·
3549 5361 3567 5375 ·
