3850 6517
156 454 264 511 257

727 447 1091 507 ADVERSUS
1129 445 1486 503 ttAEttssSES.
1525 442 1648 498 me.
1691 443 1730 499 l.
1773 443 1936 499 10³1.
1977 446 2017 500 1.
2063 479 2128 489 -
2169 448 2445 508 imm-23.
2489 451 2845 511 viix-xviii.

3303 458 3415 522 258

159 571 435 626 Μετάνοια
452 572 560 643 γὰρ
604 571 888 642 καθαρίζει
911 613 925 637 ,
964 572 1060 624 καὶ
1115 568 1177 622 τὸ
1218 568 1276 621 ἓν
1318 567 1597 637 βάπτισμα
1647 562 1734 618 διὰ
1764 568 1809 626 Α
1837 579 2005 619 unum
2028 567 2280 623 inlocum
2309 572 2655 638 conveniant,
2683 575 2865 631 eluere
2888 534 3413 645 pecetata⁵liominum

160 664 257 733 τῆς
282 662 391 715 τῶν
422 662 732 735 μυστηρίων
758 662 1074 731 ὀνομασίας.
1108 657 1521 729 Παρελεύσομαι
1552 654 1608 707 δὲ
1638 655 1732 709 καὶ

1838 665 2070 724 possunt
2101 675 2114 710 :
2147 659 2364 728 quando
2394 660 2445 713 id
2482 661 2619 716 citra
2648 676 2864 719 omnem
2910 667 3176 723 rationein
3199 709 3213 733 ,
3241 669 3413 725 citra·

89 794 95 801 ¹
158 754 385 826 ταύτην,
438 754 727 826 αὐτάρκως
773 750 1156 823 ἡγησάμενος·
1211 749 1303 803 τὸν
1353 749 1411 802 ὲν
1461 746 1628 816 ὀλίγῳ
1671 744 1734 797 τὸ
1839 760 1947 815 que
2004 745 2098 802 Dei
2153 757 2479 819 praeceptutn
2538 751 2846 809 adhibetur.
2903 754 3141 828 Purgare
3190 759 3415 829 proinde

164 846 410 916 ἀλέξημα
437 845 534 915 τῆς
575 843 752 898 αὐτῶν
790 841 1214 913 φρενοδλαὸείας
1249 837 1546 904 ὑποδεῖξαι.
1588 836 1734 898 Ἕως

160 936 411 989 ἐνταυθοῖ
432 939 543 999 τοῖς
563 935 949 1005 ἐντυγχάνουσι
985 933 1364 987 συντέτακται.

1840 835 2047 891 scelera
2076 838 2415 907 poenitentiae
2440 848 2545 905 cst,
2577 841 2850 911 uniusque
2870 845 3147 914 baptismi.
3173 864 3268 919 per
3294 865 3413 922 my·

1838 925 2103 979 sticarum
2142 942 2328 983 rerum
2385 930 2823 999 appellationem.
2887 931 2995 989 Sed
3052 953 3151 993 nos
3197 940 3265 994 ab
3307 941 3414 997 hac

160 1031 326 1086 etiam
375 1038 523 1087 secta
561 1031 627 1085 ad
677 1032 842 1085 aliam
886 1027 1244 1083 transibimus
1290 1044 1303 1079 :
1342 1038 1466 1080 cum
1517 1020 1736 1076 abunde
1769 1032 1896 1074 esse
1918 1028 2175 1089 putemus
2239 1022 2431 1092 paucis
2464 1023 2728 1083 adversus
2794 1027 3010 1084 illorum
3055 1032 3411 1107 stoliditatem

162 1121 402 1178 remedia
441 1138 810 1193 comparasse.
860 1121 1136 1177 Hactenus
1172 1120 1339 1191 igitur
1375 1119 1430 1173 in
1460 1117 1724 1172 lectorum
1758 1114 1990 1186 gratiam
2014 1115 2118 1172 ista
2148 1115 2423 1186 disputata
2459 1118 2589 1177 sint.

562 1238 752 1291 KATA
787 1228 1177 1290 ΝΑΖΑΡΑιοΝ
1213 1232 1342 1305 (ιε),

208 1348 349 1403 Ἀπὸ
401 1347 800 1469 Ἰουδατσρὲοῦ·
826 1345 1087 1468 πέμὲετη,
1140 1343 1216 1414 τῇ
1259 1339 1328 1398 δὲ
1369 1339 1698 1407 ἀκολουθίᾳ

724 1434 938 1471 κτωκαι
981 1432 1183 1483 εκατη.

230 1532 309 1583 A'.
356 1529 518 1599 Ἑξῆς
551 1529 607 1582 δὲ
645 1526 1006 1599 ὲπιὸαλοῦμαι
1027 1524 1331 1597 διηγεῖσθαι
1362 1523 1431 1579 τὰ
1463 1518 1604 1577 κατὰ
1630 1517 1728 1592 τὴν

159 1622 370 1694 αἵρεσιν
407 1622 506 1692 τὴν
543 1620 680 1691 μετὰ
706 1616 1359 1690 τοὺςἩμεροόαπτιστὰς
1388 1613 1729 1686 καλουμένην

157 1713 266 1768 τῶν
293 1712 643 1782 Ναζαραίων,
678 1713 873 1775 οἵτινες
910 1711 1155 1764 Ἰουδαῖοί
1184 1711 1289 1762 εἰσι
1313 1708 1374 1761 τὸ
1408 1707 1586 1777 γένος,
1622 1704 1730 1759 ἀπὸ

156 1804 256 1874 τῆς
283 1802 660 1866 Γαλααδίτιδος
695 1802 790 1857 καὶ
816 1801 1187 1865 Βασανίτιδος,
1209 1800 1304 1852 καὶ
1341 1797 1449 1852 τῶν
1475 1795 1727 1850 ἐπέκεινα

2138 1229 2250 1302 38
2273 1228 2638 1288 ADVERSUS
2670 1232 3097 1305 NAZARAEOS,

1944 1341 2069 1407 Qua
2102 1353 2179 1398 est
2209 1342 2480 1400 Iudaismi
2507 1345 2719 1402 Itoeresis
2766 1346 2836 1413 V,
2868 1346 3050 1403 ordine
3070 1348 3121 1402 X
3134 1347 3306 1407 VIII.

1903 1519 1943 1575 l.
1971 1518 2127 1577 Nunc
2169 1523 2276 1577 alia
2311 1523 2443 1579 mibi
2472 1533 2596 1595 post
2637 1524 3139 1598 Hemerobaptistas
3182 1530 3416 1588 baercsis·

1830 1615 2183 1684 exponenda,
2216 1631 2338 1686 quae
2370 1616 2756 1672 Nazaraeorum
2795 1618 3018 1675 dicitur.
3051 1621 3157 1686 Qui
3185 1623 3406 1692 quidem

1831 1714 1893 1758 ut
1937 1705 2249 1775 accepimus
2280 1724 2479 1779 genere
2529 1708 2700 1766 Judaei
2741 1718 2903 1776 sunt,
2945 1727 2976 1768 e
3006 1711 3322 1779 Galaatide,
3348 1721 3407 1771 et

1835 1795 2149 1852 Basanitide
2173 1836 2189 1862 ,
2236 1814 2299 1854 ac
2330 1800 2556 1871 reliquis
2588 1803 2730 1856 ultra
2761 1801 3054 1860 Jordanem
3090 1806 3406 1876 regionibus

156 1894 250 1948 τοῦ
289 1894 552 1966 Ἰορδάνου
579 1894 910 1966 ὁρμώμενοι,
940 1892 1014 1956 ὡς
1038 1895 1065 1946 ὀ
1097 1895 1176 1955 εἰς
1206 1892 1353 1963 ἡμᾶς
1383 1888 1551 1943 ἐλθὼν
1573 1904 1729 1958 περι-
1760 1911 1802 1966 B
1834 1885 2074 1940 oriundi.
2109 1885 2473 1953 Quamobrem
2505 1906 2628 1945 cum
2662 1892 2775 1946 baec
2814 1900 2961 1948 secta
3004 1895 3306 1949 Israelitica
3336 1912 3406 1952 ex

161 1991 271 2060 έχει
305 1989 482 2057 λόγος.
530 1987 616 2054 Ἐξ
657 1986 820 2041 αὑτοῦ
848 1986 903 2039 δὲ
942 1985 1034 2039 τοῦ
1070 1984 1287 2057 Ἰσραὴλ
1315 1979 1468 2048 οὖσα,
1504 1982 1626 2051 ἥτις
1658 1978 1729 2033 τὰ

159 2083 334 2137 πάντα
363 2080 640 2145 ίουδαῖζει,
680 2081 848 2152 μηδὲν
892 2079 1204 2150 περαιτέρω
1239 2075 1510 2148 φρονοῦσα
1542 2071 1727 2144 σχεδὸν

157 2171 264 2227 τῶν
327 2173 758 2244 προειρημένων.
812 2170 1122 2243 Περιτομὴν
1158 2169 1265 2239 γὰρ
1296 2167 1556 2228 ὡσαύτως
1602 2163 1725 2216 ὲκέ-

159 2279 344 2332 κτητο,
394 2260 667 2314 Σάὸὄατον
700 2259 762 2313 τὸ
800 2261 932 2313 αὐτὸ
977 2259 1302 2329 ἐφύλαττεν,
1347 2256 1564 2327 ἑορταῖς
1607 2253 1727 2314 ταῖς

159 2355 348 2414 αὑταῖς
369 2355 744 2423 προσανεῖχεν,
765 2353 825 2403 οὐ
866 2351 971 2421 μὴν
994 2349 1333 2422 εἱμαρμένην
1368 2345 1724 2418 παρεισῆγεν,

160 2441 283 2495 οὔτε
316 2441 696 2513 ἀστρονομίαν.
723 2443 832 2494 Kal.
863 2442 1104 2512 πατέρας
1131 2443 1228 2511 μὲν
1263 2439 1472 2509 ἐδέχετο
1508 2437 1634 2498 τοὺς
1669 2436 1726 2486 ὲν

160 2535 227 2604 τῇ
259 2533 614 2602 Πεντατεύχῳ
635 2532 741 2584 ἀπὸ
766 2532 859 2585 τοῦ
896 2532 1066 2601 ’Λδὰμ
1093 2530 1250 2600 μέχρι
1279 2527 1576 2589 Μωῦσέως,
1601 2525 1727 2586 τοὺς

161 2626 218 2677 ὲν
250 2623 500 2693 ἀριστεία
523 2620 831 2682 Θεοσεδείας
859 2620 1137 2688 διαφανεῖς
1171 2617 1516 2688 ὑπάρξαντας
1535 2632 1548 2646 ·
1585 2612 1729 2682 φημὶ

157 2715 213 2767 δὲ
258 2713 430 2784 Ἀδὰμ
466 2714 559 2766 καὶ
600 2714 730 2784 Σὴθ,
766 2712 860 2766 καὶ
896 2710 1084 2779 Ἑνὼχ,
1118 2708 1211 2760 καὶ
1249 2705 1596 2763 Μαθουσάλα,
1635 2703 1729 2756 καὶ

158 2803 301 2866 Νῶε,
337 2803 431 2856 καὶ
475 2802 747 2873 Ἀδραάμ,
794 2801 888 2854 καὶ
934 2798 1138 2861 Ἰσαὰκ,
1185 2797 1277 2849 καὶ
1317 2791 1530 2856 Ὶακὼὸ,
1566 2792 1729 2844 Λευῒν

154 2911 215 2945 τε
249 2894 342 2946 καὶ
377 2891 606 2965 Ἀαρὼν,
643 2892 735 2946 καὶ
777 2890 984 2963 Ἰησοῦν
1011 2889 1101 2940 τὸν
1125 2887 1218 2939 τοῦ
1250 2884 1404 2954 Ναυῆ
1425 2900 1438 2913 ·
1476 2884 1642 2953 αὐτὴν
1671 2880 1729 2936 δὲ

156 2985 219 3038 οὐ
246 2985 569 3055 -παρεδέχςτο
606 2983 702 3054 τὴν
733 2982 1122 3051 Πεντάτευχον,
1151 2979 1285 3032 ἀλλὰ
1329 2977 1598 3047 ὡμολόγει
1630 2977 1729 3046 μὲν

155 3078 248 3131 τὸν
269 3076 528 3139 Μωῦσέα,
567 3077 659 3130 καὶ
680 3078 768 3128 ὅτε
799 3073 1018 3148 ἐδέξατο
1043 3071 1382 3142 νομοθεσίαν,
1410 3069 1693 3122 ἐπίστευεν
1711 3083 1724 3097 ·

155 3167 217 3220 οὐ
244 3166 448 3238 ταίτην
469 3165 528 3221 δὲ
547 3166 731 3236 φησὶν,
756 3164 868 3217 ἀλλ’
901 3163 1112 3232 ἑτέραν.
1140 3159 1298 3211 Ὅθεν
1319 3159 1386 3211 τὰ
1423 3158 1520 3229 μὲν
1550 3157 1727 3210 πάντα

1829 1984 1989 2046 gente
2022 1977 2263 2047 prosecta
2292 1979 2384 2044 sit,
2412 1979 2723 2037 Judaeorum
2767 1985 2822 2038 in
2860 1985 3116 2041 omnibus
3152 1985 3405 2057 dogmata

1827 2066 2236 2135 complectitur,
2270 2082 2370 2122 nec
2397 2069 2465 2124 ab
2497 2069 2563 2124 iis
2611 2085 2751 2138 quos
2779 2077 2939 2125 antea
2974 2072 3404 2127 commemoravi

1829 2155 1943 2210 scre
1988 2155 2098 2210 ulla
2129 2156 2185 2210 in
2230 2158 2572 2214 redissidet.
2624 2159 2760 2214 Nam
2821 2169 2875 2215 et
2916 2162 3395 2217 circumcisionem

1827 2249 2052 2319 perinde
2090 2258 2252 2320 atque
2280 2253 2372 2306 alii
2427 2258 2658 2318 retinet;
2698 2260 2754 2307 et
2785 2252 2928 2309 idem
2966 2253 3264 2310 Sabbatum
3303 2256 3405 2310 ob·

1828 2353 2042 2406 servat,
2076 2341 2374 2412 eademque
2410 2342 2546 2399 festa
2581 2344 2821 2398 celebrat
2855 2363 2868 2397 ε
2900 2344 2995 2399 sed
3031 2346 3403 2415 nequeesatum

1829 2448 2005 2501 neque
2045 2434 2436 2488 astronomiam
2465 2433 2722 2488 admittit.
2756 2432 2834 2490 Ac
2872 2449 2999 2488 cum
3037 2442 3249 2492 veteres
3278 2437 3404 2494 illos

1830 2523 2194 2594 patriarchas,
2227 2524 2294 2579 de
2332 2524 2531 2594 quihus
2574 2524 2629 2579 in
2659 2523 3030 2582 Pentateucho
3062 2529 3264 2582 mentio
3294 2536 3402 2589 est,-

1829 2614 2113 2684 approbet,
2140 2613 2235 2682 qui
2276 2615 2345 2668 ab
2380 2615 2588 2670 Adamo
2617 2615 2684 2669 ad
2724 2614 2941 2687 Moysen
2984 2633 3156 2686 usque
3201 2619 3404 2690 insigni

1829 2705 2033 2774 pietate
2066 2704 2367 2760 floruerunt
2403 2724 2416 2760 ε
2448 2705 2705 2761 nimirum
2747 2706 2955 2770 Adam,
3007 2707 3158 2770 Seth,
3191 2707 3402 2774 Enoch,

1830 2794 2212 2860 Mathusalam,
2250 2795 2385 2858 Noe,
2430 2795 2726 2861 Abraham,
2774 2797 2947 2862 lsaac,
2987 2796 3156 2853 Jacob
3181 2838 3195 2860 ‚
3248 2799 3402 2863 Levi.

1828 2890 2031 2951 Aaron,
2063 2902 2128 2941 ac
2154 2885 2339 2943 Jesum
2372 2885 2520 2942 Nave
2550 2889 2744 2954 lilium,
2772 2888 3203 2945 Pentateuchum
3238 2891 3406 2945 nihil-

1829 2978 2049 3033 ominus
2088 2978 2258 3048 ipsam
2310 2980 2580 3048 repudiat.
2627 2979 2737 3035 Nec
2776 2979 2998 3050 Moysen
3037 2982 3257 3051 quidem
3305 2983 3403 3038 ab·

1824 3071 1967 3140 jicit,
1996 3085 2173 3139 neque
2204 3070 2441 3124 oblatam
2475 3071 2604 3126 huic
2652 3087 2682 3125 a
2714 3071 2824 3127 Deo
2852 3072 3024 3143 legem
3057 3089 3181 3129 esse
3210 3073 3403 3130 diuite·

1832 3171 1941 3225 tur,
1966 3163 2063 3219 sed
2096 3163 2255 3216 aliam
2283 3162 2453 3218 fuisse
2484 3163 2617 3217 dicit
2637 3178 2798 3232 quam
2827 3179 2947 3232 quae
2976 3164 3137 3234 vulgo
3166 3165 3402 3220 circum·

157 3257 486 3326 φυλάττουσι
513 3256 623 3310 τῶν
657 3254 926 3308 Ἰουδαίων
964 3251 1202 3305 Ἰουδαῖοι
1233 3249 1380 3313 ὄντες
1401 3265 1413 3277 ·
1448 3247 1640 3300 Θυσίαν
1671 3245 1727 3298 δὲ
1753 3237 1796 3295 C
1834 3253 2024 3310 fertur.
2055 3253 2133 3308 Ex
2172 3270 2283 3325 quo
2310 3254 2511 3308 sactum
2545 3262 2660 3318 est,
2695 3264 2756 3308 ut
2789 3253 3101 3310 iudaeorum
3140 3271 3402 3312 caeremo-

155 3349 257 3401 οὐκ
285 3345 459 3409 ἔθυον,
488 3345 620 3419 ,οὔτε
667 3344 925 3414 ἐμψύχων
968 3342 1240 3412 μετεῖχον·
1290 3337 1424 3390 ἀλλὰ
1471 3335 1727 3404 ἀθέμιτον

153 3434 224 3509 ἦν
258 3439 388 3509 παρ’
413 3437 594 3499 αὐτοῖς
616 3436 674 3489 τὸ
701 3436 879 3506 κρεῶν
906 3430 1359 3504 μεταλαμδάνειν,
1390 3428 1424 3500 ἢ
1453 3423 1727 3489 Ουσιὰζειν

156 3526 375 3589 αὐτούς.
404 3527 679 3594 Ἔφασκον
708 3526 818 3594 γὰρ
866 3519 1172 3574 πεπλάσθαι
1206 3517 1376 3571 ταῦτα
1414 3516 1482 3568 τὰ
1525 3511 1724 3584 βιὸλία,

157 3621 254 3674 καὶ
305 3618 469 3689 μηδὲν
516 3618 719 3671 τούτων
757 3617 860 3669 ὑπὸ
902 3614 1008 3668 τῶν
1053 3612 1304 3683 πατέρων
1350 3604 1724 3677 γεγεννῆσθαι.

158 3689 306 3781 Αὕτη
329 3705 395 3780 ἦν
423 3711 456 3780 ἡ
482 3708 590 3761 τῶν
620 3707 948 3778 Ναζαραίων
977 3702 1208 3773 διαφορὰ
1246 3700 1382 3769 πρὸς
1413 3699 1508 3760 τὰς
1533 3696 1724 3756 ἄλλας·

158 3801 234 3863 ὡς
264 3801 358 3854 καὶ
390 3799 526 3869 πρὸς
552 3797 746 3859 αὐτοὺς
773 3799 800 3847 ὁ
831 3796 1048 3863 ἔλεγχος
1078 3793 1174 3843 οὐκ
1202 3793 1256 3840 ὲν
1291 3789 1370 3840 ἑνὶ
1392 3787 1562 3854 τόπῳ,
1594 3783 1728 3836 ἀλλὰ

159 3896 217 3947 ὲν
247 3892 459 3954 πολλοῖς
486 3894 600 3943 ἐστι
631 3906 761 3957 φανε
774 3889 881 3957 ρόν.

230 4069 306 4121 B'.
344 4063 566 4135 Πρῶτον
610 4063 707 4132 μὲν
737 4060 797 4113 τὸ
838 4056 1119 4129 ὁμολογεῖν
1164 4055 1360 4118 αὐτοὺς
1396 4055 1524 4118 τοὺς
1564 4053 1730 4107 πατέ-

159 4177 282 4236 ρας,
316 4159 412 4211 καὶ
444 4154 806 4225 πατριάρχας,
847 4148 938 4203 καὶ
978 4146 1234 4203 Μωῦσέα.
1261 4146 1460 4218 Ἀλλης
1505 4144 1727 4218 Γραφῆς

233 4315 251 4345 ¹
279 4310 440 4366 Forte
465 4309 540 4361 τό.

233 4448 344 4519 (12)
367 4446 527 4499 Κατὰ
552 4441 911 4511 Ναζωραίων.
932 4437 1196 4493 Nazareni
1225 4436 1455 4516 quinam·
1474 4435 1642 4490 vctcri
1674 4432 1729 4490 in

161 4516 278 4589 lege
331 4517 553 4578 luerint,
605 4513 805 4567 nemini
851 4521 934 4565 est
984 4511 1247 4579 ignotum.
1283 4506 1388 4559 Sed
1424 4521 1458 4557 ιι
1506 4504 1618 4560 sere
1659 4506 1726 4559 ad

161 4596 396 4657 tempus,
431 4601 539 4639 non
566 4593 823 4653 perpetuo
861 4581 961 4634 sibi
1002 4580 1272 4632 delectum
1307 4575 1553 4628 ciborum
1588 4573 1727 4626 indi-
1759 4573 1804 4630 D

162 4673 288 4713 cere
316 4661 733 4712 consueverant.
775 4649 1013 4704 Tametsi
1049 4646 1289 4716 perpetui
1321 4644 1541 4712 quidam
1575 4653 1731 4700 erant

163 4727 401 4782 Nazaraei
435 4740 449 4778 τ
484 4721 788 4790 cujusmodi
842 4718 1071 4771 Samson
1119 4714 1347 4770 exstitit.
1385 4713 1589 4767 Deinde
1623 4728 1731 4769 nou

165 4812 339 4868 usque
367 4811 431 4853 eo
465 4793 760 4862 impietatis
787 4796 1188 4859 processerant,
1218 4792 1271 4837 ut
1301 4782 1730 4838 pentateuchum

166 4867 365 4931 Musis,
423 4880 487 4920 ac
553 4866 721 4932 legem
777 4858 1124 4927 repudiarent
1163 4871 1178 4907 z
1222 4853 1363 4920 quod
1419 4851 1730 4908 Nazarenos

166 4939 301 4994 istos
348 4935 624 4991 factitasse
663 4930 853 4983 scribit
900 4925 1253 4996 Epiphanius
1284 4922 1386 4987 Qui
1422 4939 1525 4976 non
1570 4923 1732 4978 modo

165 5010 308 5063 inter
360 5006 667 5061 ludaeorum
726 5007 904 5052 sectas
959 4998 1268 5049 Nazarcnos
1317 5000 1596 5056 recenset,
1638 4994 1730 5048 secl

163 5081 328 5132 etiam
389 5069 716 5129 Christianis
771 5066 1016 5121 ascribit.
1088 5063 1224 5118 Vide
1282 5062 1510 5116 haeresin
1578 5078 1727 5118 xxix.

163 5145 426 5212 Quamvis
456 5144 560 5198 hoc
606 5140 853 5203 interest,
900 5135 1049 5205 quod
1089 5132 1349 5187 ludaicos
1385 5134 1518 5186 istos
1553 5131 1732 5186 Νασα-

167 5217 389 5289 ραίους,
448 5211 792 5268 Christianos
858 5203 1209 5274 Ναζωραίους
1276 5202 1527 5283 appellet.
1552 5270 1562 5282 .
1589 5199 1732 5283 Sane

164 5287 511 5342 Christianos
549 5280 720 5335 Judaei
757 5286 953 5336 ninam
1021 5274 1322 5329 nominant,
1379 5282 1438 5325 ut
1485 5271 1632 5325 Elias
1675 5288 1730 5326 tn

166 5355 351 5412 Thisbi
377 5356 555 5420 docet,
583 5365 613 5404 a
638 5348 941 5404 Nazaretho
962 5344 1196 5401 Galilaeae
1216 5341 1414 5408 oppido
1435 5358 1448 5407 ;
1479 5341 1731 5396 Christus

166 5429 285 5497 ipse
321 5423 633 5478 Nazarenus
679 5418 982 5490 appellatus
1031 5419 1134 5476 cst,
1184 5419 1236 5465 ct
1266 5409 1574 5494 Nazaraeus,
1623 5423 1730 5466 tam

162 5504 325 5557 Nm,
354 5507 516 5563 quam
546 5498 715 5554 lam,
737 5487 1173 5555 utllieronymus
1202 5483 1404 5536 indicat
1429 5497 1482 5561 iu
1517 5497 1633 5550 cap.
1667 5497 1729 5562 ιιι

163 5565 361 5622 Halm.
396 5563 636 5618 Nazaraei
665 5569 874 5615 veteres
903 5564 1086 5616 Ε’Ἶῖτιι
1113 5553 1328 5625 proprie
1357 5554 1553 5632 vocati,
1573 5567 1731 5620 quasi

161 5636 358 5700 sancti,
393 5642 447 5689 et
475 5630 725 5702 separati.
758 5628 863 5684 Sed
893 5643 1015 5682 cuin
1038 5623 1371 5694 Epiphanius
1396 5620 1503 5704 duo
1522 5621 1611 5675 illa
1638 5638 1730 5692 ge-

161 5721 299 5764 nera
327 5706 604 5760 discernat
634 5719 647 5755 :
683 5700 932 5769 suspicor
963 5698 1174 5767 priores
1200 5693 1530 5750 etJudaicos
1546 5699 1729 5754 matr:

163 5772 849 5844 ancroeos.posteriores‚
871 5769 964 5838 qui
987 5770 1038 5822 iu
1061 5765 1337 5821 Christum
1362 5763 1724 5826 crediderant,

160 5857 358 5914 ufir:
393 5839 1014 5911 Nazaroeos,nominari.
1052 5834 1418 5894 Videllieron.
1450 5833 1502 5886 in
1525 5849 1639 5902 cap.
1674 5850 1726 5890 xi

1830 3346 1951 3402 nias
1983 3345 2220 3416 reliquas
2257 3346 2570 3411 observent,
2600 3353 2784 3415 utpote
2814 3345 3016 3412 Judaei;
3055 3360 3086 3400 a
3119 3347 3406 3404 sacrificiis

1830 3437 2194 3503 abhorreant;
2226 3452 2403 3506 neque
2432 3436 2669 3490 animata
2702 3450 2762 3490 re
2806 3437 2914 3490 ulla
2949 3444 3263 3491 vescantur.
3296 3435 3406 3493 lta·

1829 3543 1936 3596 que
1964 3542 2158 3582 carnes
2191 3529 2247 3582 in
2272 3527 2455 3583 cibum
2501 3526 2780 3591 adbibere,
2812 3528 2897 3582 vel
2917 3527 3225 3584 sacrificare
3248 3529 3408 3585 nefas·

1828 3633 1953 3673 esse
1985 3616 2276 3674 ducebant.
2310 3617 2559 3674 Coniicta
2602 3617 2747 3673 enim
2795 3617 2909 3672 baec
2942 3633 3065 3674 esse
3101 3619 3401 3684 volumina,

1829 3724 2009 3777 neque
2060 3724 2248 3763 eornm
2301 3709 2600 3778 quidquam
2654 3723 2683 3761 a
2739 3708 3037 3777 majoribus
3075 3708 3401 3778 profectum.

1830 3796 2112 3865 Ejusmodi
2158 3796 2539 3851 Nazaraeorum
2595 3797 2888 3851 discrimen
2943 3811 2973 3851 a
3008 3797 3235 3868 reliquis
3277 3796 3400 3854 fuit.

1836 3886 1986 3941 Unde
2014 3895 2070 3942 et
2100 3885 2263 3942 facile
2311 3903 2422 3942 non
2463 3902 2572 3942 uno
2605 3886 2871 3942 duntaxat
2918 3888 2975 3943 in
3027 3889 3184 3955 loco,
3217 3889 3313 3945 sed
3344 3892 3401 3945 in

1829 3977 2080 4049 pluribus
2107 3976 2333 4033 refutari
2366 3984 2612 4047 possunt.

1899 4068 1967 4126 ll.
1992 4068 2071 4125 Ac
2098 4070 2335 4141 primum
2358 4069 2507 4142 quod
2542 4082 2753 4126 veteres
2779 4071 3122 4141 patriarchas
3147 4079 3218 4128 -et
3249 4069 3404 4144 Mcy«

1829 4177 1925 4218 sen
1959 4162 2213 4232 probant,
2241 4178 2427 4234 quatro
2456 4163 2526 4218 ab
2568 4163 2710 4228 illis,
2752 4179 2875 4218 cnm
2909 4164 3058 4218 nulla
3087 4163 3157 4220 de
3185 4165 3252 4221 iis
3295 4165 3399 4220 alia

1833 4444 2016 4501 Isaioe.
2053 4445 2383 4502 Philastrius
2423 4444 2802 4502 Nazaraeorum
2836 4447 3069 4504 luercsin
3120 4448 3264 4503 inter
3304 4445 3404 4503 Ju-

1831 4518 2016 4572 daicas
2068 4525 2247 4571 sectas
2292 4522 2541 4570 numerat
2583 4534 2598 4571 :
2645 4519 2737 4572 sed
2781 4517 2950 4587 legem
2998 4527 3055 4573 et
3112 4519 3405 4587 prophetas

1832 4587 2086 4654 amplecti
2135 4585 2347 4647 scribit,
2391 4600 2569 4653 neque
2616 4587 2910 4656 quidquam
2942 4587 3011 4641 iis
3055 4587 3201 4640 aliud
3244 4591 3403 4641 attri-

1831 4656 1970 4717 buit,
2009 4669 2169 4720 quam
2202 4654 2347 4723 quod
2392 4652 2630 4709 Nazaraei
2679 4667 2887 4710 veteres
2924 4656 3216 4709 observare
3260 4658 3405 4711 sole-⁶

1831 4725 1981 4779 bant.
2016 4725 2133 4790 Quo
2180 4727 2397 4779 immine
2439 4724 2581 4778 inter
2612 4725 2846 4780 haereses
2876 4726 3121 4794 cooptari
3158 4740 3266 4778 non
3306 4726 3394 4780 de·

1830 4795 2085 4849 laum-unt.
2116 4793 2183 4846 At
2212 4794 2537 4865 Νασαραῖοι,
2570 4811 2709 4864 quos
2744 4795 2832 4849 bic
2868 4795 3130 4850 describit
3164 4795 3400 4865 Epipbas

1830 4865 1978 4926 nius,
2012 4866 2181 4934 legem
2228 4862 2391 4918 Mosis
2437 4864 2985 4934 abnegabautzquod
3015 4871 3100 4920 cst
3146 4866 3285 4919 idem
3337 4881 3402 4920 aa.

1828 4932 2168 4988 Judaismutn
2209 4932 2316 4985 ἀπὸ
2343 4933 2443 5003 τῆς
2468 4934 2541 4987 ἀκ
2609 4933 2817 4997 πόλεως
2848 4945 3109 4991 evertere.
3151 4934 3304 4991 Unde
3334 4950 3404 4990 na

1830 5007 1895 5058 ad
1929 5003 2262 5073 posteriores
2290 5004 2509 5072 quidem
2589 5018 2885 5070 azaren0s3
2919 5005 3009 5073 qui
3045 5004 3265 5059 Christo
3304 5021 3402 5060 no-

1831 5090 1955 5130 men
1999 5076 2281 5134 dederunt,
2319 5075 2521 5144 quique
2566 5076 2830 5144 privatam
2884 5074 2936 5126 in
2983 5073 3401 5130 Christianismi)

1831 5157 2033 5199 sectam
2058 5145 2432 5208 instituerunt,
2465 5152 2693 5212 possunt
2731 5142 2944 5197 referri.
2979 5141 3256 5210 Siquidem
3292 5142 3395 5198 Na·

1807 5216 1989 5268 ’κοινοί
2028 5215 2126 5276 illi,
2158 5213 2359 5282 quibus
2399 5229 2522 5267 cum
2556 5229 2710 5266 usum
2737 5223 2791 5265 et
2822 5213 3272 5267 consuetudinem
3306 5215 3401 5268 ba-

1831 5284 1952 5338 buit
1980 5283 2363 5353 llierouymus,
2386 5283 2694 5353 quibusque
2723 5296 2846 5335 xxix
2883 5282 3129 5337 baeresim
3156 5284 3402 5354 assignat

1832 5353 2193 5423 EpiphaniuS‚
2224 5350 2389 5408 Vetus
2440 5367 2600 5407 omne
2644 5350 3051 5405 Testamentum
3107 5355 3397 5418 admisere,

1832 5434 1891 5477 ut
1936 5423 2095 5477 ambo
2133 5423 2209 5476 illi
2259 5421 2447 5478 Patres
2494 5421 2803 5475 affirmant:
2832 5422 2978 5491 quod
3018 5420 3245 5478 Iudaica
3297 5426 3399 5477 ista

1832 5502 1981 5547 secta
2034 5490 2281 5546 [unditus
2329 5491 2588 5561 rejecisse
2656 5492 2903 5554 videtur,
2959 5493 3397 5562 quandoquidem

1831 5561 2258 5618 pentateuchum
2304 5561 2467 5618 llosis
2508 5559 2776 5618 ludaisini
2822 5563 3109 5618 medullam
3158 5564 3399 5616 tunditus

1830 5633 2175 5704 proscripsit.
2213 5630 2317 5686 Sed
2347 5631 2613 5700 ejusmodi
2655 5632 2867 5688 Iudaici
2899 5634 3136 5688 nominis
3165 5633 3399 5686 haercsln

1828 5702 1975 5759 baud
2007 5699 2123 5756 scio
2154 5716 2221 5755 an
2274 5701 2413 5757 alius
2459 5710 2654 5770 praeter
2681 5701 3041 5775 Epiplianium
3070 5713 3399 5758 commemo·

1826 5774 2046 5829 raverit.
