3850 6517
381 502 483 551 tto

1399 501 1457 556 S.
1494 499 1839 557 Emptum!
1888 499 2068 557 ACTA
2110 501 2609 568 consumma,

3521 513 3622 569 lm

356 614 517 694 ‘nihil
558 622 676 670 tuto
725 614 989 680 ereditur,
1033 617 1140 672 nisi
1175 619 1325 688 quod
1382 621 1605 676 aliunde
1671 621 1954 677 invenitur
1983 630 2025 686 Α
2059 627 2474 696 exprobrarent,
2509 645 2573 684 ac
2614 645 2801 686 secum
2846 631 3075 685 invicem
3113 630 3402 687 illudentes
3433 631 3510 686 ita
3542 633 3625 687 lo·
3712 605 3716 609 .

383 705 696 760 testimonio
743 709 915 780 magis
952 709 1153 764 idoneo
1194 710 1598 767 confirmatum.
1650 711 1836 782 ltaque
1884 715 1954 769 iis

384 813 503 866 quae
522 798 634 853 dixi
662 798 812 856 Actis
851 801 1098 865 omissis,
1135 816 1198 856 ea
1232 802 1490 874 colligere
1522 806 1809 876 aggredior
1829 822 1952 876 quaa

284 920 288 924 -
385 889 499 958 ipse
526 890 594 945 de
640 906 700 946 se
740 905 913 960 pauca
948 892 1108 957 satis,
1144 893 1301 963 plura
1346 910 1470 965 quae
1519 897 1610 951 alii
1659 897 1954 953 indubitati

383 978 677 1051 scriptores
701 992 1013 1052 suggerent.

990 1074 1221 1131 CAPUT
1263 1077 1324 1132 ll.

384 1159 535 1216 Casti
560 1161 907 1247 adolescentis
933 1168 1302 1249 monachatus,
1325 1170 1446 1225 vitoe
1467 1183 1597 1226 oetas
1627 1183 1676 1227 et
1709 1173 1953 1244 quaedum

458 1305 464 1313 Ι
854 1251 907 1288 m
935 1244 1432 1310 episcopatu'pesta.

454 1343 511 1398 7.
563 1343 850 1416 Epiphanii
915 1351 1147 1418 patriam
1205 1352 1718 1425 institutionemque
1763 1357 1957 1442 adole-

385 1435 590 1491 scentis
625 1435 961 1493 Sozomcnus
986 1441 1222 1510 explicat
1257 1443 1352 1499 lib.
1388 1460 1440 1499 vt
1475 1461 1593 1517 cap.
1625 1446 1714 1510 52,
1755 1447 1848 1502 uhi
1889 1447 1959 1504 de

387 1527 674 1586 monacbis
705 1527 1006 1588 Pataesttnae
1043 1533 1295 1603 loquens,
1334 1553 1354 1587 ι
1387 1534 1464 1591 Ex
1507 1553 1719 1603 eorum,
1757 1539 1957 1611 inquit,

388 1632 618 1673 numero
641 1617 747 1674 luit
776 1618 1099 1693 Hesychius,
1131 1622 1428 1683 Hilarionis
1459 1628 1696 1697 sodalis,
1741 1639 1796 1685 et
1829 1631 1958 1702 Epi-

389 1709 645 1779 phanius,
680 1711 774 1781 qui
805 1722 993 1781 postea
1024 1713 1320 1771 Salaminis
1355 1717 1410 1773 in
1448 1717 1629 1791 Cypro
1663 1722 1957 1794 episcopus

388 1797 596 1854 tuinsst
623 1799 932 1874 llesychius
958 1804 1176 1874 quidem
1216 1806 1271 1862 iu
1317 1807 1509 1863 eodem
1544 1825 1656 1880 quo
1695 1814 1958 1884 magister

388 1895 505 1948 loeo
535 1893 955 1965 philosophatus
990 1905 1104 1964 est;
1136 1897 1475 1968 Epiphanius
1513 1917 1644 1958 vero
1671 1903 1828 1973 juxta
1848 1904 1960 1958 Be.-

389 1985 678 2042 sanducetn
727 1986 933 2052 vicum,
972 1988 1026 2042 iu
1090 1990 1369 2045 territorio
1417 1989 1961 2065 Eleutlieropolitano

389 2072 573 2141 situm,
603 2088 673 2130 ex
700 2090 812 2146 quo
863 2088 1018 2131 ortus
1064 2073 1260 2132 tuerat.
1306 2075 1411 2144 Qui
1457 2094 1584 2135 cum
1623 2086 1693 2135 ab
1735 2081 1962 2137 ineunte

388 2163 752 2224 adolescentia
785 2181 813 2220 a
844 2165 1316 2236 praestantissimis
1357 2168 1642 2223 monachis
1672 2169 1961 2225 institutus

386 2255 602 2323 t'uisset,
627 2258 859 2329 ejusque
913 2258 990 2313 rei
1037 2272 1204 2314 causa
1262 2258 1357 2315 diu
1420 2270 1667 2319 moratus
1708 2270 1854 2319 esset
1902 2263 1958 2317 in

389 2347 654 2420 etim-pio,
715 2350 768 2403 in
822 2349 1125 2405 monastica
1188 2350 1536 2421 philosophia
1566 2353 1961 2410 celeberrimus

364 2441 611 2495 exstitit.
654 2458 674 2492 ι
705 2439 786 2496 Ac
824 2440 1059 2509 primum
1090 2441 1311 2510 quidem
1355 2442 1770 2512 disciplinarum
1819 2445 1963 2500 litte·

386 2532 656 2587 uariarum
697 2545 866 2587 eausa
911 2531 1133 2602 petitam
1177 2532 1247 2586 ab
1307 2546 1375 2588 eo
1416 2532 1754 2604 AEgyptum‚
1795 2543 1963 2606 atque

385 2620 521 2677 adeo
552 2621 607 2676 in
640 2621 857 2676 lortuua
887 2620 1112 2675 minime
1140 2621 1291 2677 tenui
1322 2631 1536 2688 natum,
1570 2623 1703 2678 mihi
1733 2639 1964 2694 persua-

385 2716 479 2771 det
518 2714 656 2785 ipse,
689 2715 743 2770 in
796 2714 940 2769 libro
967 2713 1048 2768 De
1085 2715 1394 2779 heresibus,
1436 2713 1633 2771 baeresi
1659 2715 1732 2771 26
1763 2717 1856 2772 ubi
1893 2718 1963 2774 de

386 2802 663 2861 Gnosticis
700 2818 890 2875 agens,
936 2804 1154 2875 inquit:
1198 2822 1219 2857 ο
1265 2805 1335 2861 Et
1375 2820 1498 2872 nos,
1529 2806 1865 2877 charissimi,
1902 2811 1959 2865 in

387 2895 530 2949 itane
565 2895 816 2950 hoeresim
845 2896 1157 2960 incidimus,
1181 2903 1237 2951 et
1263 2910 1331 2952 ex
1361 2895 1600 2967 ipsomet
1621 2912 1837 2964 eorum,
1860 2900 1958 2970 qui

388 2984 528 3041 hauc
580 2987 799 3055 proprie
837 2995 892 3040 et
931 3001 999 3041 ex
1034 2985 1288 3041 instituto
1332 2993 1588 3052 tractant,
1620 3003 1718 3044 ore
1748 3004 1814 3045 ac
1839 3003 1960 3043 ma-

388 3077 609 3149 gisterio
638 3078 962 3143 didicimus;
1009 3097 1029 3131 ι
1071 3079 1261 3148 utique
1302 3079 1620 3149 priusquam
1654 3081 1962 3137 monachus

387 3179 559 3236 esset3
587 3181 641 3226 et
671 3185 798 3226 cum
840 3170 1021 3225 adbuc
1066 3170 1173 3227 alia
1219 3171 1425 3236 omnia,
1468 3187 1704 3242 quorum
1751 3173 1961 3229 scilicet

387 3278 552 3318 causa
580 3262 633 3316 iu
665 3261 959 3334 AEgyptum
1001 3270 1246 3326 venerat,
1282 3263 1463 3320 studia
1500 3271 1763 3320 tractaret
1794 3281 1809 3318 :
1836 3280 1960 3335 quas

388 3361 572 3410 autem
602 3355 707 3411 alia
737 3369 901 3425 quam
941 3354 1246 3410 litteraria?
1286 3369 1413 3410 eum
1461 3354 1849 3410 Gnosticorum
1893 3356 1963 3411 li-

392 3447 548 3513 hros,
579 3446 900 3517 priusquam
954 3446 1293 3515 perniciosos
1318 3461 1441 3501 csse
1466 3454 1677 3508 nosset.
1718 3447 1967 3503 studiose

390 3555 421 3594 a
465 3553 526 3594 se
557 3538 727 3594 lectos
761 3537 1013 3594 l'ateatur.
1060 3537 1166 3603 Qui
1215 3552 1347 3592 vero
1379 3536 1449 3591 ad
1493 3537 1598 3593 hoc
1626 3539 1965 3608 peregrinari

389 3625 604 3696 iuvenis
634 3639 786 3685 extra
823 3630 1053 3701 patriam
1097 3630 1296 3699 potuit,
1329 3644 1674 3699 consequens
1702 3637 1787 3684 est
1818 3631 1964 3684 urin

393 3722 564 3793 pau-ia
594 3723 848 3779 credatur
879 3722 1136 3777 habuisse
1182 3729 1436 3791 parentes
1503 3721 1639 3777 satis
1675 3723 1967 3791 opulentos

393 3813 460 3871 ad
489 3814 744 3871 alendum
777 3828 1003 3886 peregre
1042 3813 1248 3879 lilium,
1286 3813 1567 3884 probeque
1595 3811 1963 3880 Christianos,

393 3922 456 3962 ex
489 3920 725 3978 quorum
760 3905 1106 3962 institutione
1147 3919 1270 3960 eam
1312 3905 1483 3960 traxit
1520 3905 1862 3961 castimoniae
1888 3913 1969 3960 te-

393 4001 584 4056 nenda:
614 3997 1006 4065 constantiam,
1045 4014 1170 4070 quae
1206 3998 1385 4068 ipsum
1429 3998 1671 4055 servavit
1708 3998 1967 4070 impollu-

395 4101 510 4144 tum
549 4090 689 4145 inter
723 4087 1011 4144 illecebras
1048 4098 1104 4143 et
1149 4088 1344 4144 sordes
1388 4087 1797 4143 Gnosticorum.
1850 4086 1971 4157 lpse

395 4180 672 4250 quomodo
702 4194 799 4234 eas
824 4179 1061 4236 evaserit
1083 4179 1217 4234 loeo
1234 4178 1351 4249 jam
1378 4179 1546 4233 citato
1578 4177 1660 4233 sic
1696 4176 1967 4246 explieat:

464 4274 522 4329 8.
567 4290 587 4323 ι
622 4271 704 4327 Ad
734 4270 1108 4341 magisterium
1140 4270 1415 4326 haereseos
1458 4269 1607 4325 illius
1641 4276 1973 4338 eomparatae

397 4363 745 4433 deceptaque
776 4362 1057 4427 mulieres,
1096 4377 1206 4418 non
1237 4361 1417 4418 solum
1459 4361 1768 4417 istiusmodi
1810 4361 1972 4416 nobis

397 4469 684 4512 sermones
727 4455 1055 4524 injecerunt.
1084 4455 1181 4511 sed
1221 4455 1467 4526 insuper,
1520 4454 1788 4526 AEgyptiae
1824 4452 1974 4510 illius

398 4547 622 4618 perdita:
647 4563 712 4604 ae
741 4546 1095 4618 nequissimas
1133 4545 1351 4602 seminae
1383 4547 1578 4609 instar,
1611 4561 1734 4616 quae
1759 4561 1974 4617 coquo·

2054 729 2355 790 querentur
2388 739 2402 775 ε
2442 719 2596 775 llunc
2622 725 2877 790 juvenem
2910 736 3132 776 servare
3174 736 3282 774 non
3324 721 3625 791 potuimus,

2056 811 2148 864 sed
2188 812 2242 865 in
2278 813 2530 868 manibus
2569 813 2830 883 principis
2861 814 3039 884 perire
3079 813 3328 867 sivimus.
3346 810 3480 868 Nam
3504 831 3629 884 quae

2056 900 2229 956 forma
2271 902 2412 957 inter
2441 903 2560 959 illas
2593 904 2903 959 liberaliore
2934 913 3014 958 est
3039 944 3054 967 ‚
3097 906 3440 974 semetipsam
3482 908 3629 960 vetut

2054 1008 2233 1048 escam
2272 1005 2436 1065 atque
2463 995 2775 1052 illecebram
2806 996 3018 1067 objicit,
3047 1006 3106 1051 ut
3131 1012 3271 1066 quos
3301 996 3353 1051 in
3380 994 3624 1056 fraudem

2058 1084 2175 1155 ipsa
2207 1084 2510 1154 pellexerit,
2554 1100 2662 1140 non
2688 1101 2785 1140 eos
2821 1085 3112 1157 profligare
3159 1102 3223 1142 ae
3265 1086 3512 1157 perdere,
3532 1087 3625 1144 srd

2055 1175 2267 1246 eripere
2300 1176 2580 1231 dicatur...
2613 1177 2680 1232 Et
2704 1187 2863 1232 erant
2898 1193 3048 1244 sane,
3079 1194 3199 1249 quae
3244 1188 3357 1234 tum
3396 1181 3480 1236 liis
3506 1196 3626 1235 ver-

2058 1263 2252 1318 borum
2282 1264 2673 1321 blandimentis
2710 1283 2775 1321 ae
2814 1267 3103 1323 lenociniis
3147 1269 3463 1335 utebantur,
3508 1286 3632 1326 cor·

2061 1356 2234 1423 poris,
2292 1371 2405 1426 quo
2456 1357 2523 1412 ad
2565 1358 2903 1427 peccandum
2962 1359 3352 1426 abutebantur,
3404 1371 3630 1416 venusta

2058 1459 2182 1500 cum
2205 1445 2401 1516 primis
2425 1447 2636 1517 specie;
2664 1446 2757 1502 sed
2785 1446 3097 1502 misericors
3140 1446 3282 1503 Deus
3308 1448 3377 1503 ab
3410 1447 3630 1505 illarum

2059 1535 2403 1607 improbitate
2444 1552 2545 1591 nos
2585 1539 2806 1607 eripuit,
2863 1538 2998 1593 adeo
3051 1548 3111 1593 ut
3153 1540 3463 1608 (postquam
3508 1537 3633 1593 illu-

2060 1642 2179 1681 rum
2213 1627 2384 1683 libros
2413 1629 2740 1699 perlegimus
2775 1639 2828 1683 ct
2858 1630 2923 1684 ad
2961 1631 3210 1686 veritatis
3257 1629 3629 1702 cognitionem

2059 1716 2303 1771 animum
2329 1717 2654 1789 adjecimus,
2669 1735 2768 1776 nec
2783 1719 2997 1776 abducti
3024 1721 3104 1775 vel
3122 1733 3311 1776 earum
3361 1720 3634 1777 illecebris

2058 1808 2200 1879 capti
2224 1824 2438 1876 sumus;
2472 1810 2567 1864 sest
2596 1810 2886 1880 effugimus
2907 1811 3145 1882 tandem)
3178 1825 3300 1865 mox
3325 1811 3389 1866 ad
3418 1812 3634 1882 episco-

2063 1913 2180 1971 pos,
2210 1900 2381 1970 quiin
2408 1901 2501 1955 illo
2542 1902 2875 1970 loeoeraut,
2906 1900 3120 1957 deferre
3154 1902 3548 1968 studuerimus,
3580 1910 3637 1958 et

2063 2004 2255 2044 eorum
2280 1990 2543 2047 hactenus
2566 1992 2747 2062 ignota
2772 1992 2994 2047 nomina
3024 1993 3077 2047 in
3103 1992 3346 2049 Ecclesia
3364 1992 3634 2064 detegere.

2063 2078 2143 2134 Ex
2159 2094 2272 2150 quo
2296 2077 2500 2134 iactum
2529 2090 2635 2145 est,
2663 2092 2722 2136 ut
2743 2082 3024 2153 octoginta
3050 2084 3163 2138 tere
3187 2084 3363 2153 capita
3386 2084 3637 2139 exsulare

2055 2172 2207 2242 jussa
2240 2187 2271 2226 a
2298 2171 2429 2226 lolio
2456 2171 2744 2242 spinisque
2763 2173 2880 2229 suis
2910 2182 3258 2246 repurgatam
3289 2174 3478 2229 urbem
3509 2174 3639 2231 reli-

2060 2263 2298 2334 querint.
2342 2281 2360 2314 ι

2132 2354 2202 2410 9(
2230 2356 2500 2411 Caeterum
2532 2355 2826 2427 spurcitias
2848 2356 2997 2413 illius
3027 2359 3300 2414 haereseos
3328 2357 3565 2413 lectione
3582 2365 3663 2412 et-

2061 2459 2339 2511 sermonc,
2356 2463 2463 2501 non
2494 2454 2675 2502 autem
2702 2453 2757 2500 et
2775 2462 2877 2502 usu
2900 2449 3170 2518 cognitas,
3194 2448 3391 2502 iterum
3413 2447 3641 2501 iterum-

2061 2551 2168 2606 que
2193 2546 2422 2592 testatui·
2452 2536 2789 2609 Epiphanius
2814 2540 2885 2593 ita
2917 2554 3253 2610 prosequens
3289 2557 3303 2594 ε
3333 2557 3353 2591 ι
3383 2537 3639 2593 Ostendi-

2064 2641 2188 2682 mus
2223 2631 2387 2683 unam
2414 2629 2562 2683 illam
2581 2646 2649 2686 ex
2681 2631 2749 2686 iis
2781 2631 3079 2687 haeresibus
3101 2646 3240 2698 esse,
3267 2630 3335 2686 de
3364 2644 3473 2700 qua
3501 2628 3638 2683 certi

2060 2718 2445 2790 exploratique
2489 2721 2693 2792 aliquid
2727 2721 2921 2777 afferre
2965 2735 3286 2792 possemus;
3324 2734 3431 2770 non
3470 2734 3535 2770 ex
3566 2733 3636 2769 co

2061 2809 2206 2878 quod
2232 2810 2562 2879 gesserimus
2586 2812 2686 2880 ipsi
2708 2812 2937 2882 (avertat
2957 2812 3060 2865 hoc
3081 2827 3110 2863 a
3129 2808 3285 2863 nobis
3302 2804 3441 2855 Deus
3457 2803 3517 2868 t).
3541 2801 3637 2853 scd

2062 2912 2129 2952 ex
2156 2913 2222 2953 eo
2245 2901 2390 2967 quod
2420 2901 2489 2953 ab
2512 2901 2579 2953 iis
2603 2911 2855 2954 accurate
2884 2899 3200 2960 didicimus,
3233 2894 3324 2964 qui
3367 2892 3513 2945 illam
3542 2907 3635 2944 no-

2063 2986 2148 3042 bis
2174 2987 2505 3056 persnadere
2536 2985 2739 3042 frustra
2779 2987 3090 3049 voluerunt,
3126 2992 3182 3039 et
3220 2991 3541 3052 conceptam
3572 2980 3643 3035 de

2061 3087 2254 3130 nostro
2274 3075 2443 3132 exitio
2472 3090 2621 3146 spem
2663 3079 2880 3146 penitus
2936 3076 3300 3145 abjecerunt;
3350 3087 3477 3127 cum
3512 3069 3648 3126 insi·

2061 3167 2167 3222 diae
2192 3182 2385 3223 omnes
2428 3182 2493 3222 ae
2542 3167 2784 3232 fraudes,
2837 3183 2978 3239 quas
3031 3167 3099 3222 ad
3164 3165 3400 3221 infelicis
3446 3164 3646 3219 animae

2065 3271 2273 3315 nostrae
2307 3260 2603 3329 perniciem
2634 3267 2743 3314 tam
2769 3259 2873 3330 ipsi
2904 3273 3069 3330 quam
3100 3258 3194 3329 qui
3224 3258 3278 3312 in
3323 3256 3463 3328 ipsis
3502 3256 3647 3310 inest

2066 3350 2319 3406 diabolus
2374 3351 2667 3407 inachinati
2717 3351 2967 3417 fuerant,
3019 3351 3189 3406 irritae
3237 3359 3402 3419 atque
3452 3348 3645 3404 inanes

2065 3445 2435 3510 exstitissent;
2478 3453 2537 3500 ut
2578 3446 2681 3500 hoe
2710 3461 2739 3500 a
2772 3444 2977 3502 Davide
3012 3444 3218 3499 dictum
3266 3440 3647 3497 accommoda·

2068 3536 2279 3592 tissime
2328 3551 2599 3606 usurpare
2645 3536 2959 3607 possimus,
3011 3535 3239 3606 Sagittoe
3297 3531 3646 3604 parvulorum

2068 3627 2228 3695 factm
2257 3638 2381 3681 sunt
2412 3628 2583 3698 plaqoe
2616 3643 2803 3682 eorum
2832 3625 3012 3696 (Psat.
3052 3640 3210 3694 extu,
3247 3625 3324 3697 8),
3360 3633 3504 3693 etc.;
3530 3635 3645 3679 tum

2068 3716 2223 3778 illud,
2260 3714 2606 3771 convertetur
2636 3716 2791 3771 labor
2824 3732 3005 3771 eorum
3029 3717 3086 3770 iu
3114 3727 3272 3786 caput
3304 3717 3562 3785 ipsorum,
3594 3721 3646 3768 et

2068 3808 2321 3879 iniquitas
2344 3824 2527 3863 eorum
2550 3811 2607 3863 in
2629 3810 2876 3864 verticem
2905 3809 3141 3879 ipsorum
3169 3807 3442 3862 descendet
3466 3803 3645 3877 (mat.

2066 3915 2167 3964 vit,
2197 3899 2308 3971 Π).
2334 3900 2503 3972 igitur
2532 3898 2999 3970 quemadmodum
3026 3898 3108 3955 sic
3137 3914 3240 3954 nos
3276 3899 3330 3952 in
3362 3897 3516 3952 illum
3557 3911 3646 3952 er-

2071 4008 2250 4049 rorem
2300 3993 2659 4057 incurrimuS,
2713 3998 2777 4047 ut
2820 3992 2968 4047 illius
3014 4006 3211 4045 noxam
3252 3988 3641 4060 effugeremus,
3675 3980 3689 3991 ’

2072 4099 2314 4153 eumque
2364 4083 2601 4138 simulac
2651 4082 2885 4154 legimus
2926 4081 3270 4146 damnantes,
3306 4080 3444 4135 salvi
3483 4087 3645 4150 atque

2074 4175 2377 4231 incolumes
2408 4173 2779 4243 praetergressi
2820 4187 3055 4229 sumus:
3088 4174 3162 4227 ita
3201 4181 3273 4239 te,
3306 4171 3560 4242 quisquis
3585 4185 3647 4228 es

2072 4266 2166 4339 qui
2201 4266 2304 4320 ista
2333 4264 2489 4335 legis.
2522 4265 2831 4331 hortamur,
2868 4272 2930 4319 ut
2966 4264 3106 4319 lecta
3146 4263 3352 4334 pariter
3391 4278 3457 4319 ac
3494 4263 3651 4318 dam·

2073 4366 2203 4412 nata
2247 4356 2545 4421 transilias,
2601 4371 2671 4411 ne
2722 4357 2775 4410 in
2830 4366 3142 4425 serpentum
3192 4355 3459 4426 ejusmodi
3504 4355 3652 4410 velut

2076 4447 2443 4519 improbitatis
2474 4447 2751 4518 quoddam
2784 4447 2938 4503 virus
2970 4447 3212 4515 incidas;
3247 4464 3311 4503 ac
3349 4447 3396 4503 si
3428 4445 3650 4518 quando

2076 4540 2400 4609 forsitamex
2427 4541 2531 4596 hae
2563 4550 2877 4610 serpentum
2919 4541 3107 4598 schola
3146 4541 3458 4612 quempiam
3482 4540 3651 4595 ofl'cn·

397 4654 522 4694 rum
546 4638 810 4710 principis
835 4654 976 4695 uxor
1005 4647 1146 4703 erat,
1177 4638 1440 4707 petulanti
1482 4655 1582 4694 nos
1619 4647 1817 4693 conatu
1849 4655 1972 4710 per·
2005 4664 2049 4719 D
2076 4636 2245 4701 deris,
2294 4634 2477 4691 subito
2526 4633 2731 4703 lignum
2773 4633 2927 4700 illud,
2969 4634 3116 4706 quod
3164 4635 3321 4691 nobis
3354 4651 3386 4690 a
3420 4634 3652 4691 Domino

400 4731 638 4799 trabere,
683 4736 798 4786 tum
845 4746 969 4786 eum
1018 4728 1228 4785 florenti
1279 4729 1459 4783 adhuc
1502 4738 1663 4783 aetate
1699 4743 1974 4794 essemus,

388 4840 669 4896 aggressae
695 4833 843 4878 sunt.
878 4821 1079 4879 Verum
1116 4823 1163 4876 is
1205 4820 1300 4890 qui
1345 4819 1697 4875 sanctissimo
1735 4818 1977 4890 losepbo

401 4928 516 4973 tum
561 4917 754 4978 astitit,
791 4914 953 4970 nobis
997 4929 1218 4986 quoque
1268 4922 1465 4982 praesto
1522 4911 1655 4976 suit,
1706 4923 1762 4967 et
1829 4913 1977 4968 hunc

403 5012 605 5081 ipsum,
640 5008 734 5079 qui
776 5007 929 5063 illum
965 5022 1032 5062 eo
1076 5008 1129 5061 in
1170 5006 1412 5077 periculo
1460 5005 1730 5070 liberavit,
1776 5006 1975 5076 implo-

404 5112 611 5169 rantes,
660 5102 785 5157 licet
838 5099 1046 5170 indigui
1104 5113 1168 5152 ac
1226 5107 1378 5154 tanto
1428 5098 1695 5154 heneticio
1739 5101 1978 5169 impares

403 5210 677 5259 essemus,
703 5193 954 5263 ciusdem
998 5190 1328 5261 benignitate
1357 5203 1424 5244 ac
1449 5188 1826 5244 misericordia
1854 5203 1980 5258 per-

406 5285 645 5340 niciosas
678 5284 894 5339 illarum
927 5298 1122 5338 manus
1152 5281 1470 5353 effugimus,
1515 5296 1583 5335 ac
1626 5279 1979 5336 sanctissimo

408 5373 521 5428 Deo
546 5374 964 5443 gratulatorium
1000 5360 1220 5429 carmen
1261 5369 1584 5436 cecinimus,
1614 5378 1675 5426 ut
1719 5370 1771 5426 id
1811 5385 1978 5425 usur·

408 5482 539 5537 pare
577 5467 774 5522 merito
800 5481 1116 5537 possemus:
1158 5466 1445 5522 Cantemus
1477 5463 1722 5526 Domino,
1755 5463 1981 5535 gloriose

406 5559 548 5614 enim
585 5558 959 5628 utaquitimtus
993 5567 1094 5617 est,
1134 5573 1323 5626 equum
1351 5566 1403 5612 et
1433 5572 1761 5611 ascensorem
1791 5554 1982 5624 dejecit

409 5653 464 5705 t'n
517 5667 662 5704 intare
717 5648 931 5718 (Exuet.
968 5665 1044 5712 xi,
1087 5649 1161 5719 l).
1215 5646 1402 5718 Neque
1441 5649 1588 5704 enim
1633 5647 1886 5702 similiter
1924 5656 1987 5701 ut

411 5739 502 5795 ille
529 5739 840 5810 patriarcha
860 5739 908 5793 vi
925 5739 1160 5809 quadam
1188 5739 1408 5795 virtutis
1427 5745 1493 5794 ac
1513 5739 1738 5808 justitiae
1760 5751 1983 5797 nustrae.

411 5830 508 5888 sed
545 5829 670 5886 luso
692 5831 759 5886 ad
801 5831 970 5888 Deum
1007 5833 1211 5902 gemitu
1249 5831 1371 5901 cius
1415 5847 1606 5888 sumus
1637 5832 1986 5887 miseratione

412 5921 634 5983 servati.
667 5921 804 5980 Cum
833 5925 996 5983 ctiam
1023 5924 1157 5982 mihi
1190 5933 1371 5990 pestes
1406 5925 1513 5982 illa*
1547 5940 1642 5985 uer
1685 5923 1982 6004 ludibrium

2076 4735 2452 4799 comparatum
2480 4733 2642 4782 estet
2666 4725 2851 4797 inquo
2871 4725 3124 4783 Christus
3157 4725 3350 4782 affixus
3375 4733 3483 4789 est,
3513 4725 3653 4780 arri-

2078 4820 2215 4891 pias.
2255 4837 2276 4871 ι
2310 4817 2586 4872 llaetenus
2610 4815 2972 4887 Epiphanius,
3002 4832 3066 4874 ex
3100 4817 3301 4886 quibus
3330 4818 3467 4874 satis
3495 4831 3654 4872 vero·

2078 4911 2255 4968 simile
2285 4909 2436 4965 reddi
2460 4919 2738 4979 putamus,
2763 4908 2908 4980 quod
2956 4909 3113 4963 initio
3159 4911 3294 4975 dixi,
3334 4925 3481 4974 cum,
3524 4923 3652 4964 cum

2080 5005 2133 5058 in
2199 5003 2501 5073 perieulum
2559 5003 2702 5057 istud
2754 5001 2966 5068 incidit,
3024 5001 3401 5057 Christianum
3459 5001 3653 5068 luisse,

2079 5107 2227 5154 caste
2252 5112 2317 5152 ac
2338 5097 2533 5166 pudice
2555 5113 2586 5150 a
2618 5095 2950 5151 Christianis
2973 5095 3287 5166 parentibus
3311 5095 3606 5151 educatum
3633 5111 3651 5151 τ

2079 5200 2303 5262 apparet
2322 5189 2492 5245 eiiam
2519 5189 2751 5245 necdum
2782 5188 2982 5244 saeenlo
3010 5187 3378 5254 renuntiasse,
3410 5186 3479 5242 de
3536 5200 3651 5259 quo

2082 5280 2242 5337 talem
2273 5295 2423 5345 spem
2458 5279 2561 5335 sibi
2605 5279 2877 5335 linxerant
2921 5278 3204 5345 Gnostici;
3251 5287 3442 5335 contra
3486 5293 3653 5349 quam

2080 5389 2206 5428 enm
2252 5371 2413 5427 nohis
2466 5370 2841 5428 commentitia
2896 5371 3029 5426 Aeta
3076 5378 3494 5440 repraesentant,
3541 5366 3657 5423 Ju-

2081 5464 2259 5522 daeum
2294 5479 2360 5519 ex
2386 5460 2611 5527 Judoeis,
2638 5460 2813 5533 iisque
2854 5461 3150 5517 rusticanis
3195 5468 3251 5515 et
3298 5459 3652 5531 pauperibus,

2083 5566 2138 5611 et
2177 5556 2329 5627 prius
2361 5555 2415 5608 iu
2447 5555 2621 5625 patria
2658 5568 2758 5608 sua
2799 5551 3151 5618 monachum,
3190 5565 3353 5622 quam
3397 5551 3525 5607 inde
3560 5563 3659 5621 pe-

2085 5645 2206 5702 dem
2234 5645 2467 5699 elien-ret.

2158 5737 2247 5793 to.
2278 5735 2479 5791 Eadem
2518 5742 2795 5800 asserunt,
2833 5735 3011 5803 ipsum
3051 5735 3195 5787 inter
3244 5730 3656 5786 valedicendum

2089 5832 2490 5899 interrogatum
2518 5826 2587 5882 ab
2618 5826 2948 5896 imperatore
2987 5823 3222 5879 Arcadio
3261 5841 3281 5875 ι
3314 5833 3449 5894 quot
3481 5835 3659 5877 annm

2091 5931 2233 5980 esset
2266 5928 2450 5983 natus,
2486 5916 2855 5985 respondisse,
2891 5923 3105 5970 centum
3138 5924 3191 5971 ct
3224 5912 3565 5985 quindecim,
3600 5919 3657 5968 et
