3850 6517
292 442 360 501 si
421 513 429 525 ,
1573 454 1632 512 s.
1679 451 2016 510 EmPRANit
2062 454 2220 512 νιτΑ

3436 448 3519 510 8¹2

293 568 389 626 11ae
411 562 708 628 sunt'meae
737 569 1042 638 Incultum,
1077 586 1111 626 ο
1153 578 1325 642 pater.
1355 570 1488 626 Volo
1530 578 1711 626 autem
1742 569 1857 624 fleri
1887 574 1931 630 Α
1964 570 2055 622 τοῦ
2104 571 2190 625 τὸν
2248 571 2669 642 καταλειφθέντα
2721 568 2868 642 αύτῷ
2892 611 2908 637 ,
2967 584 3059 624 και
3112 563 3310 633 ἔδειξεν
3365 565 3519 635 αὐτῷ

291 658 658 724 Christianus,
720 671 775 718 et
815 662 981 717 vitam
1045 663 1260 733 exigere
1319 660 1696 716 monasticam.
1760 658 1857 714 Est

293 762 423 802 vero
448 750 580 803 mihi
608 764 828 821 quoque
858 751 973 806 haee
1003 765 1162 807 soror
1191 769 1204 804 :
1250 748 1389 815 Quid
1424 749 1492 803 de
1533 749 1617 803 his
1651 747 1856 825 iubes?

293 841 492 896 Beatus
517 851 693 895 autem
726 839 1001 897 Lucianus
1032 840 1167 895 dixit
1207 839 1508 909 Epiphanio
1535 857 1549 892 ε
1595 836 1712 892 Non
1746 853 1856 908 po·-

293 941 399 998 tes,
443 946 478 987 o
506 932 576 986 iiii
604 973 619 994 ,
670 933 716 986 si
754 932 853 989 has
892 931 1094 986 babeas
1128 941 1373 986 terrenas
1418 930 1656 994 divitias,
1685 931 1851 994 vitam

290 1025 510 1094 exigere
556 1021 961 1078 monasticam:
1012 1023 1106 1078 sed
1144 1021 1294 1092 prius
1337 1035 1581 1076 sororem
1635 1020 1852 1091 quidem

291 1124 444 1172 tuam
471 1114 539 1169 da
578 1120 827 1182 nuptum,
870 1120 924 1166 et
969 1112 1037 1167 da
1093 1112 1144 1167 ei
1192 1127 1314 1182 quae
1350 1118 1479 1167 sunt
1523 1110 1852 1167 necessaria.

293 1205 499 1264 Deinde
545 1204 627 1259 sie
662 1203 888 1273 pulchre
923 1204 1125 1273 poteris
1163 1218 1286 1260 esse
1341 1202 1664 1258 monachus.
1712 1200 1857 1256 Dixit

293 1295 633 1368 Epiphanius
685 1293 978 1349 Luciano:
1030 1293 1314 1359 Primum,
1377 1304 1570 1363 pater,
1627 1291 1717 1346 sae
1768 1304 1857 1346 me

291 1385 659 1441 Christianum
689 1401 703 1437 :
730 1382 924 1438 deinde
960 1384 1038 1438 sie
1071 1382 1292 1449 faciam,
1319 1397 1656 1453 quaeeunque
1678 1390 1736 1436 tu
1771 1395 1858 1436 me

290 1468 540 1546 iusseris.
585 1471 730 1527 Dixit
758 1481 941 1527 autem
966 1473 1017 1528 ei
1049 1472 1321 1528 Luriauus
1357 1491 1371 1528 ι
1403 1471 1521 1527 Non
1555 1473 1680 1527 iicet
1721 1472 1857 1526 mihi

295 1563 502 1633 absque
531 1562 787 1632 episcopo
819 1561 997 1618 iacere
1040 1573 1093 1619 te
1134 1562 1505 1619 Christianum
1535 1581 1549 1617 z
1593 1562 1709 1635 [sed
1739 1573 1859 1619 esto

295 1654 352 1709 iu
399 1653 491 1722 iis,
525 1669 646 1724 quae
682 1653 748 1708 ad
783 1652 953 1710 Deum
994 1654 1286 1725 pertinent,
1314 1662 1369 1710 et
1397 1670 1496 1726 ego
1521 1655 1861 1710 annuntiabo

294 1742 573 1814 episcopo,
612 1743 706 1813 qui
739 1752 789 1800 te
830 1744 990 1800 faciet
1017 1744 1436 1816 Christianum]

1961 661 2139 715 πάντα
2167 661 2235 716 τὰ
2268 664 2326 716 ἐν
2358 662 2436 734 τῷ
2466 663 2599 730 οῑκῳ
2629 661 2813 725 αὐτοῦ,
2840 662 3012 729 λέγων
3036 679 3049 692 ·
3079 659 3262 714 Ταῦτά
3294 676 3381 729 μοι
3414 658 3520 712 ὕπ-

1962 748 2117 819 ἀρχει
2138 789 2153 814 ,
2186 752 2358 824 πάτερ
2379 769 2393 782 ·
2426 751 2563 806 θέλω
2585 751 2640 804 δέ
2665 751 2985 820 Χριστιανὸς
3010 749 3281 819 γενέσθαι,
3311 743 3516 801 καὶτὸν

1964 843 2176 913 μονήρη
2212 842 2324 913 βίον
2350 843 2642 915 μετελθεῖν.
2661 844 2845 897 Ἔστιν
2868 843 2926 898 δέ
2954 860 3043 915 μοι
3074 840 3140 895 αὖ
3152 857 3210 912 τη
3235 841 3267 910 ή
3292 836 3507 907 ἀδελφή.

1963 935 2029 990 Τί
2053 931 2295 996 κελεύεις
2328 935 2456 1002 περὶ
2480 933 2716 1000 τούτων;
2760 933 2819 986 ⁰0
2848 932 2905 987 δὲ
2934 932 3197 1002 μακάριος
3228 927 3510 991 Λουκιανὶς

1962 1018 2115 1077 εἶπεν
2162 1021 2299 1092 πρὸς
2350 1021 2666 1090 Ἐπιφάνιον
2687 1037 2701 1052 ·
2750 1021 2825 1073 Οὐ
2876 1020 3123 1083 δύνασαι,
3172 1018 3378 1079 τέκνον,
3417 1015 3514 1086 τὴν

1963 1111 2095 1182 ῦλην
2118 1112 2297 1164 πᾶσαν
2322 1109 2525 1183 ταύτην
2553 1109 2712 1181 ἔχων,
2727 1110 2817 1165 τὸν
2847 1108 3049 1182 μονήρη
3074 1108 3187 1179 βίον
3212 1103 3512 1177 μετελθεῖντ

1964 1201 2080 1255 ἀλλ’
2116 1201 2268 1265 ἐκδος
2316 1201 2413 1272 μὲν
2438 1198 2534 1272 τήν
2573 1201 2804 1272 ἀδελφήν
2830 1218 2922 1254 σου
2951 1200 3125 1270 ἀνδρὶ,
3155 1199 3248 1251 καίΙ
3274 1193 3361 1259 δδς
3380 1196 3520 1265 αὐτῇ

1960 1293 2031 1348 τὰ
2068 1291 2203 1363 πρὸς
2231 1289 2329 1362 τήν
2362 1290 2583 1361 χρείαν·
2627 1290 2718 1343 καὶ
2763 1290 2831 1343 τὰ
2872 1287 3032 1342 λοιπὰ
3061 1286 3149 1350 δὸς
3176 1287 3287 1344 τοῖς
3334 1281 3522 1354 χρείαν

1962 1383 2174 1454 ἔχουσιν
2197 1397 2213 1412 ·
2248 1377 2347 1433 εἷθ’
2393 1377 2562 1444 οὕτως
2593 1378 2809 1450 δυνήσει
2857 1378 3082 1449 μονάσαι
3124 1374 3323 1436 καλῶς.
3356 1368 3522 1426 Εἶπεν

1963 1472 2021 1525 δέ
2074 1469 2396 1539 Ἐπιφάνιος
2444 1468 2580 1538 πρὸς
2638 1468 2966 1522 Λουκιανόν·
3014 1464 3232 1537 Πρῶτον
3257 1503 3273 1528 ,
3328 1462 3520 1530 πάτερ,

1964 1560 2187 1632 ποίησόν
2217 1575 2286 1628 με
2309 1556 2632 1628 Χριστιανόν
2653 1570 2667 1585 ·
2698 1551 2797 1609 εἷθ’
2827 1554 2998 1619 οὕτως
3023 1554 3234 1623 ποιήσω
3263 1549 3436 1603 πάντα
3454 1549 3525 1601 τὰ

1966 1647 2372 1720 προσταχθέντα
2422 1664 2512 1716 μοι
2554 1645 2659 1699 ὑπὸ
2701 1645 2815 1699 σοῦ.
2850 1645 2910 1699 ‘0
2948 1645 3004 1699 δὲ
3050 1641 3343 1703 Λουκιανὸς
3375 1634 3527 1691 εἶπεν

1967 1741 2104 1812 πρὸς
2153 1738 2497 1809 Ἐπιφάνιον·
2552 1737 2666 1790 Οὐκ
2716 1735 2921 1814 ἔξεστίν
2957 1750 3067 1806 μοι,
3117 1731 3385 1801 παρεκτὸς
3432 1727 3526 1782 τοῦ

1968 1831 2288 1896 ἐπισκόπου,
2323 1827 2548 1899 ποιῆσαί
2577 1845 2636 1880 σε
2660 1826 3002 1900 Χριστιανόν.

371 1913 478 1969 vn.
517 1913 764 1985 Cumque
791 1915 906 1969 haee
930 1914 1156 1970 dixisset
1182 1913 1474 1981 Lucianus,
1500 1932 1752 1988 egressus
1773 1931 1859 1973 est
1891 1919 1935 1973 B
2033 1925 2107 1977 Z'.
2150 1921 2255 1976 Καὶ
2298 1920 2455 1974 τοῦτο
2492 1919 2659 1974 εἰπὼν
2692 1917 3008 1982 Λουκιανὸς,
3044 1914 3264 1986 ἐξῆλθεν
3319 1914 3383 1965 ἐκ
3433 1910 3528 1964 τοῦ

293 2015 327 2057 e
353 1999 519 2057 domo
541 1999 850 2070 Epiphanii.
875 2010 930 2057 et
952 2003 1050 2058 ivit
1069 2004 1137 2058 ad
1162 2003 1499 2074 episcopum.
1519 2005 1859 2077 Epiphanius

298 2100 479 2147 autem
507 2106 618 2146 non
651 2099 959 2157 cunctatus,
991 2094 1172 2147 statim
1203 2094 1341 2148 dixit
1369 2110 1483 2149 suae
1507 2096 1684 2150 sorori
1710 2112 1724 2149 ε
1755 2093 1860 2150 Vo-

297 2184 351 2237 io
398 2182 513 2239 fleri
559 2183 923 2248 Christianus,
954 2191 1009 2237 et
1049 2184 1213 2237 vitam
1260 2198 1424 2255 agere
1477 2186 1856 2242 monasticam.

294 2274 398 2330 Cui
424 2274 564 2330 dixit
591 2288 747 2330 soror
776 2274 896 2345 ejus
930 2293 943 2329 :
982 2272 1118 2329 Volo
1154 2277 1298 2344 quod
1331 2285 1388 2330 tu
1421 2279 1524 2340 vis,
1580 2285 1634 2332 et
1667 2277 1860 2334 faciam

297 2375 361 2421 ut
385 2375 445 2422 tu
467 2365 624 2420 racis.
652 2365 929 2421 Lucianus
958 2375 1139 2421 autem
1165 2367 1493 2422 renuntiavit
1518 2367 1775 2438 episcopo
1795 2370 1862 2426 de

297 2455 622 2527 Epiphanio.
651 2455 950 2526 Episcopus
977 2472 1106 2512 vero
1137 2456 1275 2511 dixit
1301 2455 1543 2513 Luciano
1572 2477 1585 2512 :
1611 2456 1777 2523 Vade,
1809 2468 1863 2513 et

296 2560 422 2600 eum
453 2545 726 2601 catechiza
755 2544 885 2616 [hoe
904 2554 1009 2612 est,
1044 2546 1313 2620 institueJ.
1345 2547 1593 2617 Cumque
1633 2562 1733 2602 nos
1779 2547 1864 2601 in-

297 2634 607 2707 grediemur
649 2638 704 2691 in
733 2637 1044 2702 ecclesiam,
1075 2636 1160 2693 iae
1190 2645 1249 2690 ut
1296 2638 1412 2707 ipse
1437 2636 1681 2707 procidat
1712 2635 1864 2690 beni-

298 2741 409 2796 gno
447 2737 502 2783 et
542 2726 879 2783 misericordi
923 2726 1056 2783 Deo.
1088 2726 1190 2783 lvit
1220 2726 1493 2782 Lucianus
1545 2725 1598 2780 in
1641 2724 1860 2781 domum

303 2817 605 2888 Epiphanii.
634 2816 769 2872 Eum
804 2826 988 2874 autem
1007 2818 1254 2874 videntes
1283 2816 1621 2888 Epiphanius
1655 2826 1712 2871 et
1743 2814 1864 2887 ejus

299 2922 478 2972 soror,
505 2907 820 2963 ceciderunt
851 2908 1005 2978 proni
1038 2909 1095 2962 in
1120 2907 1339 2972 faciem,
1358 2916 1414 2962 et
1440 2906 1666 2962 Luciani
1702 2906 1866 2975 pedes

302 2997 724 3067 prehenderunt,
754 2999 1054 3053 clamantes
1073 3005 1128 3052 et
1152 2995 1398 3052 dieentes
1429 3014 1446 3051 ε
1485 2995 1761 3066 Rogamus
1791 3005 1865 3061 te,

291 3096 477 3157 pater,
504 3087 591 3144 sae
637 3104 737 3145 nos
767 3088 884 3143 (ieri
916 3087 1282 3144 Christianos.
1316 3086 1524 3145 Divinis
1552 3098 1736 3145 autem
1770 3105 1867 3144 ae-

301 3180 475 3250 ceptis
526 3180 844 3251 seripturis,
879 3179 1153 3237 Lucianus
1198 3195 1294 3238 eos
1339 3181 1473 3238 satis
1515 3181 1770 3239 instituit.
1799 3180 1868 3237 Et

302 3273 408 3343 ipsi
437 3272 730 3338 instabant,
760 3285 1014 3344 rogantes
1043 3281 1101 3329 et
1125 3273 1368 3329 dieentes
1394 3292 1408 3328 ε
1439 3273 1549 3328 Fae
1577 3288 1679 3329 nos
1712 3273 1871 3329 Chri-

303 3366 534 3422 stianos.
567 3364 702 3421 Cum
749 3374 933 3420 autem
982 3363 1258 3420 Lucianus
1293 3364 1480 3421 ambos
1529 3364 1695 3420 simui
1721 3379 1875 3421 acee-

316 3455 504 3522 pisset,
537 3453 635 3509 ivit
665 3469 774 3510 una
810 3470 934 3510 cum
965 3456 1097 3527 ipsis
1125 3456 1181 3510 in
1211 3456 1515 3512 ecclesiam.
1543 3456 1760 3512 Etcum
1789 3458 1873 3511 in·

306 3545 618 3616 grederetur
637 3547 943 3617 episeopus,
971 3547 1284 3603 ceciderunt
1314 3546 1472 3617 proni
1499 3548 1553 3602 in
1593 3547 1783 3603 faeiem
1821 3557 1876 3603 et

307 3649 639 3706 rogaverunt
661 3636 1017 3704 eoniidenter,
1040 3646 1100 3693 ut
1125 3637 1227 3707 ipsi
1263 3638 1725 3692 iiluminarentur.
1746 3636 1875 3708 [Qui

302 3726 470 3797 jussit
511 3725 661 3795 ipsos
706 3726 975 3798 surgere]
1007 3725 1350 3798 Ingrediente
1377 3741 1507 3782 vero
1534 3726 1791 3797 episeopo
1819 3724 1876 3779 in

308 3818 620 3886 eeclesiam,
651 3820 1002 3876 ambulabant
1025 3819 1128 3890 ipsi
1157 3835 1377 3892 quoque
1405 3830 1524 3890 post
1551 3818 1872 3886 Lucianum,

315 3916 376 3963 ut
402 3909 658 3964 audirent
676 3908 891 3964 divinas
920 3906 1251 3978 Scripturas.

386 4167 520 4225 viil.
558 4167 696 4224 Cum
759 4179 940 4225 autem
1005 4170 1493 4240 appropinquasset
1542 4168 1877 4239 Epiphanius

313 4259 506 4330 portis,
533 4274 654 4330 quae
680 4268 808 4315 sunt
834 4269 988 4314 extra
1012 4260 1322 4327 ecelesiam,
1356 4259 1446 4316 ubi
1480 4258 1613 4316 aedis
1638 4259 1874 4329 primum

311 4351 541 4423 gradum
570 4349 840 4416 aseendit,
870 4349 1068 4406 cecidit
1116 4350 1164 4405 ei
1212 4351 1429 4406 calceus
1460 4351 1668 4407 sinistri
1701 4350 1875 4420 pedis.

311 4438 420 4506 Qui
463 4453 588 4495 eum
639 4438 862 4495 sinistro
909 4438 1219 4503 institisset,
1253 4445 1314 4494 ut
1353 4438 1540 4510 [igeret
1569 4440 1875 4503 dexterum,

311 4530 507 4588 cncidit
533 4543 753 4600 quoque
777 4529 968 4584 dexter
994 4530 1242 4596 calceus3
1279 4538 1334 4585 et
1373 4530 1577 4585 inventi
1607 4540 1735 4586 sunt
1759 4545 1875 4584 am·-

312 4621 384 4677 bo
429 4631 581 4677 extra
624 4619 825 4692 gradus
871 4620 1147 4686 eeclesiae3
1178 4628 1236 4674 et
1265 4634 1329 4676 ea
1356 4622 1422 4677 de
1449 4636 1615 4679 causa
1647 4622 1876 4677 miratus

312 4720 399 4769 est
436 4712 732 4769 Lucianus.
761 4709 882 4766 Nun
927 4711 1158 4782 amplius
1206 4712 1391 4783 itaque
1435 4714 1715 4784 proposuit
1748 4713 1879 4783 Epi-

313 4805 547 4876 phanius
573 4805 974 4875 apprehendere
1001 4806 1234 4870 calceos,
1275 4806 1369 4874 qui
1395 4805 1447 4859 ei
1471 4820 1503 4860 e
1532 4805 1759 4874 pedibus
1789 4819 1878 4858 ce·

314 4897 577 4962 uiderant,
605 4897 700 4951 sed
730 4909 906 4963 neque
937 4897 1078 4952 ulios
1103 4896 1240 4950 aiios
1268 4895 1480 4951 calceos
1517 4895 1779 4951 sustinuit
1800 4895 1882 4950 in-

314 4987 482 5043 duere
528 4987 644 5042 suis
692 4984 920 5054 pedibus
969 4994 1080 5040 toto
1126 4986 1249 5041 vitae
1295 4994 1558 5056 tempore.
1585 4983 1722 5039 Cum
1753 4999 1883 5054 ergo

316 5084 543 5142 starent,
595 5085 651 5130 et
706 5074 917 5132 divinas
965 5075 1217 5131 audirent
1265 5077 1597 5147 Scripturas,
1651 5076 1887 5132 advertit

313 5168 621 5238 episeopus,
648 5168 721 5223 ita
774 5178 831 5222 ut
884 5167 937 5222 in
989 5166 1186 5222 throno
1242 5171 1482 5236 sedebat,
1516 5168 1885 5239 glorificatum

315 5274 440 5316 esse
479 5261 689 5314 vultum
737 5259 1048 5330 Epiphanii,
1077 5266 1132 5314 et
1167 5274 1424 5314 eoronam
1459 5275 1581 5315 esse
1626 5260 1747 5328 ejus
1795 5274 1887 5315 ca-

319 5351 417 5422 piti
452 5351 786 5422 impositam.
811 5351 942 5410 Post
969 5352 1281 5410 absolutum
1318 5351 1499 5420 itaque
1513 5348 1884 5421 Evangeiium,

317 5442 599 5515 ingressus
644 5451 730 5497 est
772 5444 1062 5514 episeopus
1105 5445 1160 5498 in
1212 5441 1615 5513 baptisterium,
1641 5449 1698 5496 et
1720 5441 1887 5510 jussit

319 5532 681 5604 Epiphanium
713 5533 940 5602 ingredi,
989 5543 1044 5588 et
1070 5533 1192 5603 ejus
1215 5547 1485 5597 sororem,
1515 5539 1721 5586 etcum
1755 5531 1888 5600 ipsis

318 5625 619 5681 Lueianum
669 5643 681 5678 ε
719 5625 813 5695 qui
861 5626 1022 5680 etiam
1077 5626 1178 5681 fuit
1232 5633 1388 5693 pater
1432 5623 1554 5694 ejus
1608 5624 1659 5677 in
1701 5635 1892 5692 saneto

329 5717 672 5787 baptismate.
701 5716 997 5786 Episcopus
1028 5727 1208 5772 autem
1261 5732 1384 5770 cum
1437 5731 1533 5771 eos
1581 5724 1747 5770 totuin
1795 5715 1893 5769 do·

335 5810 538 5865 cuisset
565 5807 1028 5878 consequentiam,
1060 5807 1367 5876 baptizarit.
1403 5808 1536 5860 (Alium
1584 5809 1616 5860 ii
1650 5823 1774 5861 vern
1807 5826 1892 5864 rs-

1963 2013 2111 2066 οῑκου
2148 2011 2483 2080 Ἐπιφανίου,
2517 2012 2609 2064 καὶ
2635 2008 2907 2080 ἐπορεύθη
2938 2009 3073 2078 πρὸς
3095 2007 3185 2059 τὸν
3214 2004 3525 2058 ἐπίσκοπον.

1974 2103 2034 2157 Ὁ
2061 2102 2119 2157 δὲ
2152 2101 2466 2170 Ἐπιφὰνιος
2516 2099 2678 2172 μηδὲν
2708 2098 2997 2170 μελλήσας.
3043 2095 3179 2167 πρὸς
3203 2095 3304 2164 τήν
3336 2091 3528 2146 ἐαυτοῦ

1963 2193 2196 2267 ἀδελφὴν
2240 2193 2375 2265 ἔφη·
2433 2192 2700 2262 Βούλομαι
2746 2188 3069 2259 Χριστιανὸς
3124 2185 3393 2255 γενέσθαι,
3436 2182 3531 2236 καὶ

1962 2283 2055 2339 τὸν
2086 2285 2293 2355 μονήρη
2319 2283 2432 2353 βίον
2464 2280 2755 2353 μετελθεῖν.
2795 2275 2963 2333 Εἶπεν
2992 2278 3049 2331 δέ
3083 2278 3116 2349 ή
3145 2275 3346 2346 ἀδελφὴ
3368 2271 3531 2328 αὐτοῦ

1965 2374 2101 2446 πρὸς
2133 2373 2295 2427 αὐτόν
2314 2389 2328 2404 ·
2369 2373 2455 2435 Ὠς
2484 2371 2659 2434 θέλεις
2684 2368 2911 2440 θελήσω,
2933 2369 3008 2432 ὠς
3035 2370 3207 2430 ποιεῖς
3232 2368 3460 2438 ποιήσω.
3476 2364 3534 2418 '0

1964 2463 2021 2517 δέ
2051 2463 2346 2525 Λουκιανὸς
2376 2461 2707 2530 ἀπήγγειλεν
2733 2459 2811 2530 τῷ
2840 2458 3124 2530 ἐπισκόπῳ
3141 2457 3211 2527 τᾲ
3231 2458 3359 2528 περὶ
3385 2457 3533 2508 Ἑπι-

1966 2553 2253 2624 φανίου.Ὀ
2276 2551 2333 2603 δὲ
2378 2551 2672 2614 ἐπίσκοπος
2708 2546 2860 2604 εἶπεν
2897 2551 3034 2622 πρὸς
3074 2548 3397 2604 Λουκιανόν·
3434 2547 3535 2600 110-

1969 2639 2187 2717 ρεύθητι
2228 2643 2321 2696 καὶ
2365 2643 2675 2713 κατήχησον
2723 2643 2919 2697 αὐτόν·
2967 2645 3064 2698 καὶ
3106 2644 3163 2696 ἐν
3195 2640 3273 2712 τῷ
3317 2638 3536 2694 είσιέναι

1966 2735 2112 2805 ἡμᾶς
2140 2735 2198 2786 ἐν
2243 2737 2309 2804 τῇ
2331 2732 2618 2805 ἐκκλησίᾳ.
2652 2734 2876 2806 ποίησον
2904 2736 3066 2790 αὐτὸν
3100 2733 3427 2804 προσπεσεῖν
3456 2725 3532 2788 τῷ

1966 2822 2331 2895 φιλανθρώπῳ
2348 2823 2485 2894 Θεῷ.
2504 2824 2806 2895 Ἐπορεύθη
2827 2825 2884 2876 δέ
2905 2823 3201 2880 Λουκιανὸς
3225 2811 3282 2868 ’ἐν
3298 2812 3376 2878 τῷ
3398 2810 3527 2875 οἴκῳ

1978 2910 2313 2982 Ἐπιφανίου.
2347 2911 2562 2971 madre<
2590 2911 2647 2961 δὲ
2681 2911 2863 2968 αὐτὸν,
2890 2909 2918 2960 ὅ
2943 2923 3002 2959 τε
3041 2903 3348 2970 ’Βπιφάνιος
3375 2896 3469 2950 καὶ
3493 2895 3531 2964 ή

1967 3002 2131 3056 αὐτοῦ
2158 2999 2379 3070 ἀδελφὴ,
2408 2999 2605 3052 ἔπεσαν
2634 2998 2727 3051 ἐπὶ
2754 2996 3061 3068 πρόσωπον,
3090 2994 3183 3048 καὶ
3212 2989 3533 3044 ἐπελάόοντο

1968 3095 2077 3149 τῶν
2132 3093 2309 3147 ποδῶν
2382 3089 2678 3146 Λουκιανοῦ
2702 3129 2718 3151 ,
2767 3088 3041 3151 κλαίοντες
3107 3085 3199 3137 καὶ
3252 3081 3497 3150 λέγοντες
3518 3096 3531 3109 ·

1988 3185 2266 3255 ’Δξιοῦμέν
2300 3199 2382 3250 σε,
2414 3182 2609 3253 πάτερ,
2634 3180 2858 3251 ποίησον
2883 3179 3030 3249 ἡμᾶς
3059 3171 3417 3247 Χριστιανοὺς
3446 3185 3535 3238 γε-

1974 3276 2180 3332 νέσθαι.
2233 3274 2543 3344 Λαθόμενος
2591 3267 2685 3327 οὗν
2730 3269 3024 3333 Λουκιανὸς
3076 3267 3185 3322 ἀπὸ
3227 3265 3336 3318 τῶν
3382 3261 3539 3315 θείων

1974 3363 2228 3437 Γραφῶν,
2273 3363 2585 3435 κατήχησιν
2618 3360 2817 3423 αὐτοὺς
2851 3358 3082 3423 ίκανῶς.·
3103 3357 3213 3412 Καὶ
3266 3352 3419 3409 αὐτοὶ
3442 3352 3539 3402 ἐπ-

1986 3455 2177 3525 έμενον
2201 3456 2267 3523 τῇ
2288 3453 2653 3524 παρακλήσει,
2670 3451 2919 3518 λέγοντες
2938 3467 2954 3482 ·
2974 3449 3204 3521 Ποίησον
3232 3446 3378 3518 ἡμᾶς
3411 3444 3539 3513 Χρι·

1977 3543 2225 3606 στιανοῦς
2276 3541 2547 3610 γενέσθαι.
2580 3539 2923 3610 Παραλαῦὼν
2949 3536 3044 3593 οὖν
3084 3534 3377 3597 Λουκιανὸς
3418 3534 3541 3595 τοὺς

1974 3635 2069 3688 δύο
2102 3633 2239 3703 ἅμα,
2268 3632 2361 3683 ἐπὶ
2385 3633 2447 3683 τδ
2475 3630 2607 3684 αὐτὸ
2632 3628 2903 3698 ἐπορεύθη
2935 3628 2993 3679 ἐν
3019 3631 3088 3698 τῇ
3118 3625 3401 3695 ἐκκλησίᾳ.
3434 3621 3545 3675 Καὶ

1984 3727 2043 3778 ἐν
2071 3721 2151 3794 τῷ
2167 3720 2503 3774 είσιέναιτδν
2530 3717 2847 3782 ἐπίσκοπον,
2880 3717 3081 3770 ἔπεσαν
3110 3716 3201 3768 ἐπὶ
3231 3714 3543 3786 πρόσωπον,

1976 3816 2071 3870 καὶ
2102 3811 2466 3886 παρεκάλουν,
2494 3809 2634 3863 ὥστε
2659 3810 2890 3878 φωτίσαι
2919 3807 3136 3872 αὐτούς.
3168 3807 3274 3861 Τοῦ
3298 3801 3391 3861 οῦν
3423 3809 3541 3860 ἐπι-

1979 3905 2180 3960 σκόπου
2206 3901 2587 3975 εἰσερχομένου
2619 3901 2675 3953 ἐν
2700 3900 2769 3970 τῇ
2791 3899 3078 3971 ἐκκλησίᾳ,
3110 3896 3431 3968 ἐπορεύοντο
3451 3895 3542 3948 καῖ

1977 3996 2131 4049 αὐτοὶ
2179 3993 2402 4049 ὄπισθεν
2454 3993 2591 4065 μετὰ
2635 3989 2930 4046 Λουκιανοῦ
2962 3989 3189 4045 ἀκοῦσαι
3231 3988 3337 4042 τῶν
3387 3986 3545 4040 θείων

1978 4084 2228 4154 Γραφῶν.

2051 4175 2132 4225 ss'.
2185 4173 2242 4225 Ὀ
2286 4167 2379 4224 οὗν
2415 4171 2729 4239 Ἐπιφὰνιος
2781 4171 2857 4233 ὡς
2900 4173 3123 4240 ήγγισεν
3162 4171 3253 4223 ἐπὶ
3295 4170 3402 4221 τῶν
3445 4166 3550 4231 ἔξω

1978 4260 2159 4332 θυρῶν
2203 4259 2300 4329 τῆς
2347 4255 2662 4327 ἐκκλησίας,
2704 4257 2779 4321 ὡς
2832 4257 2999 4329 ἐπέδη
3044 4257 3137 4310 ἐπὶ
3184 4256 3277 4309 τοῦ
3333 4254 3549 4326 πρώτου

1981 4351 2190 4424 βαθμοῦ
2219 4350 2313 4405 τοῦ
2343 4349 2517 4415 οίκου,
2547 4350 2806 4416 ἐξέπεσεν
2827 4349 2921 4403 τοῦ
2948 4347 3240 4421 ἀριστεροῦ
3272 4347 3430 4411 ποδὸς
3453 4350 3551 4401 αύ-

1976 4443 2071 4497 τοῦ
2103 4444 2188 4497 ἐπ’
2218 4441 2381 4498 αὐτοῦ
2405 4442 2467 4495 τὸ
2489 4441 2758 4512 ὑπόδημα.
2785 4441 2890 4494 Τοῦ
2922 4439 2978 4492 δέ
3011 4440 3297 4503 ἐπιθάντος
3319 4437 3399 4509 τῷ
3427 4440 3550 4508 ἀρι-

1982 4536 2179 4610 στερῷ,
2204 4537 2352 4598 ὅπως
2385 4533 2642 4606 ἐπιπήξει
2670 4533 2765 4587 καὶ
2797 4533 2887 4586 τὸν
2905 4531 3071 4596 δεξιὸν
3106 4531 3263 4595 πόδα,
3296 4530 3552 4594 ἐξέπεσεν

1981 4632 2077 4685 καὶ
2102 4630 2163 4683 τὸ
2192 4627 2286 4682 τοῦ
2314 4624 2487 4692 δεξιοῦ
2506 4642 2517 4654 ·
2555 4628 2647 4680 καὶ
2686 4625 2996 4697 ηὑρέθησαν
3022 4623 3094 4678 τὰ
3122 4623 3404 4694 ἀμφότερα
3447 4621 3552 4687 ἔξω

1979 4721 2073 4776 τοῦ
2098 4719 2414 4789 ἀναδαθμοῦ
2440 4717 2538 4787 τῆς
2568 4716 2862 4787 ἐκκλησίας
2876 4715 3014 4768 ami
3040 4714 3346 4783 ἐθαύμασεν
3366 4713 3394 4764 ὁ
3417 4715 3552 4766 Aou-

1982 4813 2165 4874 κιανδς
2199 4811 2291 4862 ἐπὶ
2338 4807 2593 4862 τοῦτο.’0
2634 4803 2728 4860 οὖν
2766 4806 3079 4876 Ἐπιφάνιος
3122 4803 3304 4857 οὐκέτι
3354 4802 3551 4872 προθέ-

1985 4921 2122 4967 σεως
2153 4903 2309 4972 ἔσχεν
2338 4899 2689 4954 ἐπιλαθέσθαι
2717 4899 2827 4953 τῶν
2846 4894 3204 4966 ὑποδημάτων
3242 4894 3428 4961 αὑτοῦ,
3464 4897 3552 4946 ἐκ·

1986 4994 2257 5048 πεσόντων
2286 4991 2395 5044 ἀπὸ
2419 4991 2526 5044 τῶν
2559 4990 2736 5044 ποδῶν
2758 4988 2923 5043 αὐτοῦ
2944 5005 2958 5019 ·
2987 4988 3099 5041 ἀλλ’
3129 4986 3253 5041 οὔτε
3273 4987 3406 5040 ἄλλα
3427 4986 3553 5036 ὐπο-

1984 5085 2045 5156 ὃή
2056 5099 2198 5155 ματα
2227 5082 2485 5152 ἠνέσχετο
2516 5080 2831 5148 ἐπενεγκεῖν
2876 5079 2969 5132 ἐπὶ
3019 5080 3142 5142 τοὺς
3170 5079 3332 5140 πόδας
3363 5075 3549 5143 αὐτοῦ,

1985 5175 2079 5228 τὸν
2124 5174 2334 5228 ἃπαντα
2364 5171 2551 5243 χρόνον
2602 5171 2693 5240 τῆς
2715 5168 2859 5242 ζωῆς
2891 5168 3180 5231 αὐτοῦ.Ὠς
3212 5167 3267 5220 δὲ
3312 5169 3549 5232 ἵσταντο,

1988 5267 2082 5319 καὶ
2109 5267 2305 5336 ήκουον
2337 5263 2445 5316 τῶν
2474 5263 2635 5316 ὁσίων
2678 5262 2935 5334 Γραφῶν,
2967 5263 2996 5314 ὃ
3022 5277 3081 5313 τε
3117 5260 3425 5328 Ἐπιφάνιος
3457 5259 3551 5312 καὶ

1989 5361 2022 5428 ἡ
2049 5356 2212 5411 αὐτοῦ
2240 5354 2460 5425 ἀδελφὴ,
2499 5357 2786 5426 προσεῖχεν
2817 5356 2846 5406 ὁ
2882 5352 3195 5414 ἐπίσκοπος,
3223 5351 3298 5414 ὡς
3320 5346 3386 5422 ἦν
3415 5351 3550 5404 καθ-

1990 5447 2243 5517 εζόμενος
2288 5446 2382 5499 ἐπὶ
2410 5443 2504 5498 τοῦ
2551 5445 2760 5515 θρόνου,
2790 5447 2872 5498 ὅτι
2895 5438 2963 5512 ἦν
2988 5441 3049 5494 τδ
3078 5443 3364 5511 πρόσωπον
3400 5442 3552 5496 Ἐπι-

1992 5538 2179 5609 φανίου
2210 5535 2615 5607 δεδοξασμένον,
2647 5536 2740 5588 καὶ
2774 5535 3034 5602 στέφανος
3069 5532 3160 5585 ἐπὶ
3192 5533 3288 5602 τῆς
3313 5533 3553 5601 κεφαλῆς

1994 5629 2158 5685 αὑτοῦ
2212 5627 2628 5698 ἐπιτεθειμένος.
2684 5625 2837 5678 Μετὰ
2874 5620 2967 5677 οὖν
3014 5623 3111 5693 τὴν
3159 5622 3417 5676 ἀπόλυσιν
3462 5625 3554 5676 τοῦ

2000 5720 2327 5788 Εὐαγγελίου
2354 5718 2599 5788 εἰσῆλθεν
2625 5719 2653 5770 ό
2686 5717 2980 5778 ἐπίσκοπος
3010 5716 3066 5768 ὲν
3090 5715 3164 5784 τῷ
3189 5715 3554 5784 φωτιετηρίῳ·

1999 5814 2094 5865 καὶ
2126 5811 2403 5864 ἐκέλευσεν
2455 5809 2707 5862 εἰσελθεῖν
2743 5810 3052 5876 Ἔτειφὰνῑον
3090 5809 3180 5859 καὶ
3230 5805 3321 5877 τὴν
3368 5804 3557 5858 ἑαυτοῦ
