3850 6517
290 506 395 581 933

957 492 1328 554 ADVERSUS
1370 494 1711 552 nAERESES
1745 494 1871 550 Lm.
1912 492 1980 550 lt.
2026 490 2193 548 TOE.
2230 490 2271 547 1.
2309 522 2377 532 -
2412 489 2686 547 nAEnES.
2720 488 2812 547 Lt.

3420 486 3530 545 su

289 619 463 675 λονότι
513 616 593 678 είς
640 614 1013 686 Ἰερουσαλήμ.
1055 614 1162 668 Καὶ
1209 615 1269 666 ἐν
1317 612 1467 684 μέσῳ
1516 612 1618 683 τῆς
1664 611 1857 683 ἑορτῆς
1887 608 2036 670 Albi
2066 610 2120 663 in
2151 607 2330 662 medio
2360 605 2502 662 festo
2535 605 2872 662 vociferatus
2901 615 2987 661 est
3013 604 3204 663 dicens
3253 626 3267 663 ε
3314 604 3376 664 δί
3410 609 3530 678 quis

288 710 583 778 ἐκέκραγε.
618 703 793 773 λέγων
812 722 827 736 ·
854 704 926 757 ΕΙ
949 722 1038 770 τις
1067 701 1234 771 διψᾷ,
1279 703 1543 773 ἐρχέσθω
1580 704 1731 770 πρός
1756 716 1856 770 με,

287 799 390 854 καί
425 797 662 851 πινέτω.
696 796 807 850 Καὶ
847 795 1021 859 οὕτως
1069 795 1311 866 ἀπῆλθεν
1341 797 1423 858 είς
1463 795 1737 867 Ναζαρὲτ,
1763 793 1861 847 καὶ

294 890 376 952 είς
412 889 512 957 τήν
560 886 842 951 Ἰουδαίαν,
887 885 979 939 καὶ
1021 885 1103 949 είς
1153 883 1486 955 Σαμάρειαν,
1535 885 1629 938 καὶ
1665 884 1746 946 είς
1792 881 1862 936 τά

298 978 440 1049 μέρη
471 977 666 1048 Τύρου.
696 975 808 1029 Καὶ
836 974 1209 1046 πληρωθέντος
1231 974 1326 1029 τοῦ
1352 975 1566 1046 πρώτου
1590 975 1858 1041 ἐνιαυτοῦ,

297 1068 461 1122 πάλιν
488 1068 692 1122 άνεισιν
733 1068 815 1131 είς
858 1064 1221 1138 Ἰεροσόλυμα.
1254 1065 1364 1120 Καὶ
1405 1066 1590 1120 λοιπὸν
1634 1067 1860 1139 ἐζήτουν

294 1159 458 1213 αὐτὸν
487 1157 682 1211 πιάσαι
712 1159 772 1211 ἐν
802 1158 868 1229 τῇ
919 1158 1102 1227 ἑορτῇ,
1154 1157 1249 1210 καὶ
1299 1157 1662 1229 ἐφοδήθησαν.
1705 1158 1794 1211 Ἐν
1824 1151 1860 1232 ἦ

293 1253 452 1322 ἑορτῇ
484 1249 689 1317 ἔλεγεν,
717 1248 801 1302 ὅτι
852 1249 936 1303 oo
973 1248 1307 1303 καταδαίνω
1355 1250 1443 1316 είς
1487 1247 1605 1317 τὴν
1644 1248 1863 1317 ἑορτὴν

292 1344 539 1407 ταύτην.
570 1340 646 1393 Οὐ
686 1339 795 1410 γάρ
823 1338 1093 1409 ἐψεύδετο,
1141 1339 1215 1411 μὴ
1255 1339 1502 1409 γένοιτοι
1538 1341 1861 1409 Maeotim<-

290 1432 403 1503 γὰρ
433 1430 546 1499 τῆς
571 1428 805 1498 ἑορτῆς,
836 1425 1005 1499 ἦλθε,
1031 1430 1186 1502 φησὶ,
1218 1430 1318 1485 καί
1346 1430 1527 1499 ὰνέδη
1564 1434 1653 1498 είς
1688 1431 1865 1500 Ἰερο-

292 1524 562 1593 σόλυμα·
593 1522 693 1575 καί
739 1522 987 1592 ἔλεγον·
1020 1524 1144 1592 Οὐχ
1180 1518 1361 1589 οὗτός
1399 1524 1589 1589 ἐστιν,
1624 1523 1700 1578 ὃν
1735 1521 1863 1593 ὲζή·

291 1632 441 1671 τουν
466 1612 715 1676 atticam·
742 1614 851 1667 Καὶ
892 1612 1023 1666 ίδοὺ
1053 1615 1357 1683 παρῤησίᾳ
1392 1616 1598 1669 λαλεῖ·
1619 1615 1707 1685 μὴ
1749 1616 1865 1684 ἄρα

290 1707 514 1776 ἔμαθον
536 1708 591 1759 ol
605 1704 799 1774 ἱερεῖς,
816 1703 905 1757 ὅτι
930 1699 1107 1770 οὗτός
1119 1705 1290 1759 ἐστιν
1308 1709 1343 1760 ὀ
1355 1708 1610 1776 Χριστός
1622 1724 1655 1772 ,x
1680 1708 1865 1763 Ἀλλὰ

288 1797 539 1866 οῑδαμεν
567 1793 747 1862 οὗτος
773 1796 958 1851 πόθει·
995 1795 1149 1852 ἐστί.
1179 1796 1587 1870 Μυστηριωδῶς
1626 1800 1734 1872 γάρ
1769 1799 1864 1853 καὶ

292 1888 678 1960 πνευματικῶς
707 1888 1084 1960 διαλεγομένου
1120 1891 1232 1953 τοῖς
1272 1889 1437 1945 αὐτοῦ
1466 1891 1733 1961 ἀδελφοῖς,
1759 1890 1860 1945 οὐκ

292 1984 508 2054 ήδεισαν
543 1982 597 2035 τί
622 1980 822 2049 ἔλεγεν.

368 2072 559 2141 Ἔλεγε
586 2071 696 2142 γὰρ
725 2072 905 2134 αὐτοῖς
953 2071 1026 2141 μὴ
1073 2070 1383 2125 άναδαίνειν
1413 2074 1494 2138 είς
1530 2072 1590 2127 τὸ
1624 2073 1767 2146 ἱερὸν
1802 2073 1861 2126 ἐν

290 2167 359 2237 τῇ
393 2166 552 2238 ἐορτῇ
585 2164 788 2237 ἐκείνῃ,
802 2162 937 2236 μηδὲ
964 2164 1045 2226 είς
1067 2161 1159 2216 τὸν
1181 2163 1433 2235 σταυρὸν,
1457 2164 1551 2247 τοῦ
1575 2164 1863 2220 τελειῶσαι

285 2255 431 2319 τέως
451 2256 551 2327 τὴν
570 2255 879 2326 οἰκονομίαν
897 2253 992 2308 τοῦ
1014 2254 1226 2320 Πάθους
1250 2254 1441 2321 αὐτοῦ,
1468 2257 1564 2309 καὶ
1592 2256 1863 2329 σωτηρίας

292 2348 612 2417 μυστήριον,
655 2348 750 2400 καὶ
790 2349 857 2401 ἐκ
892 2346 1103 2419 νεκρῶν
1132 2347 1451 2420 ἀναστῆναι,
1500 2349 1596 2402 καὶ
1644 2350 1726 2413 είς
1771 2350 1864 2403 τὸν

293 2432 521 2504 οὐρανὸν
552 2433 815 2505 άναὸῆναι
834 2451 848 2465 ·
886 2432 1044 2487 ἅτινα
1091 2433 1327 2506 ἐπλήρου
1370 2436 1547 2490 πάντα
1576 2438 1633 2489 ἐν
1663 2440 1731 2509 τῇ
1759 2436 1866 2509 ἰδίᾳ

295 2524 464 2577 αὐτοῦ
490 2523 725 2596 ἐξουσίᾳ.
755 2526 866 2580 Καὶ
888 2524 1029 2597 μετὰ
1050 2525 1221 2579 ταῦτα
1260 2526 1336 2590 ὡς
1363 2527 1741 2600 πληρωθέντος
1769 2525 1863 2581 τοῦ

291 2610 502 2679 διετοῦς
524 2615 716 2687 χρόνου
753 2615 891 2687 μετά
919 2616 983 2669 τὸ
1002 2615 1303 2687 βάπτισμα,
1327 2619 1422 2671 καὶ
1439 2618 1539 2690 τὴν
1564 2618 1728 2672 αὐτοῦ
1751 2618 1869 2687 γέν-

293 2722 471 2773 νησιν,
504 2705 613 2759 ἀπὸ
640 2705 948 2779 Νοεμδρίου
992 2707 1179 2779 μηνὸς.
1227 2708 1321 2761 καὶ
1367 2708 1475 2762 ἀπὸ
1482 2708 1865 2815 Ἰαννουαρίου

297 2798 487 2868 μηνὸς,
520 2799 615 2853 καὶ
647 2800 756 2852 τῶν
801 2798 1077 2866 ἐπέκεινα,
1126 2800 1308 2853 λοιπὸν
1348 2801 1408 2853 ἐν
1443 2798 1521 2873 τῷ
1563 2800 1870 2874 τριακοστῷ

295 2887 463 2959 τρίτῳ
490 2887 600 2942 ἔτει
628 2889 728 2962 τῆς
757 2888 925 2945 αὑτοῦ
966 2890 1232 2962 ἐνσάρκου
1271 2891 1605 2962 οἰκονομίας,
1637 2891 1779 2964 μετά
1807 2890 1872 2945 τὸ

295 2977 602 3051 ὗπερδῆναι
633 2980 812 3052 αὑτὸν
828 2978 931 3048 τὰς
956 2980 1051 3035 δῦο
1081 2981 1365 3048 ὑπατείας,
1394 2982 1461 3047 ἃς
1503 2982 1734 3054 ἔφημεν,
1762 2982 1870 3038 τῶν

292 3082 356 3121 τε
373 3066 469 3120 δύο
487 3065 747 3140 Γεμηνῶν
770 3068 865 3124 καὶ
890 3070 991 3141 τήν
1024 3070 1146 3123 'Pon
1152 3088 1252 3140 :pou
1302 3071 1399 3123 καὶ
1434 3070 1869 3137 Ρουὸελλίωνος,

295 3156 481 3212 λοιπὸν
508 3159 566 3212 ἐν
585 3162 651 3231 τῇ
680 3160 841 3233 τρίτῃ
872 3160 1130 3232 ὑπατείᾳ,
1156 3162 1213 3215 ἐν
1236 3160 1314 3234 τῷ
1332 3162 1503 3234 τρίτῳ
1524 3162 1658 3234 μηνὶ
1678 3164 1869 3236 αὐτῆς,

1958 699 2102 765 sitit,
2142 700 2420 765 ceniot‚et
2451 698 2595 751 bibat
2633 700 2676 752 ⁸.
2717 696 2845 752 lude
2898 696 3222 753 Nazaretum
3260 699 3528 769 perrexit;

1956 798 2014 846 et
2042 790 2099 845 iu
2126 789 2322 844 ludam
2343 829 2359 853 ,
2385 804 2448 844 ac
2473 789 2775 844 Samariam
2792 829 2808 853 ‚
2832 804 2896 844 ac
2921 788 3211 861 Tyriorum
3254 790 3532 860 regionem

1961 881 2240 954 profectus
2286 889 2394 937 est.
2434 880 2567 936 Post
2599 882 2713 937 baec
2745 883 2963 938 evoluto
2994 883 3108 953 jam
3141 881 3323 954 priore
3354 895 3530 945 anno,

1962 972 2389 1046 Hierosolymam
2437 976 2748 1028 revertitur.
2782 972 2885 1028 Ubi
2911 989 3037 1029 cum
3073 988 3200 1029 eum
3261 972 3402 1028 festo
3445 972 3536 1028 die

1958 1066 2418 1137 eotnprehendere
2446 1066 2682 1131 vellent,
2716 1074 2862 1120 metu
2886 1065 3122 1134 repressi
3153 1073 3303 1120 sunt.
3332 1062 3408 1117 Ac
3430 1063 3537 1119 snb

1961 1155 2107 1211 idem
2140 1155 2338 1211 festum
2371 1158 2445 1208 ita
2499 1155 2618 1210 suis
2653 1154 2869 1209 locutus
2903 1161 3030 1209 est:
3066 1151 3187 1207 Non
3208 1154 3434 1208 ascendo
3466 1152 3537 1214 od

1959 1248 2098 1302 diem
2150 1248 2343 1317 {esrum
2382 1249 2542 1301 istum
2570 1247 2614 1300 ⁸.
2666 1247 2726 1302 ln
2785 1260 2896 1316 quo
2949 1247 3093 1300 absit
3143 1253 3204 1299 ut
3252 1245 3537 1306 mentitum

1961 1340 2112 1395 illum
2167 1339 2529 1415 arbitremur}
2579 1336 2707 1391 dum
2760 1338 2901 1391 euim
2949 1337 3033 1390 die
3087 1337 3222 1406 testo
3276 1336 3542 1391 mediante

1963 1430 2127 1498 abiit,
2169 1430 2376 1501 inquit,
2404 1440 2454 1484 et
2496 1428 2732 1483 aseendit
2776 1428 2832 1481 ιἰι
2868 1426 3203 1482 Hierusalem
3233 1427 3291 1495 ⁸;
3321 1437 3372 1482 et
3399 1429 3542 1483 ‹15oe-

1963 1520 2090 1575 bont
2122 1536 2142 1574 .·
2172 1518 2361 1574 Nonne
2419 1520 2505 1573 laic
2560 1529 2673 1582 est,
2725 1534 2877 1588 quem
2933 1521 3241 1588 quoeretant
3301 1536 3542 1592 eompre-

1962 1611 2183 1666 'tendere
2205 1615 2231 1668 7
2252 1611 2321 1665 Et
2366 1628 2480 1665 ecce
2508 1611 2688 1681 polam
2725 1610 2977 1680 loquitur.
3010 1609 3266 1682 Numquid
3304 1629 3419 1667 vere
3460 1628 3546 1667 co·

1963 1713 2247 1773 quomrum
2286 1704 2619 1765 sacerdotes,
2669 1702 2797 1772 quia
2842 1700 2927 1755 lu’c
2975 1710 3053 1757 est
3113 1702 3394 1758 Christus?
3439 1702 3543 1759 sea

1965 1793 2101 1847 Ιιιιιισ
2120 1795 2315 1849 scimus
2338 1793 2476 1848 unde
2502 1794 2572 1846 sit
2597 1794 2639 1847 ⁸.
2664 1790 2800 1845 Nam
2824 1807 2947 1846 cum
2975 1794 3235 1863 mystice,
3272 1810 3337 1849 ac
3374 1796 3544 1866 spiri·

1967 1881 2149 1935 taliter
2197 1881 2457 1937 iratribus
2487 1880 2605 1938 suis
2632 1881 2971 1950 loqueretur,
2996 1882 3126 1951 quid
3162 1883 3367 1939 diceret
3397 1885 3545 1954 igno·

1890 1947 1934 2003 B
1961 1973 2185 2029 rabant.

2032 2062 2200 2136 m
2230 2060 2475 2135 Negabat
2525 2068 2673 2121 enim
2721 2083 2782 2124 se
2824 2068 2919 2125 illo
2956 2068 3045 2124 die
3104 2067 3245 2123 festo
3305 2066 3361 2120 in
3407 2074 3546 2121 tem·

1963 2153 2247 2225 plum,aut
2272 2154 2328 2223 in
2360 2170 2580 2212 crucem
2603 2172 2983 2228 ascensurum,
3021 2168 3081 2215 ut
3099 2158 3378 2215 Passionis
3411 2172 3545 2223 suae,

1964 2260 2030 2300 ac
2055 2252 2258 2300 nostrae
2285 2247 2480 2304 salutis
2507 2248 2984 2307 administratione
3014 2251 3348 2322 iungeretur,
3383 2255 3549 2320 atque

1965 2350 1998 2390 a
2027 2336 2259 2392 mortuis
2279 2339 2551 2397 excitatus
2576 2341 2820 2398 evolaret
2850 2343 2907 2397 in
2951 2344 3150 2398 coelum
3172 2383 3187 2408 ,
3213 2356 3335 2412 quae
3361 2341 3550 2395 omnia

1965 2440 2067 2499 pro
2140 2441 2239 2482 sua
2291 2436 2562 2498 potestate
2607 2445 2674 2486 ac
2711 2432 2990 2488 voluntate
3034 2440 3225 2502 postea
3274 2430 3546 2501 praestitit.

1966 2515 2107 2570 Hinc
2132 2516 2357 2572 biennio
2392 2517 2504 2587 jam
2535 2518 2723 2589 elapso
2766 2531 2892 2591 post
2942 2520 3197 2591 baptismi
3245 2534 3311 2575 ac
3355 2519 3538 2574 nativi·

1965 2608 2096 2662 tatis
2129 2605 2309 2673 diem,
2359 2606 2462 2662 boc
2488 2615 2603 2676 est,
2659 2618 2787 2681 post
2815 2609 3176 2666 Novembrem
3228 2624 3294 2664 ac
3347 2607 3552 2663 lanua-

1965 2695 2153 2762 rium,
2176 2704 2232 2753 et
2260 2697 2578 2768 interjectos
2619 2699 2831 2771 aliquot
2863 2700 3014 2765 dies,
3044 2714 3192 2755 anno
3242 2700 3312 2755 ab
3367 2697 3554 2755 locar-

1968 2788 2192 2844 uatione
2214 2802 2313 2843 sua
2350 2804 2560 2853 xxxin,
2591 2792 2883 2861 praeteritis
2910 2790 3065 2861 jam,
3094 2791 3242 2863 quod
3272 2791 3550 2857 diximuS.

1968 2877 2348 2935 consulatibus
2403 2879 2648 2947 duobus,
2702 2882 3001 2937 amborum
3033 2881 3424 2949 Geminorum,
3487 2898 3555 2939 ac

1970 2967 2096 3023 Rufi
2126 2977 2181 3025 et
2216 2951 2583 3038 Rubellionis,
2623 2972 2785 3028 tertio
2821 2972 3044 3028 demum
3086 2975 3418 3039 consulatu,
3460 2975 3556 3029 iti-

1972 3061 2205 3133 demque
2261 3062 2428 3118 tertio
2485 3071 2612 3134 post
2675 3062 2999 3120 lanuarium
3068 3080 3135 3122 ac
3195 3064 3553 3123 februarium

1973 3166 2182 3217 mense,
2214 3151 2307 3223 qui
2332 3150 2563 3210 Martius
2591 3152 2815 3220 dicitur,
2839 3151 3080 3212 Verbum
3110 3156 3247 3212 illud
3278 3156 3555 3228 passionis

302 3248 442 3319 μετὰ
457 3249 552 3303 τὸν
597 3251 954 3325 Ἰαννουᾱριον
979 3254 1074 3305 καὶ
1112 3254 1495 3325 φευρουάριον,
1538 3254 1598 3306 ἐν
1641 3254 1873 3326 Μαρτίῳ
1899 3268 1944 3326 G
1975 3243 2157 3300 omnis
2198 3259 2430 3314 expers.
2476 3246 2787 3317 passionem
2845 3247 2904 3305 in
2956 3263 3138 3303 carne
3168 3264 3324 3306 suam
3363 3258 3555 3307 nostra

301 3339 453 3411 μ,ηνὶ
482 3340 679 3395 τελειοῖ
696 3342 759 3396 τὸ
786 3341 883 3395 τοῦ
919 3342 1123 3408 πάθους
1157 3347 1455 3417 μυστήριον
1476 3346 1505 3398 ὀ
1526 3345 1743 3418 ἀπαθὴς
1764 3347 1871 3400 Λό-

274 3446 396 3498 -γος
434 3430 617 3484 παθὼν
648 3433 705 3484 ἐν
740 3433 905 3505 σαρκὶ
933 3433 1003 3487 δι’
1027 3434 1194 3505 ἡμᾶς.
1223 3434 1392 3489 Μένει
1416 3434 1475 3488 δέ
1519 3436 1578 3489 ἐν
1610 3434 1872 3507 ἀπαθείᾳ,

299 3519 377 3585 ὡς
402 3518 550 3589 λέγει
582 3521 822 3596 Πέτρος·
862 3522 1228 3589 θανατωθεὶς
1257 3524 1462 3593 σαρκὶ,
1492 3521 1875 3595 (moy-ernosto:

300 3607 371 3663 δὲ
398 3608 481 3676 τῷ
511 3609 824 3681 πνεύματι.

367 3700 515 3766 KG'.
544 3700 751 3767 Πάσχει
793 3700 850 3751 δὲ
886 3700 945 3749 ἐν
979 3702 1047 3766 τῇ
1097 3700 1205 3767 πρὸ
1241 3700 1541 3769 δεκατριῶν
1579 3702 1877 3757 Καλανδῶν

309 3788 669 3859 Ἀπριλλίων,
716 3784 1169 3855 ὑπερδεδηκότων
1192 3788 1372 3842 αὐτῶν
1439 3789 1568 3859 μίαν
1617 3792 1872 3866 ἐσπέραν,

297 3877 577 3934 τουτέστιν
612 3874 670 3927 ἐν
694 3875 761 3943 τῇ
797 3876 1363 3951 τεσσαρεσκαιδεκάτῃ
1389 3878 1489 3948 τῆς
1525 3879 1755 3955 σελήνης
1779 3901 1875 3937 νυ-

300 3969 523 4039 κτερινῇ
563 3967 722 4040 μέσῃ.
755 3966 1061 4037 Προέλαόον
1079 3968 1189 4040 γὰρ
1218 3971 1313 4023 καὶ
1338 3969 1540 4039 ἔφαγον
1568 3974 1632 4028 τὸ
1663 3974 1873 4047 Πάσχα,

301 4057 378 4120 ὥς
406 4073 539 4126 φησι
564 4058 624 4110 τὸ
655 4057 1003 4126 Εὑαγγέλιον,
1035 4059 1308 4130 καὶήμείς
1339 4061 1598 4128 πολλάκις
1626 4065 1871 4138 εἴπομεν.

310 4147 553 4217 Ἐφαγον
588 4144 682 4203 οὗν
707 4149 767 4203 τὸ
796 4151 984 4220 Πάσχα
1008 4151 1114 4222 πρὸ
1140 4150 1235 4204 δύο
1271 4153 1491 4227 ἡμερῶν
1528 4156 1623 4211 τοῦ
1658 4161 1872 4228 φαγεῖν,

303 4240 548 4294 τουτέστι
575 4242 641 4313 τῇ
684 4240 843 4314 τρίτῃ
887 4241 1122 4312 ἑσπέρας
1145 4242 1184 4310 ¹,
1213 4243 1350 4315 ὅπερ
1396 4245 1503 4299 ἔδει
1547 4251 1613 4319 τῇ
1650 4249 1876 4324 πέμπτῃ

301 4325 562 4396 ἑσπέρας.
577 4327 1149 4401 Τεσσαρεσκαιδεκάτη
1167 4329 1276 4402 γὰρ
1299 4331 1470 4397 οὕτως
1483 4330 1552 4407 ἦν
1571 4338 1604 4408 ή
1626 4338 1872 4410 πέμπτη.

302 4417 745 4488 Συλλαμῆάνεται
791 4420 847 4473 δὲ
884 4423 950 4492 τῇ
992 4422 1150 4494 τρίτῃ
1192 4426 1260 4495 τῇ
1311 4426 1447 4498 αὐτῇ
1490 4427 1609 4498 ὀψὲ,
1644 4430 1766 4499 ἥτις
1805 4426 1876 4503 ἦν

296 4509 557 4581 ἑνδεκάτη
578 4510 678 4581 τῆς
710 4511 940 4584 σελήνης
968 4515 1278 4588 νυκτερινὴ,
1308 4517 1414 4588 πρὸ
1442 4517 1636 4583 δεκαέξ
1664 4520 1877 4575 Καλαν-

1975 3348 2144 3391 causa
2201 3333 2392 3392 subiit.
2456 3335 2781 3408 Quanquam
2839 3336 2893 3391 in
2950 3353 3054 3392 sua
3111 3338 3556 3410 impassibilitate

1977 3425 2297 3495 permansit,
2325 3434 2386 3481 ut
2412 3426 2489 3481 ait
2516 3425 2714 3484 Petrus
2748 3445 2763 3482 ε
2798 3426 3159 3499 Πονιίῇεαιιιε
3200 3447 3391 3497 earne,
3421 3432 3554 3487 sivi·

1975 3514 2168 3585 ficatus
2215 3528 2392 3571 autem
2419 3518 2610 3587 spiritu
2636 3518 2678 3573 ⁷.

2046 3689 2237 3747 XXVI.
2264 3690 2472 3749 Passus
2498 3700 2586 3750 est
2624 3708 2726 3750 xm
2759 3694 2885 3750 Kal.
2914 3694 3069 3767 Apr.,
3097 3710 3222 3753 cum
3255 3697 3332 3753 illi
3361 3713 3559 3770 vespe-

1975 3794 2094 3836 ram
2124 3796 2290 3837 unam
2324 3784 2782 3845 antevertissent:
2808 3784 2915 3841 boc
2936 3794 3024 3842 est
3054 3787 3181 3842 luna
3215 3803 3309 3844 xtv
3334 3799 3560 3845 noctur-

1975 3885 2048 3925 na
2085 3870 2284 3928 media.
2318 3870 2598 3943 Siquidem
2635 3883 2760 3929 ante
2791 3880 3010 3945 tempus
3068 3876 3145 3930 illi
3199 3875 3410 3932 Pascba
3460 3892 3555 3936 co·

1976 3962 2301 4027 mederunt,
2333 3971 2394 4017 ut
2441 3962 2796 4036 Evangelium
2826 3973 3119 4032 testatur,
3146 3982 3212 4023 ac
3270 3983 3376 4026 nos
3405 3984 3553 4041 saepo

1976 4054 2310 4110 monuimus.
2332 4053 2516 4122 Quare
2538 4056 2722 4119 ,biduo
2743 4066 2868 4113 ante
2896 4057 3196 4129 legitimum
3224 4058 3368 4115 diem
3395 4076 3554 4133 epu·-

1975 4148 2090 4203 lum
2120 4147 2385 4207 Pascbale
2433 4150 2799 4207 celebrarunt.
2832 4150 2949 4208 Hoc
2979 4160 3066 4209 est
3116 4152 3252 4210 feria
3283 4155 3444 4209 tertia
3482 4155 3553 4211 ad

1973 4242 2442 4313 vesperam,quod
2466 4242 2658 4314 quinta
2683 4242 2801 4300 lieri
2822 4245 3084 4315 oportuit.
3106 4242 3181 4300 lta
3203 4246 3350 4301 enim
3361 4248 3554 4318 quinta

1976 4330 2033 4385 in
2065 4330 2333 4388 decimam
2377 4342 2631 4404 quartam
2687 4334 2981 4391 incidebat.
3037 4334 3304 4392 Caeterum
3359 4336 3553 4394 eadem

1976 4422 2070 4477 illa
2107 4420 2283 4491 seria,
2334 4426 2421 4481 die
2463 4426 2622 4481 tertia
2665 4426 2732 4481 ad
2782 4442 3063 4497 vesperam
3127 4429 3557 4499 comprehensus

1977 4519 2081 4580 est,
2137 4528 2263 4584 quae
2311 4523 2430 4570 erat
2461 4516 2586 4570 luna
2622 4532 2678 4571 ιι
2733 4526 3048 4584 nocturna,
3109 4534 3197 4575 xvi
3227 4518 3349 4576 Kal.
3395 4522 3551 4592 Apr.;

298 4600 408 4653 δῶν
422 4601 770 4672 Ἀπριλλίων·
797 4603 992 4675 τετρὰς
1018 4605 1293 4678 δωδεκάτη
1318 4625 1449 4661 νυκτ
1453 4610 1625 4681 epm),
1651 4612 1757 4683 πρὸ
1786 4612 1873 4666 δε-
1904 4591 1951 4647 D
1975 4612 2170 4675 quarta
2204 4604 2369 4673 feria,
2409 4607 2710 4678 eademque
2750 4617 3015 4664 nocturna
3042 4610 3168 4665 luna
3203 4626 3314 4674 ιιι,
3340 4628 3407 4666 xv
3429 4611 3551 4667 Kal.

300 4695 537 4748 καπέντε
548 4693 835 4750 Καλανδῶν
850 4694 1194 4765 ΜΑπριλλίων
1210 4697 1433 4770 πέμπτη
1454 4702 1872 4777 τρισκαιδεκάτη

299 4786 558 4858 ήμερινὴ,
584 4786 872 4859 νυκτερινὴ
902 4787 960 4841 δὲ
981 4788 1564 4861 τεσσαρεσκαιδεκάτη,
1593 4792 1699 4864 πρὸ
1724 4795 1875 4848 δεκα-

298 4878 583 4949 τεσσάρων
620 4878 915 4932 Καλανδῶν
959 4879 1304 4951 Ἀπριλλίων·
1346 4883 1721 4954 προσάδὸατον
1747 4904 1875 4941 τεσ-

304 4967 770 5038 σαρεσκαιδεκάτη
783 4969 1065 5039 νυκτερινὴ
1074 5008 1089 5030 ,
1105 4968 1212 5040 πρὸ
1224 4969 1637 5044 δεκατεσσάρων
1652 4976 1871 5029 Καλαν-

298 5057 410 5110 δῶν
424 5057 765 5130 Ἀπριλλίων·
783 5057 1058 5111 Σάδδατον
1086 5059 1539 5133 πεντεκαιδεκάτη
1560 5066 1870 5138 νυκτερινὴ,

302 5149 414 5220 πρὸ
440 5149 668 5218 δεκαδύο
684 5148 970 5203 Καλανδῶν
984 5149 1325 5221 ’Δπριλλίωψ
1352 5152 1738 5222 ἐπιφώσκουσα
1768 5158 1873 5211 Κυ-

308 5237 474 5310 ριακή
488 5238 947 5310 πεντεκαιδεκάτη
960 5242 1273 5311 νυκτερινή*
1293 5259 1307 5272 ·
1341 5242 1479 5314 ὅπερ
1507 5239 1575 5316 ἦν
1593 5246 1874 5317 φωτισμὸς

299 5328 455 5398 ᾅδου,
494 5329 592 5382 καὶ
634 5329 760 5400 γῆς,
800 5330 896 5383 καὶ
929 5328 1183 5400 οὐρανοῦ,
1234 5331 1329 5385 καὶ
1376 5333 1608 5405 ἡμέρας,
1640 5333 1731 5388 διὰ
1771 5335 1872 5407 τὴν

301 5420 798 5491 πεντεκαιδεκάτην
820 5420 1071 5492 σελήνης,
1098 5422 1191 5474 καὶ
1214 5422 1305 5477 τὸν
1332 5423 1483 5494 ἡλίου
1512 5423 1711 5495 δρόμον
1733 5443 1747 5457 ·
1778 5428 1873 5481 καὶ

299 5506 387 5562 ὅτι
424 5509 722 5575 ἀνάστασις
766 5512 860 5565 καὶ
906 5511 1161 5583 ίσημερία
1191 5512 1298 5583 πρὸ
1341 5513 1531 5567 Ξνδεκα
1582 5515 1874 5571 Καλανδῶν

313 5601 661 5674 Ἀπριλλίων,
675 5604 743 5658 δι’
771 5605 838 5675 ἢν
867 5603 1229 5677 πλανηθέντες
1247 5604 1552 5677 ῦπέρδατον
1582 5608 1712 5676 μίαν
1736 5609 1873 5679 ἠμέ-

376 5782 393 5814 ¹
427 5779 545 5837 Yet.
558 5781 735 5869 τρίτῃ
786 5782 1026 5855 ἑσπέρα,
1079 5791 1135 5839 et
1188 5783 1413 5859 πέμπτη
1455 5786 1590 5841 ἐσπέ
1563 5804 1685 5861 ερα.
1758 5792 1779 5823 ²
1812 5791 1872 5849 F.
1911 5794 2168 5869 ήμερινή.

299 5851 488 5910 ‘ibim
516 5851 711 5935 2537.
783 5852 1017 5910 'lPetr.
1052 5868 1135 5909 ιιι.
1172 5852 1259 5908 18.

1978 4701 2134 4770 Αρτ.;
2158 4699 2349 4770 quinta
2386 4697 2523 4756 feria
2564 4714 2661 4755 xm
2697 4699 2926 4766 diurna,
2967 4708 3238 4757 nocturna
3279 4717 3409 4759 vero
3436 4720 3553 4772 xiv,

1978 4808 2071 4849 xiv
2107 4792 2231 4846 Kal.
2263 4794 2434 4863 Apr.;
2470 4790 2805 4858 parasceve,
2850 4808 2939 4848 xtv
2987 4801 3291 4860 nocturna,
3320 4810 3408 4849 xiv
3429 4794 3551 4852 Kal.

1978 4885 2140 4954 Apu:
2165 4882 2499 4948 Sabbatum,
2526 4901 2592 4939 xv
2619 4893 2888 4939 nocturna
2912 4926 2929 4952 ‚
2965 4900 3042 4940 ιιι
3089 4884 3210 4940 Kal.
3257 4886 3424 4957 Apr.;
3455 4886 3552 4943 de-

1977 4990 2124 5029 mum
2178 4974 2456 5030 Dominica
2485 4975 2603 5033 dies
2632 4976 2831 5042 illuxit,
2874 4991 2999 5048 quae
3046 4977 3286 5042 inferos,
3315 4985 3549 5043 terram,

1972 5074 2137 5137 atque
2168 5069 2368 5122 coetum
2408 5084 2506 5123 sua
2537 5067 2659 5125 luce
2701 5069 3080 5134 collustravit,
3118 5077 3341 5140 propter
3365 5070 3549 5124 lunam

1974 5172 2044 5211 xv
2069 5157 2312 5227 solisque
2340 5173 2584 5215 cursum.
2609 5158 2748 5214 Tum
2769 5158 2920 5230 quod
2951 5160 3285 5215 resurrectio
3307 5168 3364 5217 et
3386 5161 3549 5232 aequi·

1973 5250 2215 5303 noctium
2261 5249 2315 5305 in
2356 5264 2409 5306 a.
2458 5251 2514 5307 d.
2548 5267 2599 5307 xi
2633 5250 2753 5306 Kal.
2784 5253 2914 5322 Apr.
2943 5252 3216 5307 incidunt.
3247 5250 3457 5318 Quibus
3480 5252 3551 5311 de

1973 5338 2154 5394 causis
2186 5340 2524 5407 hallucinati,
2555 5356 2668 5398 uuo
2689 5342 2779 5398 die
2818 5343 3121 5415 legitimum
3165 5353 3381 5413 tempus
3413 5360 3552 5415 prae-

1977 5433 2234 5503 tergressi
2270 5442 2432 5499 sunt,
2475 5444 2534 5491 ut
2577 5444 2706 5492 ante
2746 5436 3007 5492 diximus.
3045 5434 3355 5507 Supersunt
3399 5438 3547 5496 euim

1976 5537 2041 5578 ex
2066 5522 2283 5578 illorum
2305 5526 2613 5585 ratiociniis
2637 5528 2787 5585 borae
2826 5528 3035 5598 aliquot
3059 5527 3409 5599 appendices,
3427 5546 3548 5601 quae

1979 5615 2142 5670 tertio
2171 5630 2389 5688 quoque
2427 5633 2572 5675 anuo
2597 5619 2704 5676 diei
2727 5619 2871 5690 apud
2907 5620 3030 5676 isses
3055 5620 3219 5676 unius
3251 5620 3546 5676 discrimen

2843 5801 2866 5835 ⁴
2907 5802 3040 5859 ibid.
3075 5802 3130 5862 8.
3211 5803 3234 5836 ⁸
3272 5802 3403 5857 ibid.
3452 5801 3541 5857 Η.

2244 5798 2266 5831 ⁸
2295 5796 2452 5855 Joan.
2505 5816 2602 5865 vn,
2652 5799 2743 5857 37.
