3850 6517
312 423 375 482 tt
1731 406 2121 481 rttAErArto.
3476 404 3545 466 ¹⁸

314 543 567 603 uiutentis
599 556 822 616 aspersa
862 548 1029 600 sunt:
1064 548 1175 600 lum
1198 540 1514 602 eorumdem
1542 544 1757 600 inscitia
1790 557 2183 615 nonnunquam
2217 539 2545 598 hallucinari
2574 532 2923 611 interpretem
2961 551 3060 608 par
3097 540 3211 601 est,
3236 539 3292 588 et
3315 530 3549 588 abimus

307 642 440 696 artis
465 642 678 712 peritis,
713 649 898 696 contra
922 656 1086 711 quam
1112 642 1468 697 commissum
1514 639 1717 710 aliquid
1748 637 1933 703 luerit,
1965 637 2096 693 vitia
2129 637 2247 708 ipsa
2285 634 2637 706 deprehendi.
2666 631 2771 688 Sed
2810 639 2997 686 mutua
3030 628 3133 683 ista
3159 622 3444 693 castigatio
3464 637 3550 717 cr·-

304 733 468 801 roris,
488 742 546 788 et
570 732 971 788 animadversio
1001 734 1295 788 maximam
1326 729 1477 788 affert
1513 732 1894 788 communibus
1929 724 2120 786 litteris
2147 728 2434 784 utilitatem
2464 745 2475 778 :
2508 739 2572 778 ac
2602 738 2667 777 ne
2692 722 2741 776 ei
2772 719 2992 790 quidem
3019 757 3033 780 ,
3064 716 3156 786 qui
3185 711 3462 768 errat-erit.
3503 721 3549 763 st

301 837 366 882 se
400 825 679 880 hominem
723 834 906 880 natum
947 838 1070 880 esse
1098 826 1434 892 recordetur,
1469 825 1657 880 odiosa
1692 824 1862 879 videri
1891 825 1974 879 vel
2002 823 2188 892 iniqua
2212 821 2390 875 debet.
2434 816 2610 871 Movet
2642 827 2769 868 vero
2799 812 3119 880 plerosque.
3152 815 3313 874 atque
3346 801 3416 902 ab·
3450 800 3549 903 '⁸¹²⁶

301 916 524 986 publice
547 915 918 972 commodandi
944 918 1155 971 ratione
1201 916 1459 979 deterret,
1509 931 1620 970 non
1650 914 2000 984 reprehensio
2033 913 2241 968 erroris
2268 912 2385 980 ipsa
2410 948 2424 971 ,
2454 906 2547 962 sed
2576 900 2875 960 insultandi
2912 900 2965 952 in
2997 898 3171 951 aliena
3198 895 3355 995 eulpa
3384 891 3549 944 ltbulo

304 1007 555 1078 qnaedam
584 1007 832 1077 petulans
866 1022 931 1062 ac
954 1005 1178 1077 procax,
1209 1023 1329 1077 quae
1354 1015 1628 1075 utcunque
1658 1008 1745 1061 vel
1770 1005 2044 1061 levissima
2097 1004 2150 1058 in
2180 1017 2238 1057 re
2268 1001 2557 1056 titubatntu
2593 995 2733 1060 erit;
2764 998 2810 1048 sl
2838 989 2999 1045 unius
3028 984 3232 1040 toculae
3263 998 3343 1036 vts
3365 996 3433 1035 ac
3458 993 3551 1049 po·

309 1111 481 1158 testas
507 1103 848 1175 interpretem
884 1102 1103 1174 sugerit,
1135 1104 1214 1158 sic
1259 1103 1415 1173 qnasi
1448 1103 1581 1171 reip.
1614 1101 1763 1158 salus
1799 1110 2012 1173 agatur,
2052 1115 2167 1155 rem
2235 1098 2304 1153 ab
2333 1096 2564 1151 honesta
2608 1088 2951 1146 contentione
2979 1082 3047 1139 ad
3080 1078 3373 1136 illiberales
3406 1077 3552 1130 rixas
3591 1088 3602 1099 ·

311 1203 365 1246 ct
402 1192 662 1257 sordidas,
692 1194 760 1248 ad
809 1192 1142 1248 soedissimas
1197 1193 1521 1257 simultateS,
1552 1202 1715 1261 atque
1763 1191 1829 1245 ad
1873 1204 2233 1260 personarum
2274 1185 2507 1255 injurias
2546 1177 3011 1245 contumeliasque
3038 1168 3394 1226 transferunt.
3428 1163 3552 1218 llaec

308 1284 465 1353 igitur
497 1284 615 1353 ipsa
669 1283 830 1340 famae
879 1283 1213 1354 honorisque
1244 1285 1518 1355 proposita
1552 1285 1836 1339 dimicatio
1874 1284 2089 1353 quietos
2125 1291 2179 1336 et
2223 1279 2535 1334 moderatos
2569 1265 2853 1334 homines,
2890 1267 2981 1338 qui
3021 1262 3340 1319 nonnullum
3370 1268 3549 1361 tamen

303 1377 354 1430 in
407 1378 627 1446 publica
671 1379 777 1434 sibi
811 1375 1280 1434 commendatione
1324 1379 1573 1434 laborum
1610 1377 1844 1433 fructum
1877 1376 2257 1437 constituunt,
2304 1371 2562 1440 defugere
2596 1379 2815 1437 operam
2864 1362 3008 1416 illam
3048 1357 3304 1459 admonet
3337 1359 3585 1452 point-32·

300 1481 461 1535 qnam
491 1484 617 1524 cum
662 1471 882 1528 acribus
927 1483 979 1527 et
1009 1473 1349 1543 pugnacibus
1381 1472 1742 1535 adversariis,
1775 1481 1828 1526 et
1858 1471 1924 1526 ad
1958 1469 2164 1540 quaevis
2192 1464 2423 1521 dicenda
2453 1460 2836 1528 audientiaque
2869 1449 3229 1525 paratissimis
3263 1461 3316 1552 ιιι
3346 1440 3552 1513 pnertle

293 1568 573 1617 certamen
606 1562 957 1624 descendere.
984 1566 1112 1620 Mihi
1144 1581 1291 1632 vero,
1322 1582 1484 1636 quem
1536 1567 1601 1620 ad
1633 1566 1925 1621 sublimius
1954 1563 2211 1635 quiddam
2243 1570 2299 1616 ct
2336 1558 2576 1615 divinius
2606 1554 2841 1624 cogitata
2876 1546 3059 1605 omni&
3102 1541 3552 1644 C⁰n⁵3¹¹²q¹¹0ff²‘

296 1648 458 1715 serre,
516 1667 780 1726 susceptae
826 1659 948 1713 vitm
977 1661 1217 1715 rationes
1251 1660 1560 1723 hortantur,
1612 1670 1775 1730 atque
1817 1661 1933 1715 haec
1963 1657 2390 1713 vanissimorum
2431 1663 2484 1708 et
2524 1648 2991 1722 ineptissimorum
3023 1638 3308 1696 hominum
3350 1633 3552 1704 indicta

296 1750 668 1810 contemnere,
703 1761 802 1801 cur
822 1746 1116 1818 Epipltanii
1151 1750 1649 1819 interpretationem
1685 1765 1900 1805 vererer
1931 1750 2204 1818 attingere
2227 1788 2240 1812 ,
2277 1758 2448 1800 cansa
2485 1743 2540 1798 in
2562 1739 2755 1813 primis
2798 1738 2902 1793 ista
2931 1734 3033 1788 i'uit
3057 1750 3071 1786 t
3098 1727 3243 1800 quod
3276 1740 3399 1782 cum
3433 1724 3552 1826 len:

300 1839 413 1882 tum
443 1847 506 1887 ac
533 1833 849 1892 diuturnum
886 1838 1005 1894 fore
1031 1840 1308 1910 negotium
1338 1840 1474 1895 illud
1501 1841 1989 1895 animadverterem
2012 1879 2025 1901 ,
2063 1836 2401 1893 tantumdem
2437 1828 2910 1904 proestantioribus
2939 1823 3137 1881 studiis
3162 1821 3461 1876 detractum
3489 1828 3555 1868 trt

301 1923 559 1988 temporis
586 1940 887 1994 cernerem,
916 1941 1183 2001 quantum
1218 1932 1275 1986 in
1304 1948 1425 1987 eam
1459 1934 1875 2002 occupationem
1893 1940 2041 1988 esset
2083 1933 2440 1999 insumptum.
2475 1924 2780 1980 Accedebat
2809 1921 2876 1976 ad
2908 1930 3255 1975 communem
3294 1913 3556 1978 interpre-

298 2013 447 2066 tandi
485 2016 783 2074 molestiam
813 2024 1087 2094 praecipua
1114 2025 1360 2094 quaedam
1392 2028 1446 2080 in
1468 2026 1560 2081 illo
1590 2026 1856 2094 scriptore
1882 2024 2167 2080 difficultas
2195 2041 2208 2076 ε
2234 2021 2378 2092 quod
2405 2020 2678 2088 incompta
2705 2027 2758 2070 ct
2782 2014 3056 2070 salebrosa
3088 2021 3170 2065 cst
3189 2007 3337 2062 illius
3356 2002 3553 2063 oratic,

295 2115 351 2158 «εἰ
395 2107 448 2161 in
500 2126 607 2180 qua
658 2112 1101 2187 frequentissime
1156 2130 1450 2176 occurrunt
1479 2121 1568 2176 illa
1592 2162 1607 2185 ,
1641 2135 1766 2191 quae
1797 2118 1969 2174 Graeci
2007 2117 2343 2179 ἁναπόδοτα,
2390 2124 2441 2169 et
2487 2095 2822 2167 ἀνακόλουθα
2853 2107 3139 2162 nominant
3174 2120 3187 2157 t
3220 2100 3470 2172 pedestre
3492 2111 3554 2150 ac

298 2199 557 2266 populare
603 2204 823 2262 dicendi
866 2223 1055 2278 getius.
1116 2211 1270 2279 Quod
1301 2214 1415 2269 sive
1464 2215 1582 2284 pari
1627 2213 1903 2269 sermonis
1946 2209 2297 2280 simplicitate
2341 2206 2604 2275 consequi
2652 2199 2916 2264 volueris,
2951 2199 3273 2265 subagreste
3292 2188 3552 2262 quiddam

299 2292 520 2347 exsistet
553 2309 618 2350 ac
648 2298 896 2367 putidum
928 2319 940 2353 :
974 2303 1279 2371 cujusmodi
1310 2312 1438 2359 sunt
1462 2303 1651 2358 Latina
1681 2301 1795 2358 sere
1816 2301 2068 2357 Cornar'ti
2092 2340 2107 2362 ,
2134 2298 2293 2367 eujus
2322 2311 2422 2350 nos
2447 2286 2636 2361 utique
2657 2291 2869 2348 similes
2896 2301 3021 2343 esse
3049 2285 3311 2340 nolimus.
3342 2280 3440 2334 Sin
3462 2293 3555 2332 or-

302 2393 485 2439 natum
532 2398 695 2457 atque
744 2393 949 2447 cultum
1005 2395 1287 2462 adhibeaS,
1325 2397 1380 2452 id
1426 2397 1543 2452 sine
1576 2413 1773 2467 magna
1819 2395 2216 2452 sententiarum
2255 2391 2682 2448 commutatione
2725 2386 2974 2441 obtinere
3013 2383 3099 2438 rix
3147 2381 3347 2451 possis.
3371 2378 3555 2433 Altera

304 2487 470 2526 cansa
500 2485 585 2529 est
619 2479 765 2546 quod
792 2481 954 2536 iidem
985 2483 1061 2538 illi
1093 2483 1377 2556 Epiphanii
1407 2486 1532 2542 libri
1553 2486 1770 2542 mendis
1797 2501 1864 2541 ac
1895 2485 2128 2541 maculis
2160 2492 2370 2538 scatent
2398 2479 2699 2537 innumeris
2733 2497 2742 2530 :
2771 2493 2892 2547 quae
2922 2492 3027 2530 non
3067 2473 3225 2529 modo
3256 2471 3556 2542 infringunt

310 2559 622 2626 interpretis
654 2575 933 2633 conatum,
969 2573 1061 2625 sed
1086 2574 1155 2628 ad
1191 2576 1555 2632 divinationes
1585 2592 1649 2632 ac
1681 2575 2006 2631 temerarias
2050 2573 2322 2628 interdum
2350 2572 2700 2641 conjecturas
2731 2569 2960 2638 adigunt
2988 2566 3155 2620 :dum
3191 2578 3259 2618 ne
3286 2575 3555 2632 suspensa

313 2663 377 2700 ac
414 2650 602 2704 mutila
637 2657 906 2710 sententia
937 2659 1291 2727 relinquatur,
1350 2667 1599 2733 supplere
1629 2667 1795 2720 multa
1828 2667 1895 2722 de
1917 2681 2042 2730 suo,
2078 2673 2174 2720 aut
2196 2663 2354 2720 aliter
2392 2673 2556 2734 atque
2590 2661 2734 2717 edita
2760 2669 2923 2724 sunt,
2950 2656 3297 2713 conformare
3316 2653 3551 2724 cogitur.

305 2739 363 2790 ln
396 2756 506 2808 quo
537 2751 593 2797 ut
623 2754 929 2808 acute,non
953 2764 1127 2817 pauca
1158 2761 1211 2805 et
1240 2752 1466 2808 solerter
1488 2752 1745 2818 inveniat,
1783 2754 1992 2811 aberret
2026 2763 2208 2809 tamen
2238 2753 2538 2818 interdum,
2562 2765 2728 2820 seque
2764 2745 3241 2803 criminationibus
3277 2746 3509 2800 istorum
3532 2783 3548 2808 ,

296 2845 434 2897 qnos
467 2832 576 2887 dixi
596 2871 615 2899 ,
651 2847 709 2890 et
742 2837 1034 2894 calumniis
1083 2842 1324 2911 objiciat.
1362 2843 1497 2898 Vicit
1521 2845 1874 2901 nihilominus
1897 2848 2141 2916 privatas
2173 2848 2412 2902 rationes
2435 2845 2573 2899 benc
2599 2843 2665 2898 de
2696 2849 2749 2896 te
2771 2880 2788 2905 ,
2819 2837 3087 2895 catholice
3127 2835 3353 2899 Lector,
3382 2835 3556 2904 deque

298 2921 552 2982 Ecclesiae.
584 2941 759 2984 causa
813 2935 1054 2989 merendi
1087 2936 1349 2993 studium.
1410 2937 1550 2994 Vicit
1565 2954 1738 3003 novae,
1767 2939 2097 3012 jampridem
2126 2957 2157 2996 a
2194 2956 2281 2996 me
2315 2940 2445 2996 data
2484 2938 2618 2993 fides
2650 2933 2931 3000 editionis,
2964 2947 3029 2988 ac
3053 2930 3312 3002 promissi
3341 2929 3550 3000 religio.

301 3016 433 3073 Nam
467 3029 522 3075 et
553 3030 640 3077 tua
672 3033 832 3095 atque
859 3024 1115 3082 Ecclesiae
1158 3031 1468 3085 communis
1508 3031 1766 3086 intererat
1788 3069 1805 3094 ‚
1853 3046 1996 3102 opus
2036 3033 2166 3087 illud
2188 3073 2202 3096 ,
2229 3031 2373 3101 quod
2403 3030 2470 3084 ad
2503 3027 2788 3084 diluendas
2815 3025 3049 3080 baereses
3090 3038 3121 3077 a
3150 3019 3471 3093 gravissimo
3498 3031 3553 3077 et

297 3111 639 3168 sanctissimo
671 3113 831 3172 Patre
854 3116 1059 3175 Graeeis
1102 3128 1188 3175 est
1209 3120 1461 3186 editum,
1495 3122 1800 3192 quemlibet
1830 3125 2014 3194 potius
2048 3125 2402 3193 interpretem
2433 3121 2633 3176 habere
2674 3132 2840 3189 quam
2874 3114 3191 3172 haereticum
3222 3131 3235 3166 :
3268 3122 3319 3168 et
3357 3114 3423 3167 ad
3455 3129 3541 3168 re-

296 3202 465 3258 remis
496 3203 751 3261 editionis
779 3206 1131 3277 splendorem
1167 3208 1452 3275 attinebat,
1483 3213 1829 3266 commodius
1854 3210 2135 3281 aliquanto
2160 3250 2176 3276 ,
2218 3211 2401 3266 minus
2429 3218 2574 3265 certe
2594 3205 2825 3262 barbare
2853 3213 2909 3260 et
2933 3202 3219 3273 iniquitate
3242 3201 3551 3271 loquentem

296 3291 678 3365 Epiphanium,
721 3298 930 3357 Latinis
957 3302 1184 3360 auribus
1211 3319 1321 3358 non
1350 3313 1610 3375 suspecto
1638 3305 1708 3359 ab
1748 3313 1975 3360 auctore
1999 3304 2289 3359 committi.

373 3386 551 3444 Habes
571 3407 688 3460 quae
718 3393 854 3446 mihi
891 3409 1071 3448 eausae
1096 3393 1372 3448 tarditatis
1401 3391 1607 3448 suerint
1637 3410 1651 3445 ε
1688 3406 1965 3462 cognosce
2000 3410 2144 3450 nunc
2174 3402 2393 3450 caetera.
2427 3390 2793 3463 Epiphaniam
2826 3390 2922 3446 tibi
2964 3387 3161 3443 damus
3205 3387 3414 3456 integra
3445 3387 3552 3454 pri-

300 3493 447 3532 mum
476 3479 580 3534 tide
604 3496 669 3535 ex
697 3482 923 3538 vetustis
953 3483 1249 3549 codicibuS,
1291 3483 1468 3555 quoad
1499 3482 1676 3546 licuit,
1702 3485 2028 3554 castigatum
2066 3500 2130 3540 ac
2158 3485 2511 3539 recensitum.
2540 3481 2746 3536 llorum
2787 3482 3040 3552 princeps
3080 3477 3378 3534 vaticanus
3407 3475 3509 3530 i'uit
3534 3495 3547 3530 :

295 3572 453 3640 cnjus
501 3572 746 3630 diversas
782 3575 1044 3633 lectiones
1077 3577 1266 3632 Romae
1296 3576 1426 3631 olim
1470 3592 1502 3631 a
1548 3591 1606 3630 se
1637 3576 1897 3632 collectas
1933 3575 2001 3633 tt.
2037 3575 2100 3630 P.
2135 3577 2384 3632 Andreas
2414 3575 2707 3640 Schottus,
2744 3575 2862 3646 pari
2898 3573 2984 3628 vir
3011 3571 3352 3628 humanitate
3388 3578 3551 3641 atque

294 3664 601 3721 eruditione
635 3667 889 3736 praeditus
939 3669 1007 3723 ad
1055 3684 1141 3724 me
1178 3678 1372 3739 sponte
1400 3669 1572 3725 misit.
1618 3669 1693 3723 Ex
1720 3683 1832 3738 quo
1870 3670 2141 3739 permulta
2170 3679 2302 3726 sunt
2326 3685 2367 3728 *a
2393 3670 2554 3725 nohis
2574 3680 2879 3739 opportune
2902 3667 3174 3721 restituta.
3213 3663 3460 3719 Accessit
3486 3677 3549 3719 ex

294 3754 626 3813 bibliotheca
653 3759 798 3828 regis
835 3757 1296 3815 christianissimi
1327 3760 1685 3830 depromptus
1729 3760 1866 3815 alter
1887 3799 1902 3826 ,
1933 3774 2045 3830 quo
2077 3776 2201 3815 eum
2238 3759 2605 3816 Basileensem
2638 3758 2741 3827 ipsi
2766 3757 3121 3813 contulimus,
3154 3751 3229 3809 Ex
3267 3753 3551 3806 amborum

294 3847 637 3915 anctoritate,
681 3850 728 3904 si
785 3850 917 3920 quid
949 3852 1009 3904 in
1066 3857 1330 3904 contextu
1371 3849 1490 3914 ipso
1519 3859 1790 3903 mutatum
1834 3853 2093 3922 reperies,
2117 3853 2258 3908 scito
2285 3869 2407 3908 esse
2431 3850 2753 3922 profectum.
2793 3847 3023 3917 Reliqua
3045 3886 3060 3912 ,
3089 3861 3212 3916 quae
3246 3859 3314 3898 ex
3346 3841 3549 3912 judicio

292 3939 590 3994 emendare
633 3937 794 3994 facile
817 3937 1117 4005 potuimuS‚
1146 3943 1270 3989 utut
1293 3947 1446 3990 erant
1474 3937 1528 3992 in
1555 3937 1871 4007 Basileensi,
1900 3944 2226 4015 reliquimus
2255 3962 2269 3997 ε
2304 3952 2467 4012 atque
2505 3943 2571 3998 ad
2597 3956 2752 3997 oram
2780 3940 2895 3998 fere
2919 3939 3240 4011 paginarum
3274 3934 3544 4004 conjectu·

298 4042 419 4078 ram
456 4035 707 4079 nostram
739 4022 1114 4091 ascripsimus,
1151 4023 1400 4095 quaedam
1432 4026 1486 4082 in
1529 4028 2027 4090 animadversiones
2071 4034 2427 4105 conjecimus.
2466 4034 2599 4088 Nam
2624 4042 2679 4087 et
2712 4029 3280 4088 animadversionibus
3301 4025 3543 4088 nostris,

307 4118 420 4170 hoe
455 4121 542 4170 est
564 4112 900 4183 plenioribus
955 4115 1098 4173 notis
1128 4132 1194 4172 ac
1220 4132 1392 4189 prope
1418 4125 1850 4190 commentariis,
1884 4120 2253 4197 Epiphanium
2285 4127 2637 4182 illustriorem
2672 4124 3029 4181 reddidimus.
3065 4121 3124 4176 ln
3146 4121 3353 4192 quibus
3372 4134 3549 4188 qnan-

311 4218 425 4261 tum
463 4222 494 4261 a
519 4224 608 4264 me
644 4210 717 4265 sit
743 4208 1098 4276 elaboratum,
1137 4221 1401 4282 quantum
1427 4231 1496 4270 ex
1534 4216 1857 4276 melioribus
1887 4219 2195 4276 derivatum
2218 4218 2439 4284 studiis,
2477 4235 2545 4274 ex
2581 4217 2785 4289 reipsa
2820 4215 3038 4271 facilius
3063 4228 3230 4286 quam
3267 4226 3385 4267 mea
3421 4225 3549 4264 ora-

310 4300 452 4352 tione
496 4301 816 4372 perspicies.
864 4301 1002 4358 utud
1044 4303 1264 4372 quidem
1317 4307 1709 4374 providendum
1738 4311 2019 4377 duximuS,
2067 4324 2127 4366 ut
2170 4327 2237 4366 ne
2265 4312 2430 4367 aridae
2456 4326 2518 4366 ac
2548 4311 2751 4380 jejunae
2770 4309 2936 4364 nimis
2960 4319 3167 4371 essent,
3196 4315 3251 4360 et
3272 4303 3541 4358 variat-nm

303 4387 592 4445 lectionum
621 4393 791 4449 exiles
817 4394 1064 4464 quaedam
1093 4403 1234 4450 notae
1259 4413 1272 4449 :
1302 4397 1396 4451 sed
1431 4398 1642 4467 siquod
1683 4399 1909 4455 uberius
1936 4401 2078 4472 apud
2104 4400 2466 4472 Epiphaniam
2492 4409 2637 4456 esset
2676 4405 3059 4470 argumentum
3081 4410 3100 4461 ;
3125 4393 3172 4450 si
3205 4407 3313 4462 qua
3348 4391 3534 4461 paulu-

300 4478 411 4532 lum
442 4479 674 4551 insignis
702 4484 957 4554 quaestio,
990 4484 1150 4553 cujus
1177 4484 1467 4542 difficultas
1495 4503 1621 4542 cum
1657 4487 1891 4544 utilitate
1919 4497 2181 4556 certaret,
2219 4505 2286 4544 ea
2319 4505 2421 4544 nos
2462 4504 2560 4557 pro
2592 4501 2693 4542 usu
2724 4496 2992 4557 captuque
3014 4492 3202 4539 nostro
3230 4481 3454 4535 liberius
3480 4494 3544 4535 ac

297 4572 549 4631 diffusius
581 4579 950 4634 tractavimus.
971 4577 1093 4645 Quo
1126 4580 1179 4633 in
1211 4594 1407 4649 genere
1441 4583 1611 4635 multa
1639 4580 1749 4636 illic
1775 4583 1942 4638 habes
1970 4582 2037 4640 de
2057 4583 2265 4639 Natalis
2289 4584 2492 4640 Christi
2522 4593 2576 4638 et
2615 4582 2892 4639 Passionis
2920 4594 3065 4634 anno
3092 4591 3157 4632 ae
3192 4577 3277 4631 die
3310 4577 3412 4630 :de
3438 4573 3543 4628 Pa-

298 4666 471 4721 schali
495 4683 702 4734 mense,
726 4670 792 4725 de
809 4667 1121 4725 snuaeorum
1144 4671 1321 4742 cyclo,
1354 4671 1420 4726 de
1445 4672 1672 4741 antiquo
1703 4674 2031 4742 poenitentiae
2072 4677 2199 4741 ritu,
2224 4677 2291 4730 de
2313 4673 2599 4728 Sirmiensi
2624 4682 2680 4726 et
2704 4673 2996 4740 Ancyrano
3024 4666 3294 4729 conciliis,
3316 4667 3383 4721 de
3407 4682 3548 4720 uon-.

301 4760 467 4815 nullis
508 4763 701 4817 veteris
734 4762 988 4817 Ecclesiae
1016 4763 1281 4829 moribus,
1313 4763 1380 4818 de
1419 4763 1789 4820 Romanorum
1816 4766 2063 4837 imperat.
2088 4766 2474 4836 chronologia,
2500 4773 2553 4819 et
2587 4764 2635 4819 id
2666 4777 2837 4834 genus
2860 4759 2982 4814 aliis
3009 4757 3293 4829 explicata.
3323 4757 3454 4823 Quae
3495 4766 3539 4816 si

301 4852 550 4920 longiora
582 4852 920 4916 videbuntur,
967 4853 1091 4907 licet
1118 4853 1578 4922 disputationibus
1597 4857 1728 4913 iisee
1757 4858 2064 4927 praeteritis,
2094 4874 2327 4927 quarum
2357 4858 2561 4912 ideirco
2592 4856 2804 4912 titulum
2832 4852 3148 4925 paginarum
3178 4852 3349 4908 initiis
3370 4855 3538 4906 ascri·-

301 4943 533 5010 psimus,
580 4960 644 4998 ea
687 4946 935 5018 deligere,
969 4961 1093 5017 quae
1152 4946 1216 5001 ad
1273 4945 1633 5018 Epiphanium
1691 4949 1809 5005 sine
1858 4948 2156 5005 offensione
2199 4949 2621 5020 percurrendum
2658 4947 2966 5004 necessario
2999 4947 3357 5018 praecipienda
3391 4957 3536 5009 sunt,

303 5034 620 5107 Quanquam
650 5038 919 5109 ejusmodi
945 5040 1056 5097 scre
1080 5036 1171 5095 illa
1205 5056 1329 5096 esse
1358 5056 1674 5112 cognosces,
1712 5055 1770 5098 ut
1794 5060 2192 5113 supervacanea
2222 5055 2316 5098 aut
2354 5042 2531 5096 alieno
2567 5029 2740 5110 posita
2778 5041 2895 5097 loeo
2934 5039 3107 5096 videri
3143 5047 3431 5106 nequeant.
3463 5038 3536 5095 lta

305 5128 622 5200 plerumque
645 5131 960 5200 perplexum
987 5140 1150 5201 atque
1177 5147 1377 5203 anceps
1398 5141 1502 5197 est,
1528 5135 1672 5203 quod
1692 5135 1761 5189 ab
1809 5134 2113 5205 Epiphanio
2141 5135 2483 5207 proponitur,
2514 5132 2915 5204 argumentum,
2952 5140 3009 5185 ιιι
3037 5129 3104 5184 ad
3132 5127 3536 5200 intelligentiam

303 5221 386 5275 sui
416 5221 694 5292 aliquanto
726 5224 887 5279 etiarn
923 5223 1079 5293 plura
1111 5240 1274 5295 quam
1305 5241 1333 5279 a
1370 5224 1527 5281 nobis
1549 5236 1677 5283 sunt
1705 5229 1865 5284 allata
1904 5229 2193 5286 desideret.

375 5311 506 5368 lllud
538 5329 663 5369 vero
694 5323 969 5384 postremo
1002 5316 1068 5369 ad
1093 5312 1375 5385 Epiphanii
1406 5317 1782 5374 tractationem
1811 5320 2161 5375 commodum
2193 5318 2457 5381 accessit,
2485 5327 2563 5381 ut,
2596 5317 2854 5388 quoniam
2900 5314 3171 5385 longiores
3197 5314 3530 5384 singularum

305 5406 570 5460 haeresum
603 5405 998 5475 disputationes
1025 5416 1258 5474 sunt,ac
1288 5417 1546 5479 perpetuo
1579 5424 1741 5465 cursu
1779 5410 2063 5474 orationis,
2127 5412 2243 5466 sine
2296 5408 2401 5463 ulla
2453 5406 2888 5475 interspiratione
2916 5420 2980 5460 ac
3022 5405 3369 5462 distinctione
3403 5421 3534 5457 eon-

305 5505 488 5562 texta·,
513 5506 688 5553 certas
719 5497 774 5552 in
796 5507 997 5569 partes,
1022 5515 1086 5555 ac
1113 5499 1273 5555 veluti
1308 5500 1484 5568 capita
1520 5500 1766 5554 haeresim
1797 5516 2238 5573 unamquamque
2267 5501 2627 5554 tribuet-entus
2660 5516 2672 5551 :
2706 5499 2903 5568 quibus
2934 5501 3237 5556 numerales
3278 5499 3344 5553 ad
3378 5514 3529 5552 oratu

303 5596 465 5642 notas
513 5589 879 5658 apposuimus.
931 5589 1064 5657 Qum
1104 5607 1191 5645 res
1226 5605 1332 5644 non
1381 5592 1670 5658 legentium
1700 5591 1875 5645 solnm
1910 5593 2185 5649 fastidiunt
2217 5592 2538 5656 sublevabit,
2568 5591 2660 5647 sed
2689 5591 2757 5646 ad
2789 5593 3001 5649 citanda
3030 5592 3339 5649 testimonia
3370 5605 3526 5644 eutu-

305 5679 496 5750 primis
527 5680 630 5734 erit
676 5679 942 5749 expedita.
977 5678 1113 5734 Natu
1149 5681 1360 5750 quoties
1388 5696 1453 5733 ex
1492 5680 1672 5748 aliqua
1702 5679 1984 5750 Epipltanii
2015 5682 2218 5737 llaeresi
2255 5687 2549 5737 auctoritas
2571 5682 2921 5753 producitur,
2949 5687 2994 5740 si
3031 5687 3172 5738 illam
3192 5724 3206 5747 ,
3240 5682 3313 5734 uti
3340 5682 3415 5745 tit,
3441 5695 3529 5732 re-

305 5791 353 5826 ct
377 5789 639 5843 gnoscere
661 5774 921 5836 volut-ris,
953 5782 1063 5827 tota
1096 5774 1212 5832 tihi.
1247 5789 1366 5841 qnae
1392 5788 1780 5842 nonnunquam
1815 5782 1894 5828 rst
1931 5775 2214 5842 immensa,
2248 5775 2606 5845 1›‹.·t·volt·onda
2641 5777 2933 5846 disputatio
2967 5787 3066 5832 est.
3098 5774 3250 5827 Nunc
3279 5783 3526 5827 notarum
