<?xml version="1.0" encoding="UTF-8"?>
<!DOCTYPE html PUBLIC "-//W3C//DTD XHTML 1.0 Transitional//EN"
    "http://www.w3.org/TR/xhtml1/DTD/xhtml1-transitional.dtd">
<html xmlns="http://www.w3.org/1999/xhtml" xml:lang="en" lang="en">
 <head>
  <title>
</title>
<meta http-equiv="Content-Type" content="text/html;charset=utf-8" />
  <meta name='ocr-system' content='tesseract 3.04.00' />
  <meta name='ocr-capabilities' content='ocr_page ocr_carea ocr_par ocr_line ocrx_word'/>
</head>
<body>
  <div class='ocr_page' id='page_1' title='image "./patrologicursus108migngoog_0140.png"; bbox 0 0 3850 6517; ppageno 0'>
   <div class='ocr_carea' id='block_1_1' title="bbox 211 456 312 532">
    <p class='ocr_par' dir='ltr' id='par_1_1' title="bbox 211 456 312 532">
     <span class='ocr_line' id='line_1_1' title="bbox 211 456 312 532; baseline 0.02 -2"><span class='ocrx_word' id='word_1_1' title='bbox 211 456 312 532; x_wconf 61' lang='lat'>2³53</span> 
     </span>
    </p>
   </div>
   <div class='ocr_carea' id='block_1_2' title="bbox 911 444 2750 526">
    <p class='ocr_par' dir='ltr' id='par_1_2' title="bbox 911 444 2750 526">
     <span class='ocr_line' id='line_1_2' title="bbox 911 444 2750 526; baseline -0.002 -2"><span class='ocrx_word' id='word_1_2' title='bbox 911 444 1278 526; x_wconf 69' lang='lat' dir='ltr'>Anvssi‘tsus</span> <span class='ocrx_word' id='word_1_3' title='bbox 1317 467 1658 525; x_wconf 73' lang='lat' dir='ltr'>nAEunses</span> <span class='ocrx_word' id='word_1_4' title='bbox 1696 468 1824 524; x_wconf 67' lang='lat' dir='ltr'>uin.</span> <span class='ocrx_word' id='word_1_5' title='bbox 1866 468 1906 522; x_wconf 85' lang='grc' dir='ltr'>ι.</span> <span class='ocrx_word' id='word_1_6' title='bbox 1951 466 2114 523; x_wconf 77' lang='lat' dir='ltr'>rou.</span> <span class='ocrx_word' id='word_1_7' title='bbox 2158 468 2196 521; x_wconf 91' lang='lat' dir='ltr'>l.</span> <span class='ocrx_word' id='word_1_8' title='bbox 2235 498 2307 508; x_wconf 91' lang='lat'><em>-</em></span> <span class='ocrx_word' id='word_1_9' title='bbox 2342 466 2617 525; x_wconf 74' lang='lat' dir='ltr'>nAEans.</span> <span class='ocrx_word' id='word_1_10' title='bbox 2663 468 2750 522; x_wconf 76' lang='lat' dir='ltr'>xi.</span> 
     </span>
    </p>
   </div>
   <div class='ocr_carea' id='block_1_3' title="bbox 3357 473 3468 531">
    <p class='ocr_par' dir='ltr' id='par_1_3' title="bbox 3357 473 3468 531">
     <span class='ocr_line' id='line_1_3' title="bbox 3357 473 3468 531; baseline -0.027 0"><span class='ocrx_word' id='word_1_11' title='bbox 3357 473 3468 531; x_wconf 65' lang='lat'>23⁸</span> 
     </span>
    </p>
   </div>
   <div class='ocr_carea' id='block_1_4' title="bbox 210 579 3464 661">
    <p class='ocr_par' dir='ltr' id='par_1_4' title="bbox 210 579 3464 661">
     <span class='ocr_line' id='line_1_4' title="bbox 210 579 3464 661; baseline -0 -18"><span class='ocrx_word' id='word_1_12' title='bbox 210 585 618 661; x_wconf 75' lang='grc' dir='ltr'>Σκηνοπηγίαν.</span> <span class='ocrx_word' id='word_1_13' title='bbox 669 586 869 658; x_wconf 84' lang='grc' dir='ltr'>ᾯκουν</span> <span class='ocrx_word' id='word_1_14' title='bbox 900 585 958 641; x_wconf 79' lang='grc' dir='ltr'>δὲ</span> <span class='ocrx_word' id='word_1_15' title='bbox 989 589 1038 642; x_wconf 78' lang='grc' dir='ltr'>οἱ</span> <span class='ocrx_word' id='word_1_16' title='bbox 1085 579 1330 640; x_wconf 78' lang='grc' dir='ltr'>Ἰουδαῖοι</span> <span class='ocrx_word' id='word_1_17' title='bbox 1371 581 1781 658; x_wconf 67' lang='grc' dir='ltr'><strong>διεσπαρμένοι,</strong></span> <span class='ocrx_word' id='word_1_18' title='bbox 1813 593 1859 647; x_wconf 79' lang='grc' dir='ltr'><strong>Α</strong></span> <span class='ocrx_word' id='word_1_19' title='bbox 1885 595 1993 655; x_wconf 81' lang='lat' dir='ltr'>quc</span> <span class='ocrx_word' id='word_1_20' title='bbox 2025 599 2122 655; x_wconf 88' lang='lat' dir='ltr'>per</span> <span class='ocrx_word' id='word_1_21' title='bbox 2147 583 2392 640; x_wconf 74' lang='lat' dir='ltr'>Judaeam</span> <span class='ocrx_word' id='word_1_22' title='bbox 2418 600 2482 640; x_wconf 88' lang='lat' dir='ltr'>ac</span> <span class='ocrx_word' id='word_1_23' title='bbox 2512 583 2816 640; x_wconf 78' lang='lat' dir='ltr'>Samariam</span> <span class='ocrx_word' id='word_1_24' title='bbox 2846 584 3017 641; x_wconf 79' lang='lat' dir='ltr'>Juda‘i</span> <span class='ocrx_word' id='word_1_25' title='bbox 3037 584 3273 658; x_wconf 75' lang='lat' dir='ltr'>sparsim</span> <span class='ocrx_word' id='word_1_26' title='bbox 3304 585 3464 642; x_wconf 84' lang='lat' dir='ltr'>habi·</span> 
     </span>
    </p>
   </div>
   <div class='ocr_carea' id='block_1_5' title="bbox 205 676 1790 1563">
    <p class='ocr_par' dir='ltr' id='par_1_5' title="bbox 205 676 1790 1563">
     <span class='ocr_line' id='line_1_5' title="bbox 210 676 1784 750; baseline -0.001 -17"><span class='ocrx_word' id='word_1_27' title='bbox 210 681 304 736; x_wconf 64' lang='grc' dir='ltr'>και</span> <span class='ocrx_word' id='word_1_28' title='bbox 341 683 398 734; x_wconf 84' lang='grc' dir='ltr'>ὲν</span> <span class='ocrx_word' id='word_1_29' title='bbox 433 682 548 744; x_wconf 82' lang='grc' dir='ltr'>τοῖς</span> <span class='ocrx_word' id='word_1_30' title='bbox 586 677 821 750; x_wconf 83' lang='grc' dir='ltr'>τέρμασι</span> <span class='ocrx_word' id='word_1_31' title='bbox 858 678 959 748; x_wconf 81' lang='grc' dir='ltr'>τῆς</span> <span class='ocrx_word' id='word_1_32' title='bbox 1010 676 1267 741; x_wconf 78' lang='grc' dir='ltr'>Ἰουδαίας</span> <span class='ocrx_word' id='word_1_33' title='bbox 1308 677 1403 731; x_wconf 75' lang='grc' dir='ltr'>καὶ</span> <span class='ocrx_word' id='word_1_34' title='bbox 1450 677 1784 748; x_wconf 74' lang='grc' dir='ltr'><strong>Σαμαρείας.</strong></span> 
     </span>
     <span class='ocr_line' id='line_1_6' title="bbox 208 768 1788 843; baseline -0.002 -17"><span class='ocrx_word' id='word_1_35' title='bbox 208 771 500 826; x_wconf 77' lang='grc' dir='ltr'>Συνέὸαινε</span> <span class='ocrx_word' id='word_1_36' title='bbox 556 771 613 824; x_wconf 75' lang='grc' dir='ltr'>δὲ</span> <span class='ocrx_word' id='word_1_37' title='bbox 672 770 857 832; x_wconf 81' lang='grc' dir='ltr'>αὐτοῖς</span> <span class='ocrx_word' id='word_1_38' title='bbox 917 768 1006 822; x_wconf 87' lang='grc' dir='ltr'>διὰ</span> <span class='ocrx_word' id='word_1_39' title='bbox 1060 769 1169 823; x_wconf 84' lang='grc' dir='ltr'>τῶν</span> <span class='ocrx_word' id='word_1_40' title='bbox 1225 770 1630 843; x_wconf 79' lang='grc' dir='ltr'>Σαμαρειτὶδων</span> <span class='ocrx_word' id='word_1_41' title='bbox 1689 769 1788 842; x_wconf 75' lang='grc' dir='ltr'>τὴν</span> 
     </span>
     <span class='ocr_line' id='line_1_7' title="bbox 207 859 1787 934; baseline -0.001 -19"><span class='ocrx_word' id='word_1_42' title='bbox 207 861 524 934; x_wconf 77' lang='grc' dir='ltr'>ὁδοιπορίαν</span> <span class='ocrx_word' id='word_1_43' title='bbox 562 859 871 922; x_wconf 79' lang='grc' dir='ltr'>ποιεῖσθαι,</span> <span class='ocrx_word' id='word_1_44' title='bbox 920 860 1291 931; x_wconf 77' lang='grc' dir='ltr'>διερχομένοις</span> <span class='ocrx_word' id='word_1_45' title='bbox 1330 863 1410 926; x_wconf 78' lang='grc' dir='ltr'>εἰς</span> <span class='ocrx_word' id='word_1_46' title='bbox 1451 860 1551 932; x_wconf 75' lang='grc' dir='ltr'>τὴν</span> <span class='ocrx_word' id='word_1_47' title='bbox 1590 861 1787 932; x_wconf 80' lang='grc' dir='ltr'>Ἰερου-</span> 
     </span>
     <span class='ocr_line' id='line_1_8' title="bbox 209 945 1790 1023; baseline -0.001 -18"><span class='ocrx_word' id='word_1_48' title='bbox 209 952 414 1023; x_wconf 78' lang='grc' dir='ltr'>σαλήμ.</span> <span class='ocrx_word' id='word_1_49' title='bbox 471 951 622 1005; x_wconf 76' lang='grc' dir='ltr'>Ἐπεὶ</span> <span class='ocrx_word' id='word_1_50' title='bbox 680 945 773 1004; x_wconf 82' lang='grc' dir='ltr'>οὖν</span> <span class='ocrx_word' id='word_1_51' title='bbox 823 950 1220 1022; x_wconf 80' lang='grc' dir='ltr'>συνετύγχανον</span> <span class='ocrx_word' id='word_1_52' title='bbox 1270 952 1329 1004; x_wconf 83' lang='grc' dir='ltr'>ὲν</span> <span class='ocrx_word' id='word_1_53' title='bbox 1370 950 1451 1004; x_wconf 74' lang='grc' dir='ltr'>ἑνὶ</span> <span class='ocrx_word' id='word_1_54' title='bbox 1503 950 1678 1022; x_wconf 83' lang='grc' dir='ltr'>καιρῷ</span> <span class='ocrx_word' id='word_1_55' title='bbox 1727 951 1790 1004; x_wconf 84' lang='grc' dir='ltr'>τὸ</span> 
     </span>
     <span class='ocr_line' id='line_1_9' title="bbox 205 1040 1790 1115; baseline -0.003 -16"><span class='ocrx_word' id='word_1_56' title='bbox 205 1043 481 1115; x_wconf 76' lang='grc' dir='ltr'>ἄθροισμα</span> <span class='ocrx_word' id='word_1_57' title='bbox 528 1041 744 1110; x_wconf 77' lang='grc' dir='ltr'>ἔχοντες</span> <span class='ocrx_word' id='word_1_58' title='bbox 786 1040 880 1095; x_wconf 82' lang='grc' dir='ltr'>τοῦ</span> <span class='ocrx_word' id='word_1_59' title='bbox 927 1041 1225 1112; x_wconf 74' lang='grc' dir='ltr'>ἑορτάζειν,</span> <span class='ocrx_word' id='word_1_60' title='bbox 1261 1040 1507 1097; x_wconf 77' lang='grc' dir='ltr'>ἐντεῦθεν</span> <span class='ocrx_word' id='word_1_61' title='bbox 1539 1041 1790 1113; x_wconf 83' lang='grc' dir='ltr'>συμπλη-</span> 
     </span>
     <span class='ocr_line' id='line_1_10' title="bbox 207 1127 1786 1203; baseline 0.001 -19"><span class='ocrx_word' id='word_1_62' title='bbox 207 1131 372 1200; x_wconf 86' lang='grc' dir='ltr'>γάδες</span> <span class='ocrx_word' id='word_1_63' title='bbox 403 1130 662 1198; x_wconf 79' lang='grc' dir='ltr'>ἐγίνοντο.</span> <span class='ocrx_word' id='word_1_64' title='bbox 702 1127 866 1182; x_wconf 79' lang='grc' dir='ltr'>Ἀλλὰ</span> <span class='ocrx_word' id='word_1_65' title='bbox 894 1129 990 1184; x_wconf 68' lang='grc' dir='ltr'>καὶ</span> <span class='ocrx_word' id='word_1_66' title='bbox 1010 1131 1098 1182; x_wconf 82' lang='grc' dir='ltr'>ὅτε</span> <span class='ocrx_word' id='word_1_67' title='bbox 1124 1129 1389 1200; x_wconf 74' lang='grc' dir='ltr'>ᾠκοδόμει</span> <span class='ocrx_word' id='word_1_68' title='bbox 1416 1130 1651 1200; x_wconf 82' lang='grc' dir='ltr'>Ἔσδρας</span> <span class='ocrx_word' id='word_1_69' title='bbox 1675 1131 1786 1203; x_wconf 69' lang='grc'>(74)</span> 
     </span>
     <span class='ocr_line' id='line_1_11' title="bbox 209 1219 1786 1292; baseline -0.001 -18"><span class='ocrx_word' id='word_1_70' title='bbox 209 1222 309 1290; x_wconf 78' lang='grc' dir='ltr'>τὴν</span> <span class='ocrx_word' id='word_1_71' title='bbox 353 1219 712 1292; x_wconf 81' lang='grc' dir='ltr'>Ἰερουσαλὴμ</span> <span class='ocrx_word' id='word_1_72' title='bbox 748 1220 889 1290; x_wconf 78' lang='grc' dir='ltr'>μετὰ</span> <span class='ocrx_word' id='word_1_73' title='bbox 922 1221 1021 1292; x_wconf 75' lang='grc' dir='ltr'>τὴν</span> <span class='ocrx_word' id='word_1_74' title='bbox 1056 1223 1121 1274; x_wconf 84' lang='grc' dir='ltr'>ὲκ</span> <span class='ocrx_word' id='word_1_75' title='bbox 1165 1219 1482 1284; x_wconf 77' lang='grc' dir='ltr'>Βαόυλῶνος</span> <span class='ocrx_word' id='word_1_76' title='bbox 1512 1220 1786 1286; x_wconf 78' lang='grc' dir='ltr'>ἐπάνοδον,</span> 
     </span>
     <span class='ocr_line' id='line_1_12' title="bbox 209 1297 1788 1385; baseline 0.001 -20"><span class='ocrx_word' id='word_1_77' title='bbox 209 1311 559 1376; x_wconf 79' lang='grc' dir='ltr'>ἀξιωσάντων</span> <span class='ocrx_word' id='word_1_78' title='bbox 590 1308 702 1364; x_wconf 85' lang='grc' dir='ltr'>τῶν</span> <span class='ocrx_word' id='word_1_79' title='bbox 734 1297 1092 1384; x_wconf 75' lang='grc' dir='ltr'>Σαμαρειτῶν</span> <span class='ocrx_word' id='word_1_80' title='bbox 1133 1311 1509 1366; x_wconf 82' lang='grc' dir='ltr'>συνεπιδοῦναι</span> <span class='ocrx_word' id='word_1_81' title='bbox 1539 1313 1788 1385; x_wconf 81' lang='grc' dir='ltr'>βοήθειαν</span> 
     </span>
     <span class='ocr_line' id='line_1_13' title="bbox 222 1399 1786 1475; baseline 0.003 -20"><span class='ocrx_word' id='word_1_82' title='bbox 222 1399 521 1465; x_wconf 72' lang='grc' dir='ltr'>Ἰουδαίοις,</span> <span class='ocrx_word' id='word_1_83' title='bbox 564 1399 660 1454; x_wconf 68' lang='grc' dir='ltr'>καὶ</span> <span class='ocrx_word' id='word_1_84' title='bbox 698 1401 1172 1474; x_wconf 80' lang='grc' dir='ltr'>συνοικοδομῆσαι,</span> <span class='ocrx_word' id='word_1_85' title='bbox 1204 1402 1221 1433; x_wconf 84' lang='lat'>¹</span> <span class='ocrx_word' id='word_1_86' title='bbox 1270 1402 1659 1475; x_wconf 82' lang='grc' dir='ltr'>ἐπετράπησαν</span> <span class='ocrx_word' id='word_1_87' title='bbox 1696 1405 1786 1459; x_wconf 79' lang='grc' dir='ltr'>ὑπ’</span> 
     </span>
     <span class='ocr_line' id='line_1_14' title="bbox 209 1489 1504 1563; baseline 0.002 -19"><span class='ocrx_word' id='word_1_88' title='bbox 209 1489 376 1545; x_wconf 79' lang='grc' dir='ltr'>αὐτοῦ</span> <span class='ocrx_word' id='word_1_89' title='bbox 406 1490 518 1562; x_wconf 82' lang='grc'>(75)</span> <span class='ocrx_word' id='word_1_90' title='bbox 548 1507 608 1544; x_wconf 86' lang='grc' dir='ltr'>τε</span> <span class='ocrx_word' id='word_1_91' title='bbox 638 1490 734 1544; x_wconf 81' lang='grc' dir='ltr'>τοῦ</span> <span class='ocrx_word' id='word_1_92' title='bbox 762 1492 965 1563; x_wconf 85' lang='grc' dir='ltr'>Ἕσδρα</span> <span class='ocrx_word' id='word_1_93' title='bbox 994 1493 1087 1545; x_wconf 71' lang='grc' dir='ltr'>καὶ</span> <span class='ocrx_word' id='word_1_94' title='bbox 1118 1490 1211 1545; x_wconf 82' lang='grc' dir='ltr'>τοῦ</span> <span class='ocrx_word' id='word_1_95' title='bbox 1243 1492 1504 1563; x_wconf 79' lang='grc' dir='ltr'>Νεεμίου.</span> 
     </span>
    </p>
   </div>
   <div class='ocr_carea' id='block_1_6' title="bbox 591 1587 1418 1672">
    <p class='ocr_par' dir='ltr' id='par_1_6' title="bbox 591 1587 1418 1672">
     <span class='ocr_line' id='line_1_15' title="bbox 591 1587 1418 1672; baseline 0.001 -19"><span class='ocrx_word' id='word_1_96' title='bbox 591 1587 780 1654; x_wconf 70' lang='grc' dir='ltr'><strong>’ΚΑΤΑ</strong></span> <span class='ocrx_word' id='word_1_97' title='bbox 819 1602 1203 1655; x_wconf 57' lang='lat' dir='ltr'>tenemus*</span> <span class='ocrx_word' id='word_1_98' title='bbox 1282 1602 1418 1672; x_wconf 76' lang='grc'>(76),</span> 
     </span>
    </p>
   </div>
   <div class='ocr_carea' id='block_1_7' title="bbox 213 1711 1790 1852">
    <p class='ocr_par' dir='ltr' id='par_1_7' title="bbox 213 1711 1790 1852">
     <span class='ocr_line' id='line_1_16' title="bbox 213 1711 1790 1785; baseline 0.003 -20"><span class='ocrx_word' id='word_1_99' title='bbox 213 1711 466 1781; x_wconf 80' lang='grc' dir='ltr'>Δευτέρα</span> <span class='ocrx_word' id='word_1_100' title='bbox 511 1712 744 1781; x_wconf 72' lang='grc' dir='ltr'>αἵρεσις</span> <span class='ocrx_word' id='word_1_101' title='bbox 785 1713 903 1767; x_wconf 79' lang='grc' dir='ltr'>ἀπὸ</span> <span class='ocrx_word' id='word_1_102' title='bbox 950 1712 1343 1782; x_wconf 73' lang='grc' dir='ltr'>Σαμαρειτῶν,</span> <span class='ocrx_word' id='word_1_103' title='bbox 1388 1713 1673 1785; x_wconf 71' lang='grc' dir='ltr'>ἑνδεκάτη</span> <span class='ocrx_word' id='word_1_104' title='bbox 1719 1715 1790 1770; x_wconf 70' lang='grc' dir='ltr'>δὲ</span> 
     </span>
     <span class='ocr_line' id='line_1_17' title="bbox 776 1782 1223 1852; baseline 0.002 -17"><span class='ocrx_word' id='word_1_105' title='bbox 776 1782 850 1852; x_wconf 77' lang='grc' dir='ltr'>τῇ</span> <span class='ocrx_word' id='word_1_106' title='bbox 874 1783 1223 1850; x_wconf 76' lang='grc' dir='ltr'>ἀκολουθίᾳ.</span> 
     </span>
    </p>
   </div>
   <div class='ocr_carea' id='block_1_8' title="bbox 1888 674 3465 1384">
    <p class='ocr_par' dir='ltr' id='par_1_8' title="bbox 1888 674 3465 1384">
     <span class='ocr_line' id='line_1_18' title="bbox 1889 674 3465 748; baseline 0.002 -20"><span class='ocrx_word' id='word_1_107' title='bbox 1889 682 2092 739; x_wconf 89' lang='lat' dir='ltr'>tarent,</span> <span class='ocrx_word' id='word_1_108' title='bbox 2119 675 2424 742; x_wconf 85' lang='lat' dir='ltr'>accidebat,</span> <span class='ocrx_word' id='word_1_109' title='bbox 2458 683 2517 730; x_wconf 88' lang='lat' dir='ltr'>ot</span> <span class='ocrx_word' id='word_1_110' title='bbox 2551 677 2644 745; x_wconf 88' lang='lat' dir='ltr'>qui</span> <span class='ocrx_word' id='word_1_111' title='bbox 2696 676 3131 748; x_wconf 73' lang='lat' dir='ltr'>Hierosolymam</span> <span class='ocrx_word' id='word_1_112' title='bbox 3165 674 3465 733; x_wconf 81' lang='lat' dir='ltr'>contendo·</span> 
     </span>
     <span class='ocr_line' id='line_1_19' title="bbox 1890 767 3465 838; baseline 0.001 -16"><span class='ocrx_word' id='word_1_113' title='bbox 1890 768 2044 833; x_wconf 85' lang='lat' dir='ltr'>bant,</span> <span class='ocrx_word' id='word_1_114' title='bbox 2079 768 2116 822; x_wconf 92' lang='lat' dir='ltr'>ii</span> <span class='ocrx_word' id='word_1_115' title='bbox 2148 783 2244 838; x_wconf 90' lang='lat' dir='ltr'>per</span> <span class='ocrx_word' id='word_1_116' title='bbox 2264 768 2643 823; x_wconf 74' lang='lat' dir='ltr'>Samaritanus</span> <span class='ocrx_word' id='word_1_117' title='bbox 2669 769 2836 824; x_wconf 87' lang='lat' dir='ltr'>urbes</span> <span class='ocrx_word' id='word_1_118' title='bbox 2866 769 2968 825; x_wconf 90' lang='lat' dir='ltr'>iter</span> <span class='ocrx_word' id='word_1_119' title='bbox 2985 769 3251 825; x_wconf 76' lang='lat' dir='ltr'>facerent.</span> <span class='ocrx_word' id='word_1_120' title='bbox 3280 767 3465 836; x_wconf 79' lang='lat' dir='ltr'>Quare</span> 
     </span>
     <span class='ocr_line' id='line_1_20' title="bbox 1889 859 3463 928; baseline 0 -15"><span class='ocrx_word' id='word_1_121' title='bbox 1889 874 2014 914; x_wconf 87' lang='lat' dir='ltr'>cum</span> <span class='ocrx_word' id='word_1_122' title='bbox 2042 859 2229 915; x_wconf 89' lang='lat' dir='ltr'>eodem</span> <span class='ocrx_word' id='word_1_123' title='bbox 2267 866 2511 928; x_wconf 89' lang='lat' dir='ltr'>temporo</span> <span class='ocrx_word' id='word_1_124' title='bbox 2553 859 2893 914; x_wconf 84' lang='lat' dir='ltr'>celebritatis</span> <span class='ocrx_word' id='word_1_125' title='bbox 2942 873 3110 915; x_wconf 83' lang='lat' dir='ltr'>causa</span> <span class='ocrx_word' id='word_1_126' title='bbox 3156 869 3463 915; x_wconf 77' lang='lat' dir='ltr'>conventus</span> 
     </span>
     <span class='ocr_line' id='line_1_21' title="bbox 1889 948 3456 1019; baseline -0.001 -13"><span class='ocrx_word' id='word_1_127' title='bbox 1889 965 2023 1006; x_wconf 89' lang='lat' dir='ltr'>suos</span> <span class='ocrx_word' id='word_1_128' title='bbox 2050 949 2337 1013; x_wconf 89' lang='lat' dir='ltr'>haberent,</span> <span class='ocrx_word' id='word_1_129' title='bbox 2400 949 2529 1005; x_wconf 84' lang='lat' dir='ltr'>inde</span> <span class='ocrx_word' id='word_1_130' title='bbox 2575 958 2702 1005; x_wconf 87' lang='lat' dir='ltr'>nata</span> <span class='ocrx_word' id='word_1_131' title='bbox 2732 948 3039 1019; x_wconf 78' lang='lat' dir='ltr'>jurgiorum</span> <span class='ocrx_word' id='word_1_132' title='bbox 3091 950 3312 1004; x_wconf 79' lang='lat' dir='ltr'>occasio</span> <span class='ocrx_word' id='word_1_133' title='bbox 3349 957 3456 1004; x_wconf 86' lang='lat' dir='ltr'>est.</span> 
     </span>
     <span class='ocr_line' id='line_1_22' title="bbox 1889 1039 3460 1112; baseline -0.001 -17"><span class='ocrx_word' id='word_1_134' title='bbox 1889 1042 2031 1108; x_wconf 88' lang='lat' dir='ltr'>Quin</span> <span class='ocrx_word' id='word_1_135' title='bbox 2056 1041 2218 1097; x_wconf 87' lang='lat' dir='ltr'>etiam</span> <span class='ocrx_word' id='word_1_136' title='bbox 2250 1040 2422 1096; x_wconf 85' lang='lat' dir='ltr'>Esdra</span> <span class='ocrx_word' id='word_1_137' title='bbox 2453 1048 2576 1111; x_wconf 89' lang='lat' dir='ltr'>post</span> <span class='ocrx_word' id='word_1_138' title='bbox 2606 1040 2843 1096; x_wconf 89' lang='lat' dir='ltr'>reditum</span> <span class='ocrx_word' id='word_1_139' title='bbox 2878 1055 2910 1096; x_wconf 91' lang='lat' dir='ltr'>e</span> <span class='ocrx_word' id='word_1_140' title='bbox 2942 1039 3241 1112; x_wconf 81' lang='lat' dir='ltr'>Babylonia</span> <span class='ocrx_word' id='word_1_141' title='bbox 3266 1039 3460 1094; x_wconf 77' lang='lat' dir='ltr'>Hiero·</span> 
     </span>
     <span class='ocr_line' id='line_1_23' title="bbox 1890 1129 3462 1205; baseline -0.002 -16"><span class='ocrx_word' id='word_1_142' title='bbox 1890 1134 2157 1205; x_wconf 80' lang='lat' dir='ltr'>solymam</span> <span class='ocrx_word' id='word_1_143' title='bbox 2212 1134 2577 1197; x_wconf 74' lang='lat' dir='ltr'>instaurante,</span> <span class='ocrx_word' id='word_1_144' title='bbox 2634 1129 2970 1187; x_wconf 88' lang='lat' dir='ltr'>Samaritani</span> <span class='ocrx_word' id='word_1_145' title='bbox 3020 1137 3218 1201; x_wconf 86' lang='lat' dir='ltr'>sponte</span> <span class='ocrx_word' id='word_1_146' title='bbox 3276 1144 3337 1186; x_wconf 88' lang='lat' dir='ltr'>sc</span> <span class='ocrx_word' id='word_1_147' title='bbox 3393 1130 3462 1186; x_wconf 87' lang='lat' dir='ltr'>ad</span> 
     </span>
     <span class='ocr_line' id='line_1_24' title="bbox 1888 1219 3465 1294; baseline -0.001 -17"><span class='ocrx_word' id='word_1_148' title='bbox 1888 1223 2229 1294; x_wconf 82' lang='lat' dir='ltr'>praesidium,</span> <span class='ocrx_word' id='word_1_149' title='bbox 2256 1230 2309 1279; x_wconf 86' lang='lat' dir='ltr'>et</span> <span class='ocrx_word' id='word_1_150' title='bbox 2342 1223 2525 1293; x_wconf 89' lang='lat' dir='ltr'>operis</span> <span class='ocrx_word' id='word_1_151' title='bbox 2583 1222 3023 1279; x_wconf 85' lang='lat' dir='ltr'>communionem</span> <span class='ocrx_word' id='word_1_152' title='bbox 3052 1220 3344 1277; x_wconf 77' lang='lat' dir='ltr'>offerentes</span> <span class='ocrx_word' id='word_1_153' title='bbox 3393 1219 3465 1275; x_wconf 79' lang='lat' dir='ltr'>ab</span> 
     </span>
     <span class='ocr_line' id='line_1_25' title="bbox 1890 1311 2952 1384; baseline 0 -16"><span class='ocrx_word' id='word_1_154' title='bbox 1890 1314 2065 1370; x_wconf 75' lang='lat' dir='ltr'>Esilra</span> <span class='ocrx_word' id='word_1_155' title='bbox 2127 1322 2181 1370; x_wconf 90' lang='lat' dir='ltr'>ct</span> <span class='ocrx_word' id='word_1_156' title='bbox 2212 1312 2472 1376; x_wconf 82' lang='lat' dir='ltr'>Nehemia</span> <span class='ocrx_word' id='word_1_157' title='bbox 2497 1311 2768 1384; x_wconf 88' lang='lat' dir='ltr'>repudiati</span> <span class='ocrx_word' id='word_1_158' title='bbox 2801 1320 2952 1368; x_wconf 88' lang='lat' dir='ltr'>sunt.</span> 
     </span>
    </p>
   </div>
   <div class='ocr_carea' id='block_1_9' title="bbox 2333 1578 3010 1660">
    <p class='ocr_par' dir='ltr' id='par_1_9' title="bbox 2333 1578 3010 1660">
     <span class='ocr_line' id='line_1_26' title="bbox 2333 1578 3010 1660; baseline -0.003 -7"><span class='ocrx_word' id='word_1_159' title='bbox 2333 1597 2614 1654; x_wconf 67' lang='lat' dir='ltr'>cox‘ruA</span> <span class='ocrx_word' id='word_1_160' title='bbox 2648 1578 3010 1660; x_wconf 69' lang='grc' dir='ltr'>εΕΒυΑεοε,</span> 
     </span>
    </p>
   </div>
   <div class='ocr_carea' id='block_1_10' title="bbox 2032 1709 3320 1837">
    <p class='ocr_par' dir='ltr' id='par_1_10' title="bbox 2032 1709 3320 1837">
     <span class='ocr_line' id='line_1_27' title="bbox 2032 1709 3320 1835; baseline -0.004 -66"><span class='ocrx_word' id='word_1_161' title='bbox 2032 1712 2165 1782; x_wconf 81' lang='lat' dir='ltr'>Quae</span> <span class='ocrx_word' id='word_1_162' title='bbox 2193 1723 2272 1768; x_wconf 72' lang='lat' dir='ltr'>est</span> <span class='ocrx_word' id='word_1_163' title='bbox 2307 1711 2539 1768; x_wconf 72' lang='lat' dir='ltr'>secunda</span> <span class='ocrx_word' id='word_1_164' title='bbox 2569 1711 3040 1835; x_wconf 49' lang='lat' dir='ltr'>{qmai‘illssnvfflm</span> <span class='ocrx_word' id='word_1_165' title='bbox 3079 1709 3320 1773; x_wconf 69' lang='lat' dir='ltr'>haeresis,</span> 
     </span>
     <span class='ocr_line' id='line_1_28' title="bbox 2510 1798 2820 1837; baseline -0.003 -1"><span class='ocrx_word' id='word_1_166' title='bbox 2510 1798 2571 1836; x_wconf 84' lang='lat' dir='ltr'>or</span> <span class='ocrx_word' id='word_1_167' title='bbox 2609 1799 2692 1837; x_wconf 79' lang='lat' dir='ltr'>me</span> <span class='ocrx_word' id='word_1_168' title='bbox 2807 1822 2820 1835; x_wconf 99' lang='lat'>.</span> 
     </span>
    </p>
   </div>
   <div class='ocr_carea' id='block_1_11' title="bbox 285 1858 3463 1993">
    <p class='ocr_par' dir='ltr' id='par_1_11' title="bbox 285 1858 3463 1993">
     <span class='ocr_line' id='line_1_29' title="bbox 285 1858 3463 1993; baseline -0.001 -44"><span class='ocrx_word' id='word_1_169' title='bbox 285 1895 396 1949; x_wconf 74' lang='grc' dir='ltr'>Καὶ</span> <span class='ocrx_word' id='word_1_170' title='bbox 436 1896 560 1950; x_wconf 87' lang='grc' dir='ltr'>τότε</span> <span class='ocrx_word' id='word_1_171' title='bbox 592 1897 642 1949; x_wconf 83' lang='grc' dir='ltr'>οἱ</span> <span class='ocrx_word' id='word_1_172' title='bbox 679 1897 955 1950; x_wconf 80' lang='grc' dir='ltr'>Σεὸουαῖοι</span> <span class='ocrx_word' id='word_1_173' title='bbox 989 1896 1078 1951; x_wconf 74' lang='grc' dir='ltr'>διὰ</span> <span class='ocrx_word' id='word_1_174' title='bbox 1124 1896 1289 1968; x_wconf 78' lang='grc' dir='ltr'>μῆνιν</span> <span class='ocrx_word' id='word_1_175' title='bbox 1330 1897 1423 1951; x_wconf 72' lang='grc' dir='ltr'>καὶ</span> <span class='ocrx_word' id='word_1_176' title='bbox 1455 1898 1626 1969; x_wconf 78' lang='grc' dir='ltr'>ὀργὴν</span> <span class='ocrx_word' id='word_1_177' title='bbox 1664 1916 1789 1969; x_wconf 85' lang='grc' dir='ltr'>μετ-</span> <span class='ocrx_word' id='word_1_178' title='bbox 1820 1939 1862 1993; x_wconf 77' lang='lat' dir='ltr'>B</span> <span class='ocrx_word' id='word_1_179' title='bbox 1962 1896 2084 1965; x_wconf 86' lang='lat' dir='ltr'>Quo</span> <span class='ocrx_word' id='word_1_180' title='bbox 2107 1903 2358 1967; x_wconf 85' lang='lat' dir='ltr'>tempore</span> <span class='ocrx_word' id='word_1_181' title='bbox 2384 1895 2599 1953; x_wconf 84' lang='lat' dir='ltr'>Sebuaei</span> <span class='ocrx_word' id='word_1_182' title='bbox 2621 1895 2906 1951; x_wconf 79' lang='lat' dir='ltr'>iracundia</span> <span class='ocrx_word' id='word_1_183' title='bbox 2931 1858 3123 1967; x_wconf 79' lang='lat' dir='ltr'>perciti</span> <span class='ocrx_word' id='word_1_184' title='bbox 3149 1893 3316 1950; x_wconf 90' lang='lat' dir='ltr'>trium</span> <span class='ocrx_word' id='word_1_185' title='bbox 3340 1890 3463 1947; x_wconf 77' lang='lat' dir='ltr'>illa-</span> 
     </span>
    </p>
   </div>
   <div class='ocr_carea' id='block_1_12' title="bbox 212 1986 1792 2609">
    <p class='ocr_par' dir='ltr' id='par_1_12' title="bbox 212 1986 1792 2609">
     <span class='ocr_line' id='line_1_30' title="bbox 215 1986 1790 2062; baseline 0.002 -23"><span class='ocrx_word' id='word_1_186' title='bbox 215 1986 422 2059; x_wconf 84' lang='grc' dir='ltr'>έθηκαν</span> <span class='ocrx_word' id='word_1_187' title='bbox 453 1987 565 2057; x_wconf 90' lang='grc'>(77)</span> <span class='ocrx_word' id='word_1_188' title='bbox 603 1990 729 2052; x_wconf 80' lang='grc' dir='ltr'>τοὺς</span> <span class='ocrx_word' id='word_1_189' title='bbox 769 1989 994 2060; x_wconf 72' lang='grc' dir='ltr'>καιροὺς</span> <span class='ocrx_word' id='word_1_190' title='bbox 1019 1986 1127 2040; x_wconf 83' lang='grc' dir='ltr'>τῶν</span> <span class='ocrx_word' id='word_1_191' title='bbox 1158 1987 1361 2058; x_wconf 83' lang='grc' dir='ltr'>ἑορτῶν</span> <span class='ocrx_word' id='word_1_192' title='bbox 1388 1987 1496 2040; x_wconf 83' lang='grc' dir='ltr'>τῶν</span> <span class='ocrx_word' id='word_1_193' title='bbox 1533 2006 1790 2062; x_wconf 84' lang='grc' dir='ltr'>προειρη-</span> 
     </span>
     <span class='ocr_line' id='line_1_31' title="bbox 215 2078 1790 2151; baseline 0.003 -20"><span class='ocrx_word' id='word_1_194' title='bbox 215 2078 421 2148; x_wconf 81' lang='grc' dir='ltr'>μένων·</span> <span class='ocrx_word' id='word_1_195' title='bbox 458 2078 521 2132; x_wconf 81' lang='grc' dir='ltr'>τὸ</span> <span class='ocrx_word' id='word_1_196' title='bbox 562 2078 775 2151; x_wconf 84' lang='grc' dir='ltr'>πρῶτον</span> <span class='ocrx_word' id='word_1_197' title='bbox 829 2080 929 2150; x_wconf 86' lang='grc' dir='ltr'>μὲν</span> <span class='ocrx_word' id='word_1_198' title='bbox 974 2078 1095 2132; x_wconf 76' lang='grc' dir='ltr'>κατ’</span> <span class='ocrx_word' id='word_1_199' title='bbox 1129 2078 1298 2151; x_wconf 78' lang='grc' dir='ltr'>ὀργὴν</span> <span class='ocrx_word' id='word_1_200' title='bbox 1336 2078 1429 2132; x_wconf 75' lang='grc' dir='ltr'>τοῦ</span> <span class='ocrx_word' id='word_1_201' title='bbox 1472 2079 1696 2150; x_wconf 87' lang='grc' dir='ltr'>Ἕσδρα,</span> <span class='ocrx_word' id='word_1_202' title='bbox 1730 2081 1790 2135; x_wconf 81' lang='grc' dir='ltr'>τὸ</span> 
     </span>
     <span class='ocr_line' id='line_1_32' title="bbox 212 2167 1792 2245; baseline 0.003 -23"><span class='ocrx_word' id='word_1_203' title='bbox 212 2167 465 2242; x_wconf 82' lang='grc' dir='ltr'>δεύτερον</span> <span class='ocrx_word' id='word_1_204' title='bbox 496 2169 554 2223; x_wconf 87' lang='grc' dir='ltr'>δὲ</span> <span class='ocrx_word' id='word_1_205' title='bbox 586 2170 674 2223; x_wconf 83' lang='grc' dir='ltr'>διὰ</span> <span class='ocrx_word' id='word_1_206' title='bbox 716 2171 813 2242; x_wconf 82' lang='grc' dir='ltr'>τὴν</span> <span class='ocrx_word' id='word_1_207' title='bbox 843 2170 1253 2245; x_wconf 78' lang='grc' dir='ltr'>προειρημένην</span> <span class='ocrx_word' id='word_1_208' title='bbox 1281 2170 1556 2240; x_wconf 73' lang='grc' dir='ltr'>πρόφασιν</span> <span class='ocrx_word' id='word_1_209' title='bbox 1583 2171 1679 2242; x_wconf 79' lang='grc' dir='ltr'>τὴν</span> <span class='ocrx_word' id='word_1_210' title='bbox 1711 2174 1792 2236; x_wconf 73' lang='grc' dir='ltr'>εἰς</span> 
     </span>
     <span class='ocr_line' id='line_1_33' title="bbox 217 2260 1786 2335; baseline 0.003 -23"><span class='ocrx_word' id='word_1_211' title='bbox 217 2260 398 2332; x_wconf 81' lang='grc' dir='ltr'>μάχην</span> <span class='ocrx_word' id='word_1_212' title='bbox 426 2261 908 2335; x_wconf 81' lang='grc' dir='ltr'>προσκαλουμένην</span> <span class='ocrx_word' id='word_1_213' title='bbox 937 2262 1139 2325; x_wconf 77' lang='grc' dir='ltr'>αὐτοὺς</span> <span class='ocrx_word' id='word_1_214' title='bbox 1180 2261 1268 2314; x_wconf 70' lang='grc' dir='ltr'>διὰ</span> <span class='ocrx_word' id='word_1_215' title='bbox 1307 2261 1415 2316; x_wconf 86' lang='grc' dir='ltr'>τῶν</span> <span class='ocrx_word' id='word_1_216' title='bbox 1463 2263 1786 2332; x_wconf 80' lang='grc' dir='ltr'>παριόντων.</span> 
     </span>
     <span class='ocr_line' id='line_1_34' title="bbox 215 2345 1791 2426; baseline 0.004 -23"><span class='ocrx_word' id='word_1_217' title='bbox 215 2351 479 2404; x_wconf 82' lang='grc' dir='ltr'>Τάττουσι</span> <span class='ocrx_word' id='word_1_218' title='bbox 506 2352 563 2405; x_wconf 82' lang='grc' dir='ltr'>δὲ</span> <span class='ocrx_word' id='word_1_219' title='bbox 604 2345 751 2405; x_wconf 73' lang='grc' dir='ltr'>οὗτοι</span> <span class='ocrx_word' id='word_1_220' title='bbox 791 2353 882 2407; x_wconf 79' lang='grc' dir='ltr'>τὸν</span> <span class='ocrx_word' id='word_1_221' title='bbox 911 2353 1032 2408; x_wconf 88' lang='grc' dir='ltr'>νέον</span> <span class='ocrx_word' id='word_1_222' title='bbox 1076 2354 1221 2424; x_wconf 81' lang='grc' dir='ltr'>μῆνα</span> <span class='ocrx_word' id='word_1_223' title='bbox 1250 2354 1361 2424; x_wconf 82' lang='grc'>(78)</span> <span class='ocrx_word' id='word_1_224' title='bbox 1389 2354 1496 2407; x_wconf 85' lang='grc' dir='ltr'>τῶν</span> <span class='ocrx_word' id='word_1_225' title='bbox 1541 2353 1791 2426; x_wconf 79' lang='grc' dir='ltr'>Ἀζύμων</span> 
     </span>
     <span class='ocr_line' id='line_1_35' title="bbox 225 2422 1787 2517; baseline 0.003 -25"><span class='ocrx_word' id='word_1_226' title='bbox 225 2439 362 2508; x_wconf 80' lang='grc' dir='ltr'>μετὰ.</span> <span class='ocrx_word' id='word_1_227' title='bbox 391 2439 455 2493; x_wconf 80' lang='grc' dir='ltr'>τὸ</span> <span class='ocrx_word' id='word_1_228' title='bbox 495 2441 611 2496; x_wconf 83' lang='grc' dir='ltr'>νέον</span> <span class='ocrx_word' id='word_1_229' title='bbox 659 2442 778 2507; x_wconf 78' lang='grc' dir='ltr'>ἔτος</span> <span class='ocrx_word' id='word_1_230' title='bbox 800 2459 813 2472; x_wconf 91' lang='grc'><em>·</em></span> <span class='ocrx_word' id='word_1_231' title='bbox 843 2422 989 2517; x_wconf 72' lang='grc' dir='ltr'>ὅπερ</span> <span class='ocrx_word' id='word_1_232' title='bbox 1014 2444 1224 2512; x_wconf 78' lang='grc' dir='ltr'>γίνεται</span> <span class='ocrx_word' id='word_1_233' title='bbox 1268 2446 1325 2496; x_wconf 88' lang='grc' dir='ltr'>ὲν</span> <span class='ocrx_word' id='word_1_234' title='bbox 1354 2443 1432 2514; x_wconf 78' lang='grc' dir='ltr'>τῷ</span> <span class='ocrx_word' id='word_1_235' title='bbox 1465 2443 1787 2516; x_wconf 82' lang='grc' dir='ltr'>μετοπώρῳ,</span> 
     </span>
     <span class='ocr_line' id='line_1_36' title="bbox 220 2529 1792 2609; baseline 0.006 -28"><span class='ocrx_word' id='word_1_236' title='bbox 220 2529 466 2584; x_wconf 73' lang='grc' dir='ltr'>τουτέστι</span> <span class='ocrx_word' id='word_1_237' title='bbox 500 2532 639 2602; x_wconf 76' lang='grc' dir='ltr'>μετὰ</span> <span class='ocrx_word' id='word_1_238' title='bbox 679 2533 769 2586; x_wconf 65' lang='grc' dir='ltr'>τὸν</span> <span class='ocrx_word' id='word_1_239' title='bbox 809 2534 974 2606; x_wconf 66' lang='grc' dir='ltr'>Θεσρ).</span> <span class='ocrx_word' id='word_1_240' title='bbox 1008 2536 1170 2607; x_wconf 76' lang='grc' dir='ltr'>μῆνα,</span> <span class='ocrx_word' id='word_1_241' title='bbox 1201 2536 1261 2600; x_wconf 86' lang='grc' dir='ltr'>ὃς</span> <span class='ocrx_word' id='word_1_242' title='bbox 1307 2535 1610 2604; x_wconf 73' lang='grc' dir='ltr'>Αὔγουστος</span> <span class='ocrx_word' id='word_1_243' title='bbox 1641 2537 1792 2609; x_wconf 77' lang='grc' dir='ltr'>παρὰ</span> 
     </span>
    </p>
   </div>
   <div class='ocr_carea' id='block_1_13' title="bbox 296 2664 624 2721">
    <p class='ocr_par' dir='ltr' id='par_1_13' title="bbox 296 2664 624 2721">
     <span class='ocr_line' id='line_1_37' title="bbox 296 2664 624 2721; baseline 0.006 -3"><span class='ocrx_word' id='word_1_244' title='bbox 296 2666 312 2696; x_wconf 86' lang='lat'>¹</span> <span class='ocrx_word' id='word_1_245' title='bbox 346 2664 512 2721; x_wconf 86' lang='lat' dir='ltr'>Deest</span> <span class='ocrx_word' id='word_1_246' title='bbox 540 2666 624 2720; x_wconf 83' lang='grc' dir='ltr'>οὐ.</span> 
     </span>
    </p>
   </div>
   <div class='ocr_carea' id='block_1_14' title="bbox 211 2815 1791 3240">
    <p class='ocr_par' dir='ltr' id='par_1_14' title="bbox 211 2815 1791 3240">
     <span class='ocr_line' id='line_1_38' title="bbox 286 2815 1790 2893; baseline 0.007 -22"><span class='ocrx_word' id='word_1_247' title='bbox 286 2818 398 2885; x_wconf 70' lang='grc'>(74)</span> <span class='ocrx_word' id='word_1_248' title='bbox 442 2815 633 2875; x_wconf 73' lang='grc' dir='ltr'>Ἀλλὰ</span> <span class='ocrx_word' id='word_1_249' title='bbox 665 2821 765 2873; x_wconf 79' lang='grc' dir='ltr'>κ’τιὶ</span> <span class='ocrx_word' id='word_1_250' title='bbox 796 2821 894 2876; x_wconf 82' lang='grc' dir='ltr'>ὅτε</span> <span class='ocrx_word' id='word_1_251' title='bbox 919 2823 1200 2893; x_wconf 78' lang='grc' dir='ltr'>ᾠκοδόμει</span> <span class='ocrx_word' id='word_1_252' title='bbox 1231 2824 1512 2893; x_wconf 66' lang='grc' dir='ltr'>Ἔσδρας.</span> <span class='ocrx_word' id='word_1_253' title='bbox 1557 2825 1670 2881; x_wconf 79' lang='lat' dir='ltr'>Duo</span> <span class='ocrx_word' id='word_1_254' title='bbox 1698 2825 1790 2882; x_wconf 74' lang='lat' dir='ltr'>lile</span> 
     </span>
     <span class='ocr_line' id='line_1_39' title="bbox 214 2886 1791 2966; baseline 0.006 -24"><span class='ocrx_word' id='word_1_255' title='bbox 214 2886 272 2942; x_wconf 91' lang='lat' dir='ltr'>in</span> <span class='ocrx_word' id='word_1_256' title='bbox 308 2889 347 2941; x_wconf 77' lang='lat' dir='ltr'>E</span> <span class='ocrx_word' id='word_1_257' title='bbox 390 2889 615 2959; x_wconf 84' lang='lat' dir='ltr'>ipbanio</span> <span class='ocrx_word' id='word_1_258' title='bbox 645 2892 999 2961; x_wconf 78' lang='lat' dir='ltr'>reprehendit</span> <span class='ocrx_word' id='word_1_259' title='bbox 1031 2894 1315 2965; x_wconf 77' lang='lat' dir='ltr'>Scaliger:</span> <span class='ocrx_word' id='word_1_260' title='bbox 1356 2898 1601 2950; x_wconf 82' lang='lat' dir='ltr'>Alterum</span> <span class='ocrx_word' id='word_1_261' title='bbox 1642 2895 1791 2966; x_wconf 87' lang='lat' dir='ltr'>quod</span> 
     </span>
     <span class='ocr_line' id='line_1_40' title="bbox 216 2958 1788 3035; baseline 0.008 -25"><span class='ocrx_word' id='word_1_262' title='bbox 216 2958 287 3012; x_wconf 88' lang='lat' dir='ltr'>ab</span> <span class='ocrx_word' id='word_1_263' title='bbox 373 2959 520 3015; x_wconf 76' lang='lat' dir='ltr'>&#39;sdra</span> <span class='ocrx_word' id='word_1_264' title='bbox 560 2959 867 3015; x_wconf 88' lang='lat' dir='ltr'>instaurata</span> <span class='ocrx_word' id='word_1_265' title='bbox 927 2961 1304 3035; x_wconf 83' lang='lat' dir='ltr'>Hierosolyma</span> <span class='ocrx_word' id='word_1_266' title='bbox 1351 2966 1550 3020; x_wconf 83' lang='lat' dir='ltr'>dixerit</span> <span class='ocrx_word' id='word_1_267' title='bbox 1583 2982 1598 3033; x_wconf 89' lang='lat'>;</span> <span class='ocrx_word' id='word_1_268' title='bbox 1662 2981 1788 3022; x_wconf 89' lang='lat' dir='ltr'>cum</span> 
     </span>
     <span class='ocr_line' id='line_1_41' title="bbox 213 3026 1791 3107; baseline 0.006 -25"><span class='ocrx_word' id='word_1_269' title='bbox 213 3026 518 3084; x_wconf 80' lang='lat' dir='ltr'>Ncbemias</span> <span class='ocrx_word' id='word_1_270' title='bbox 547 3044 656 3084; x_wconf 92' lang='lat' dir='ltr'>non</span> <span class='ocrx_word' id='word_1_271' title='bbox 680 3029 886 3086; x_wconf 84' lang='lat' dir='ltr'>Esdras</span> <span class='ocrx_word' id='word_1_272' title='bbox 917 3033 968 3087; x_wconf 91' lang='lat' dir='ltr'>id</span> <span class='ocrx_word' id='word_1_273' title='bbox 997 3034 1171 3103; x_wconf 83' lang='lat' dir='ltr'>egerit</span> <span class='ocrx_word' id='word_1_274' title='bbox 1197 3052 1211 3088; x_wconf 75' lang='grc' dir='ltr'><strong><em>ε</em></strong></span> <span class='ocrx_word' id='word_1_275' title='bbox 1241 3035 1470 3089; x_wconf 87' lang='lat' dir='ltr'>alterum</span> <span class='ocrx_word' id='word_1_276' title='bbox 1510 3037 1654 3107; x_wconf 86' lang='lat' dir='ltr'>&#39;quod</span> <span class='ocrx_word' id='word_1_277' title='bbox 1689 3035 1791 3091; x_wconf 87' lang='lat' dir='ltr'>Sa-</span> 
     </span>
     <span class='ocr_line' id='line_1_42' title="bbox 211 3099 1789 3171; baseline 0.005 -19"><span class='ocrx_word' id='word_1_278' title='bbox 211 3099 518 3154; x_wconf 77' lang='lat' dir='ltr'>maritanus</span> <span class='ocrx_word' id='word_1_279' title='bbox 544 3114 773 3171; x_wconf 86' lang='lat' dir='ltr'>operam</span> <span class='ocrx_word' id='word_1_280' title='bbox 799 3117 956 3156; x_wconf 89' lang='lat' dir='ltr'>suam</span> <span class='ocrx_word' id='word_1_281' title='bbox 986 3106 1052 3156; x_wconf 84' lang='lat' dir='ltr'>ad</span> <span class='ocrx_word' id='word_1_282' title='bbox 1085 3119 1203 3157; x_wconf 87' lang='lat' dir='ltr'>eam</span> <span class='ocrx_word' id='word_1_283' title='bbox 1243 3104 1599 3160; x_wconf 76' lang='lat' dir='ltr'>relectionem</span> <span class='ocrx_word' id='word_1_284' title='bbox 1625 3106 1789 3162; x_wconf 89' lang='lat' dir='ltr'>detu-</span> 
     </span>
     <span class='ocr_line' id='line_1_43' title="bbox 212 3167 1784 3240; baseline 0.006 -19"><span class='ocrx_word' id='word_1_285' title='bbox 212 3167 345 3224; x_wconf 82' lang='lat' dir='ltr'>lisse</span> <span class='ocrx_word' id='word_1_286' title='bbox 390 3169 626 3235; x_wconf 53' lang='lat' dir='ltr'>scribam</span> <span class='ocrx_word' id='word_1_287' title='bbox 662 3173 805 3238; x_wconf 80' lang='lat' dir='ltr'>quoil</span> <span class='ocrx_word' id='word_1_288' title='bbox 844 3179 1036 3225; x_wconf 88' lang='lat' dir='ltr'>contra</span> <span class='ocrx_word' id='word_1_289' title='bbox 1070 3171 1410 3240; x_wconf 84' lang='lat' dir='ltr'>Scripturam</span> <span class='ocrx_word' id='word_1_290' title='bbox 1446 3189 1571 3231; x_wconf 70' lang='lat' dir='ltr'>esse</span> <span class='ocrx_word' id='word_1_291' title='bbox 1591 3177 1784 3231; x_wconf 89' lang='lat' dir='ltr'>credit.</span> 
     </span>
    </p>
   </div>
   <div class='ocr_carea' id='block_1_15' title="bbox 212 3235 1852 3330">
    <p class='ocr_par' dir='ltr' id='par_1_15' title="bbox 212 3235 1852 3330">
     <span class='ocr_line' id='line_1_44' title="bbox 212 3235 1852 3330; baseline 0.007 -38"><span class='ocrx_word' id='word_1_292' title='bbox 212 3235 320 3293; x_wconf 81' lang='lat' dir='ltr'>Sed</span> <span class='ocrx_word' id='word_1_293' title='bbox 351 3237 405 3293; x_wconf 93' lang='lat' dir='ltr'>in</span> <span class='ocrx_word' id='word_1_294' title='bbox 435 3238 607 3295; x_wconf 84' lang='lat' dir='ltr'>altero</span> <span class='ocrx_word' id='word_1_295' title='bbox 629 3240 991 3310; x_wconf 75' lang='grc' dir='ltr'>κακοήθειαν,</span> <span class='ocrx_word' id='word_1_296' title='bbox 1024 3243 1076 3294; x_wconf 92' lang='lat' dir='ltr'>in</span> <span class='ocrx_word' id='word_1_297' title='bbox 1112 3243 1284 3296; x_wconf 87' lang='lat' dir='ltr'>altero</span> <span class='ocrx_word' id='word_1_298' title='bbox 1311 3249 1397 3297; x_wconf 87' lang='lat' dir='ltr'>stu</span> <span class='ocrx_word' id='word_1_299' title='bbox 1442 3257 1592 3300; x_wconf 90' lang='lat' dir='ltr'>orem</span> <span class='ocrx_word' id='word_1_300' title='bbox 1621 3261 1783 3302; x_wconf 88' lang='lat' dir='ltr'>sunm</span> <span class='ocrx_word' id='word_1_301' title='bbox 1811 3272 1852 3330; x_wconf 78' lang='lat' dir='ltr'><strong>c</strong></span> 
     </span>
    </p>
   </div>
   <div class='ocr_carea' id='block_1_16' title="bbox 208 3308 1783 5956">
    <p class='ocr_par' dir='ltr' id='par_1_16' title="bbox 208 3308 1783 4004">
     <span class='ocr_line' id='line_1_45' title="bbox 211 3308 1783 3381; baseline 0.006 -19"><span class='ocrx_word' id='word_1_302' title='bbox 211 3308 411 3378; x_wconf 80' lang='lat' dir='ltr'>arguit.</span> <span class='ocrx_word' id='word_1_303' title='bbox 470 3308 682 3364; x_wconf 86' lang='lat' dir='ltr'>Etenim</span> <span class='ocrx_word' id='word_1_304' title='bbox 744 3321 1107 3381; x_wconf 67' lang='lat' dir='ltr'>praeterquam</span> <span class='ocrx_word' id='word_1_305' title='bbox 1165 3312 1309 3381; x_wconf 87' lang='lat' dir='ltr'>quod</span> <span class='ocrx_word' id='word_1_306' title='bbox 1404 3313 1583 3369; x_wconf 72' lang='lat' dir='ltr'>,suras</span> <span class='ocrx_word' id='word_1_307' title='bbox 1658 3331 1783 3371; x_wconf 91' lang='lat' dir='ltr'>cum</span> 
     </span>
     <span class='ocr_line' id='line_1_46' title="bbox 209 3369 1780 3452; baseline 0.005 -20"><span class='ocrx_word' id='word_1_308' title='bbox 209 3369 475 3434; x_wconf 75' lang='lat' dir='ltr'>Nebemia</span> <span class='ocrx_word' id='word_1_309' title='bbox 503 3376 662 3442; x_wconf 72' lang='lat' dir='ltr'>visit,</span> <span class='ocrx_word' id='word_1_310' title='bbox 693 3389 746 3431; x_wconf 90' lang='lat' dir='ltr'>et</span> <span class='ocrx_word' id='word_1_311' title='bbox 788 3381 907 3433; x_wconf 89' lang='lat' dir='ltr'>urbi</span> <span class='ocrx_word' id='word_1_312' title='bbox 943 3380 1312 3436; x_wconf 70' lang='lat' dir='ltr'>instaurandae</span> <span class='ocrx_word' id='word_1_313' title='bbox 1343 3384 1590 3452; x_wconf 82' lang='lat' dir='ltr'>praesuit;</span> <span class='ocrx_word' id='word_1_314' title='bbox 1624 3393 1684 3440; x_wconf 91' lang='lat' dir='ltr'>ut</span> <span class='ocrx_word' id='word_1_315' title='bbox 1714 3402 1780 3442; x_wconf 81' lang='lat' dir='ltr'>ex</span> 
     </span>
     <span class='ocr_line' id='line_1_47' title="bbox 211 3438 1781 3521; baseline 0.007 -21"><span class='ocrx_word' id='word_1_316' title='bbox 211 3438 487 3505; x_wconf 79' lang='lat' dir='ltr'>Nebcmioe</span> <span class='ocrx_word' id='word_1_317' title='bbox 519 3463 637 3518; x_wconf 88' lang='lat' dir='ltr'>cap.</span> <span class='ocrx_word' id='word_1_318' title='bbox 672 3465 789 3510; x_wconf 83' lang='lat' dir='ltr'>vni,</span> <span class='ocrx_word' id='word_1_319' title='bbox 822 3449 875 3511; x_wconf 76' lang='grc' dir='ltr'>Ξ,</span> <span class='ocrx_word' id='word_1_320' title='bbox 911 3459 962 3504; x_wconf 90' lang='lat' dir='ltr'>et</span> <span class='ocrx_word' id='word_1_321' title='bbox 988 3466 1085 3515; x_wconf 82' lang='lat' dir='ltr'>xii,</span> <span class='ocrx_word' id='word_1_322' title='bbox 1111 3451 1200 3514; x_wconf 76' lang='lat'>26,</span> <span class='ocrx_word' id='word_1_323' title='bbox 1230 3453 1426 3521; x_wconf 85' lang='lat' dir='ltr'>probat</span> <span class='ocrx_word' id='word_1_324' title='bbox 1459 3451 1781 3521; x_wconf 81' lang='lat' dir='ltr'>Serrai-ius;</span> 
     </span>
     <span class='ocr_line' id='line_1_48' title="bbox 212 3517 1781 3593; baseline 0.004 -21"><span class='ocrx_word' id='word_1_325' title='bbox 212 3517 345 3574; x_wconf 88' lang='lat' dir='ltr'>illud</span> <span class='ocrx_word' id='word_1_326' title='bbox 391 3518 659 3590; x_wconf 77' lang='grc' dir='ltr'>ᾠκοδόμει</span> <span class='ocrx_word' id='word_1_327' title='bbox 701 3519 1054 3591; x_wconf 78' lang='grc' dir='ltr'>Ἰερουσαλήμ</span> <span class='ocrx_word' id='word_1_328' title='bbox 1107 3525 1339 3576; x_wconf 82' lang='lat' dir='ltr'>comiter</span> <span class='ocrx_word' id='word_1_329' title='bbox 1397 3524 1781 3593; x_wconf 88' lang='lat' dir='ltr'>accipiendum</span> 
     </span>
     <span class='ocr_line' id='line_1_49' title="bbox 208 3589 1781 3661; baseline 0.003 -17"><span class='ocrx_word' id='word_1_330' title='bbox 208 3595 333 3656; x_wconf 82' lang='lat' dir='ltr'>est3</span> <span class='ocrx_word' id='word_1_331' title='bbox 365 3599 423 3643; x_wconf 93' lang='lat' dir='ltr'>ut</span> <span class='ocrx_word' id='word_1_332' title='bbox 457 3589 523 3642; x_wconf 90' lang='lat' dir='ltr'>ad</span> <span class='ocrx_word' id='word_1_333' title='bbox 565 3589 718 3645; x_wconf 91' lang='lat' dir='ltr'>urbis</span> <span class='ocrx_word' id='word_1_334' title='bbox 760 3598 969 3660; x_wconf 88' lang='lat' dir='ltr'>partem</span> <span class='ocrx_word' id='word_1_335' title='bbox 1005 3591 1266 3661; x_wconf 81' lang='lat' dir='ltr'>aliquam,</span> <span class='ocrx_word' id='word_1_336' title='bbox 1299 3591 1611 3660; x_wconf 85' lang='lat' dir='ltr'>cujusmodi</span> <span class='ocrx_word' id='word_1_337' title='bbox 1643 3603 1781 3649; x_wconf 90' lang='lat' dir='ltr'>tem·</span> 
     </span>
     <span class='ocr_line' id='line_1_50' title="bbox 210 3658 1779 3730; baseline 0.004 -17"><span class='ocrx_word' id='word_1_338' title='bbox 210 3658 359 3730; x_wconf 80' lang='lat' dir='ltr'>plum</span> <span class='ocrx_word' id='word_1_339' title='bbox 383 3667 521 3724; x_wconf 81' lang='lat' dir='ltr'>erat,</span> <span class='ocrx_word' id='word_1_340' title='bbox 560 3661 849 3729; x_wconf 80' lang='lat' dir='ltr'>pertineat.</span> <span class='ocrx_word' id='word_1_341' title='bbox 885 3659 1023 3714; x_wconf 90' lang='lat' dir='ltr'>lllud</span> <span class='ocrx_word' id='word_1_342' title='bbox 1051 3676 1183 3715; x_wconf 81' lang='lat' dir='ltr'>vero</span> <span class='ocrx_word' id='word_1_343' title='bbox 1212 3661 1641 3718; x_wconf 71' lang='lat' dir='ltr'>dementissimae</span> <span class='ocrx_word' id='word_1_344' title='bbox 1670 3679 1779 3718; x_wconf 84' lang='lat' dir='ltr'>cae-</span> 
     </span>
     <span class='ocr_line' id='line_1_51' title="bbox 210 3727 1782 3802; baseline 0.003 -19"><span class='ocrx_word' id='word_1_345' title='bbox 210 3727 395 3783; x_wconf 73' lang='lat' dir='ltr'>eitatis</span> <span class='ocrx_word' id='word_1_346' title='bbox 424 3739 509 3784; x_wconf 85' lang='lat' dir='ltr'>est</span> <span class='ocrx_word' id='word_1_347' title='bbox 553 3744 771 3799; x_wconf 78' lang='lat' dir='ltr'>negare,</span> <span class='ocrx_word' id='word_1_348' title='bbox 828 3730 1208 3784; x_wconf 79' lang='lat' dir='ltr'>Samariianos</span> <span class='ocrx_word' id='word_1_349' title='bbox 1254 3732 1439 3799; x_wconf 87' lang='lat' dir='ltr'>operis</span> <span class='ocrx_word' id='word_1_350' title='bbox 1485 3734 1782 3802; x_wconf 80' lang='lat' dir='ltr'>participes</span> 
     </span>
     <span class='ocr_line' id='line_1_52' title="bbox 211 3798 1783 3868; baseline 0.002 -15"><span class='ocrx_word' id='word_1_351' title='bbox 211 3798 271 3853; x_wconf 83' lang='lat' dir='ltr'>s&#39;e</span> <span class='ocrx_word' id='word_1_352' title='bbox 298 3812 423 3854; x_wconf 84' lang='lat' dir='ltr'>esse</span> <span class='ocrx_word' id='word_1_353' title='bbox 462 3798 598 3852; x_wconf 86' lang='lat' dir='ltr'>velle</span> <span class='ocrx_word' id='word_1_354' title='bbox 645 3813 752 3868; x_wconf 68' lang='lat' dir='ltr'>prae</span> <span class='ocrx_word' id='word_1_355' title='bbox 787 3814 846 3852; x_wconf 88' lang='lat' dir='ltr'>se</span> <span class='ocrx_word' id='word_1_356' title='bbox 880 3800 1093 3860; x_wconf 82' lang='lat' dir='ltr'>tulisse,</span> <span class='ocrx_word' id='word_1_357' title='bbox 1139 3813 1262 3851; x_wconf 88' lang='lat' dir='ltr'>eum</span> <span class='ocrx_word' id='word_1_358' title='bbox 1303 3800 1356 3851; x_wconf 90' lang='lat' dir='ltr'>id</span> <span class='ocrx_word' id='word_1_359' title='bbox 1394 3800 1597 3854; x_wconf 86' lang='lat' dir='ltr'>diserte</span> <span class='ocrx_word' id='word_1_360' title='bbox 1636 3802 1730 3856; x_wconf 88' lang='lat' dir='ltr'>lib.</span> <span class='ocrx_word' id='word_1_361' title='bbox 1763 3801 1783 3856; x_wconf 94' lang='grc'>1</span> 
     </span>
     <span class='ocr_line' id='line_1_53' title="bbox 211 3865 1782 3935; baseline 0.002 -14"><span class='ocrx_word' id='word_1_362' title='bbox 211 3866 420 3933; x_wconf 82' lang='lat' dir='ltr'>Esdrae,</span> <span class='ocrx_word' id='word_1_363' title='bbox 463 3882 583 3934; x_wconf 82' lang='lat' dir='ltr'>cap.</span> <span class='ocrx_word' id='word_1_364' title='bbox 627 3882 698 3929; x_wconf 78' lang='lat' dir='ltr'>iv,</span> <span class='ocrx_word' id='word_1_365' title='bbox 743 3868 767 3919; x_wconf 80' lang='lat'><strong>1</strong></span> <span class='ocrx_word' id='word_1_366' title='bbox 804 3874 856 3919; x_wconf 87' lang='lat' dir='ltr'>et</span> <span class='ocrx_word' id='word_1_367' title='bbox 894 3866 948 3930; x_wconf 78' lang='lat'>2,</span> <span class='ocrx_word' id='word_1_368' title='bbox 984 3865 1265 3935; x_wconf 75' lang='lat' dir='ltr'>Scriptura</span> <span class='ocrx_word' id='word_1_369' title='bbox 1296 3876 1544 3921; x_wconf 81' lang='lat' dir='ltr'>testetur.</span> <span class='ocrx_word' id='word_1_370' title='bbox 1579 3867 1684 3925; x_wconf 89' lang='lat' dir='ltr'>Sed</span> <span class='ocrx_word' id='word_1_371' title='bbox 1718 3885 1782 3925; x_wconf 89' lang='lat' dir='ltr'>ea</span> 
     </span>
     <span class='ocr_line' id='line_1_54' title="bbox 212 3934 1357 4004; baseline -0.003 -14"><span class='ocrx_word' id='word_1_372' title='bbox 212 3935 502 3991; x_wconf 85' lang='lat' dir='ltr'>Serrarius</span> <span class='ocrx_word' id='word_1_373' title='bbox 543 3937 599 3987; x_wconf 90' lang='lat' dir='ltr'>in</span> <span class='ocrx_word' id='word_1_374' title='bbox 630 3934 880 3987; x_wconf 72' lang='lat' dir='ltr'>Mineruia·</span> <span class='ocrx_word' id='word_1_375' title='bbox 908 3936 1020 4002; x_wconf 88' lang='lat' dir='ltr'>jam</span> <span class='ocrx_word' id='word_1_376' title='bbox 1051 3937 1357 4004; x_wconf 80' lang='lat' dir='ltr'>occupavit.</span> 
     </span>
    </p>

    <p class='ocr_par' dir='ltr' id='par_1_17' title="bbox 210 4002 1782 4563">
     <span class='ocr_line' id='line_1_55' title="bbox 285 4002 1782 4076; baseline 0.005 -20"><span class='ocrx_word' id='word_1_377' title='bbox 285 4005 402 4073; x_wconf 84' lang='grc'>(75)</span> <span class='ocrx_word' id='word_1_378' title='bbox 448 4002 904 4069; x_wconf 76' lang='grc' dir='ltr'>Ἐπετράπησαν</span> <span class='ocrx_word' id='word_1_379' title='bbox 935 4005 1035 4057; x_wconf 81' lang='grc' dir='ltr'>ὑπ’</span> <span class='ocrx_word' id='word_1_380' title='bbox 1065 4005 1272 4060; x_wconf 79' lang='grc' dir='ltr'>αὐτοῦ.</span> <span class='ocrx_word' id='word_1_381' title='bbox 1322 4004 1484 4061; x_wconf 84' lang='lat' dir='ltr'>Deest</span> <span class='ocrx_word' id='word_1_382' title='bbox 1530 4008 1782 4076; x_wconf 81' lang='lat' dir='ltr'>negativa</span> 
     </span>
     <span class='ocr_line' id='line_1_56' title="bbox 211 4072 1781 4150; baseline 0.004 -23"><span class='ocrx_word' id='word_1_383' title='bbox 211 4073 512 4150; x_wconf 86' lang='lat' dir='ltr'>particula,</span> <span class='ocrx_word' id='word_1_384' title='bbox 556 4072 702 4142; x_wconf 91' lang='lat' dir='ltr'>quod</span> <span class='ocrx_word' id='word_1_385' title='bbox 752 4073 834 4125; x_wconf 84' lang='lat' dir='ltr'>vel</span> <span class='ocrx_word' id='word_1_386' title='bbox 888 4072 1238 4129; x_wconf 84' lang='lat' dir='ltr'>mediocriter</span> <span class='ocrx_word' id='word_1_387' title='bbox 1279 4077 1490 4147; x_wconf 84' lang='lat' dir='ltr'>peritus</span> <span class='ocrx_word' id='word_1_388' title='bbox 1531 4079 1781 4133; x_wconf 78' lang='lat' dir='ltr'>animad-</span> 
     </span>
     <span class='ocr_line' id='line_1_57' title="bbox 210 4141 1780 4214; baseline 0.002 -15"><span class='ocrx_word' id='word_1_389' title='bbox 210 4149 427 4199; x_wconf 82' lang='lat' dir='ltr'>vertere</span> <span class='ocrx_word' id='word_1_390' title='bbox 454 4144 652 4213; x_wconf 84' lang='lat' dir='ltr'>potuit.</span> <span class='ocrx_word' id='word_1_391' title='bbox 689 4141 816 4196; x_wconf 79' lang='lat' dir='ltr'>ideo</span> <span class='ocrx_word' id='word_1_392' title='bbox 850 4141 1050 4196; x_wconf 81' lang='lat' dir='ltr'>frustra</span> <span class='ocrx_word' id='word_1_393' title='bbox 1082 4145 1183 4198; x_wconf 88' lang='lat' dir='ltr'>bac</span> <span class='ocrx_word' id='word_1_394' title='bbox 1225 4146 1277 4199; x_wconf 91' lang='lat' dir='ltr'>in</span> <span class='ocrx_word' id='word_1_395' title='bbox 1315 4155 1466 4214; x_wconf 85' lang='lat' dir='ltr'>parte</span> <span class='ocrx_word' id='word_1_396' title='bbox 1502 4148 1780 4204; x_wconf 87' lang='lat' dir='ltr'>calumnia</span> 
     </span>
     <span class='ocr_line' id='line_1_58' title="bbox 212 4211 1777 4288; baseline 0.004 -20"><span class='ocrx_word' id='word_1_397' title='bbox 212 4214 446 4269; x_wconf 87' lang='lat' dir='ltr'>struitur</span> <span class='ocrx_word' id='word_1_398' title='bbox 479 4211 859 4282; x_wconf 83' lang='lat' dir='ltr'>Epiplianioin</span> <span class='ocrx_word' id='word_1_399' title='bbox 902 4212 1143 4268; x_wconf 80' lang='lat' dir='ltr'>Elenclto</span> <span class='ocrx_word' id='word_1_400' title='bbox 1185 4213 1580 4285; x_wconf 68' lang='lat' dir='ltr'>Scaliger-iano,</span> <span class='ocrx_word' id='word_1_401' title='bbox 1617 4219 1777 4288; x_wconf 86' lang='lat' dir='ltr'>quasi</span> 
     </span>
     <span class='ocr_line' id='line_1_59' title="bbox 210 4282 1777 4351; baseline 0.001 -13"><span class='ocrx_word' id='word_1_402' title='bbox 210 4290 403 4339; x_wconf 83' lang='lat' dir='ltr'>contra</span> <span class='ocrx_word' id='word_1_403' title='bbox 436 4282 777 4351; x_wconf 86' lang='lat' dir='ltr'>Scripturam</span> <span class='ocrx_word' id='word_1_404' title='bbox 812 4282 1014 4337; x_wconf 84' lang='lat' dir='ltr'>dixerit</span> <span class='ocrx_word' id='word_1_405' title='bbox 1046 4284 1418 4341; x_wconf 82' lang='lat' dir='ltr'>Samaritanus</span> <span class='ocrx_word' id='word_1_406' title='bbox 1444 4290 1497 4341; x_wconf 94' lang='lat' dir='ltr'>in</span> <span class='ocrx_word' id='word_1_407' title='bbox 1526 4303 1777 4341; x_wconf 84' lang='lat' dir='ltr'>cominu-</span> 
     </span>
     <span class='ocr_line' id='line_1_60' title="bbox 211 4351 1779 4421; baseline 0.002 -12"><span class='ocrx_word' id='word_1_408' title='bbox 211 4354 429 4409; x_wconf 86' lang='lat' dir='ltr'>nionem</span> <span class='ocrx_word' id='word_1_409' title='bbox 459 4354 642 4421; x_wconf 86' lang='lat' dir='ltr'>operis</span> <span class='ocrx_word' id='word_1_410' title='bbox 671 4353 963 4407; x_wconf 86' lang='lat' dir='ltr'>admissos.</span> <span class='ocrx_word' id='word_1_411' title='bbox 998 4351 1131 4406; x_wconf 84' lang='lat' dir='ltr'>Nam</span> <span class='ocrx_word' id='word_1_412' title='bbox 1160 4363 1212 4409; x_wconf 92' lang='lat' dir='ltr'>et</span> <span class='ocrx_word' id='word_1_413' title='bbox 1249 4357 1388 4408; x_wconf 75' lang='lat' dir='ltr'>infra</span> <span class='ocrx_word' id='word_1_414' title='bbox 1413 4372 1536 4409; x_wconf 83' lang='lat' dir='ltr'>cuin</span> <span class='ocrx_word' id='word_1_415' title='bbox 1573 4359 1638 4411; x_wconf 87' lang='lat' dir='ltr'>‹le</span> <span class='ocrx_word' id='word_1_416' title='bbox 1677 4357 1779 4412; x_wconf 84' lang='lat' dir='ltr'>Sc·</span> 
     </span>
     <span class='ocr_line' id='line_1_61' title="bbox 211 4422 1778 4497; baseline 0.002 -19"><span class='ocrx_word' id='word_1_417' title='bbox 211 4422 380 4478; x_wconf 84' lang='lat' dir='ltr'>buaeis</span> <span class='ocrx_word' id='word_1_418' title='bbox 403 4424 532 4493; x_wconf 84' lang='lat' dir='ltr'>agit,</span> <span class='ocrx_word' id='word_1_419' title='bbox 571 4422 763 4477; x_wconf 82' lang='lat' dir='ltr'>scribit</span> <span class='ocrx_word' id='word_1_420' title='bbox 794 4422 980 4478; x_wconf 82' lang='lat' dir='ltr'>Esdrae</span> <span class='ocrx_word' id='word_1_421' title='bbox 1012 4424 1133 4478; x_wconf 90' lang='lat' dir='ltr'>illos</span> <span class='ocrx_word' id='word_1_422' title='bbox 1171 4424 1298 4479; x_wconf 89' lang='lat' dir='ltr'>odio</span> <span class='ocrx_word' id='word_1_423' title='bbox 1334 4423 1474 4480; x_wconf 77' lang='lat' dir='ltr'>festa</span> <span class='ocrx_word' id='word_1_424' title='bbox 1506 4442 1603 4480; x_wconf 86' lang='lat' dir='ltr'>sua</span> <span class='ocrx_word' id='word_1_425' title='bbox 1635 4442 1778 4497; x_wconf 77' lang='lat' dir='ltr'>pra:-</span> 
     </span>
     <span class='ocr_line' id='line_1_62' title="bbox 213 4491 766 4563; baseline -0.002 -17"><span class='ocrx_word' id='word_1_426' title='bbox 213 4498 433 4563; x_wconf 87' lang='lat' dir='ltr'>postere</span> <span class='ocrx_word' id='word_1_427' title='bbox 457 4491 766 4547; x_wconf 82' lang='lat' dir='ltr'>ordinasse.</span> 
     </span>
    </p>

    <p class='ocr_par' dir='ltr' id='par_1_18' title="bbox 209 4560 1781 5956">
     <span class='ocr_line' id='line_1_63' title="bbox 284 4560 1774 4636; baseline 0.003 -20"><span class='ocrx_word' id='word_1_428' title='bbox 284 4563 392 4633; x_wconf 85' lang='grc'>(76)</span> <span class='ocrx_word' id='word_1_429' title='bbox 426 4562 779 4616; x_wconf 78' lang='grc' dir='ltr'>Σεὸουαίων.</span> <span class='ocrx_word' id='word_1_430' title='bbox 812 4560 1108 4616; x_wconf 69' lang='grc' dir='ltr'>Ιεῡιιεεατοε</span> <span class='ocrx_word' id='word_1_431' title='bbox 1142 4578 1424 4636; x_wconf 83' lang='lat' dir='ltr'>perperam</span> <span class='ocrx_word' id='word_1_432' title='bbox 1453 4563 1774 4620; x_wconf 86' lang='lat' dir='ltr'>Damasceni</span> 
     </span>
     <span class='ocr_line' id='line_1_64' title="bbox 212 4630 1778 4704; baseline 0.001 -16"><span class='ocrx_word' id='word_1_433' title='bbox 212 4632 430 4688; x_wconf 86' lang='lat' dir='ltr'>codices</span> <span class='ocrx_word' id='word_1_434' title='bbox 465 4630 684 4686; x_wconf 77' lang='lat' dir='ltr'>babent.</span> <span class='ocrx_word' id='word_1_435' title='bbox 733 4630 844 4686; x_wconf 85' lang='lat' dir='ltr'>llos</span> <span class='ocrx_word' id='word_1_436' title='bbox 873 4632 941 4685; x_wconf 88' lang='lat' dir='ltr'>ab</span> <span class='ocrx_word' id='word_1_437' title='bbox 979 4631 1241 4687; x_wconf 83' lang='lat' dir='ltr'>liebraica</span> <span class='ocrx_word' id='word_1_438' title='bbox 1284 4649 1413 4688; x_wconf 77' lang='lat' dir='ltr'>voce</span> <span class='ocrx_word' id='word_1_439' title='bbox 1441 4643 1622 4698; x_wconf 62' lang='lat' dir='ltr'>mam,</span> <span class='ocrx_word' id='word_1_440' title='bbox 1659 4649 1778 4704; x_wconf 80' lang='lat' dir='ltr'>quae</span> 
     </span>
     <span class='ocr_line' id='line_1_65' title="bbox 212 4699 1779 4770; baseline 0.001 -13"><span class='ocrx_word' id='word_1_441' title='bbox 212 4700 603 4757; x_wconf 83' lang='lat' dir='ltr'>hebdomadem</span> <span class='ocrx_word' id='word_1_442' title='bbox 652 4699 922 4770; x_wconf 78' lang='lat' dir='ltr'>significat</span> <span class='ocrx_word' id='word_1_443' title='bbox 968 4702 1264 4770; x_wconf 87' lang='lat' dir='ltr'>appellatos</span> <span class='ocrx_word' id='word_1_444' title='bbox 1301 4713 1577 4767; x_wconf 63' lang='lat' dir='ltr'>n&#39;sxmw,</span> <span class='ocrx_word' id='word_1_445' title='bbox 1664 4705 1779 4760; x_wconf 86' lang='lat' dir='ltr'>nasi</span> 
     </span>
     <span class='ocr_line' id='line_1_66' title="bbox 212 4720 1776 4843; baseline 0.003 -19"><span class='ocrx_word' id='word_1_446' title='bbox 212 4768 567 4842; x_wconf 76' lang='grc' dir='ltr'>έὸδομαδίτας</span> <span class='ocrx_word' id='word_1_447' title='bbox 600 4770 892 4825; x_wconf 82' lang='lat' dir='ltr'>verisimile</span> <span class='ocrx_word' id='word_1_448' title='bbox 924 4777 1029 4833; x_wconf 86' lang='lat' dir='ltr'>est,</span> <span class='ocrx_word' id='word_1_449' title='bbox 1065 4772 1207 4840; x_wconf 85' lang='lat' dir='ltr'>quod</span> <span class='ocrx_word' id='word_1_450' title='bbox 1244 4788 1362 4842; x_wconf 84' lang='lat' dir='ltr'>pag.</span> <span class='ocrx_word' id='word_1_451' title='bbox 1387 4772 1513 4835; x_wconf 76' lang='lat'>⁴218,</span> <span class='ocrx_word' id='word_1_452' title='bbox 1547 4778 1600 4824; x_wconf 76' lang='lat' dir='ltr'>in</span> <span class='ocrx_word' id='word_1_453' title='bbox 1624 4720 1776 4843; x_wconf 57' lang='grc' dir='ltr'>Ἱεας).</span> 
     </span>
     <span class='ocr_line' id='line_1_67' title="bbox 213 4837 1780 4910; baseline 0.002 -16"><span class='ocrx_word' id='word_1_454' title='bbox 213 4850 400 4896; x_wconf 79' lang='lat' dir='ltr'>canon.</span> <span class='ocrx_word' id='word_1_455' title='bbox 428 4841 620 4895; x_wconf 84' lang='lat' dir='ltr'>scribit</span> <span class='ocrx_word' id='word_1_456' title='bbox 647 4838 905 4910; x_wconf 80' lang='lat' dir='ltr'>Scaliger.</span> <span class='ocrx_word' id='word_1_457' title='bbox 934 4837 1038 4894; x_wconf 83' lang='lat' dir='ltr'>Sed</span> <span class='ocrx_word' id='word_1_458' title='bbox 1085 4843 1138 4894; x_wconf 93' lang='lat' dir='ltr'>in</span> <span class='ocrx_word' id='word_1_459' title='bbox 1172 4840 1293 4909; x_wconf 85' lang='lat' dir='ltr'>ejus</span> <span class='ocrx_word' id='word_1_460' title='bbox 1322 4843 1470 4897; x_wconf 86' lang='lat' dir='ltr'>vocis</span> <span class='ocrx_word' id='word_1_461' title='bbox 1510 4844 1780 4898; x_wconf 81' lang='lat' dir='ltr'>reddenda</span> 
     </span>
     <span class='ocr_line' id='line_1_68' title="bbox 213 4908 1781 4966; baseline 0.001 -1"><span class='ocrx_word' id='word_1_462' title='bbox 213 4911 426 4965; x_wconf 88' lang='lat' dir='ltr'>ratione</span> <span class='ocrx_word' id='word_1_463' title='bbox 466 4910 571 4965; x_wconf 85' lang='lat' dir='ltr'>sibi</span> <span class='ocrx_word' id='word_1_464' title='bbox 622 4924 730 4963; x_wconf 90' lang='lat' dir='ltr'>non</span> <span class='ocrx_word' id='word_1_465' title='bbox 771 4918 1007 4964; x_wconf 89' lang='lat' dir='ltr'>constat.</span> <span class='ocrx_word' id='word_1_466' title='bbox 1041 4908 1173 4963; x_wconf 85' lang='lat' dir='ltr'>Nam</span> <span class='ocrx_word' id='word_1_467' title='bbox 1222 4913 1367 4966; x_wconf 90' lang='lat' dir='ltr'>ineo</span> <span class='ocrx_word' id='word_1_468' title='bbox 1416 4913 1532 4965; x_wconf 81' lang='lat' dir='ltr'>loco</span> <span class='ocrx_word' id='word_1_469' title='bbox 1575 4913 1781 4966; x_wconf 74' lang='lat' dir='ltr'>idcireo</span> 
     </span>
     <span class='ocr_line' id='line_1_69' title="bbox 213 4979 1780 5052; baseline 0.001 -19"><span class='ocrx_word' id='word_1_470' title='bbox 213 4979 566 5051; x_wconf 73' lang='grc' dir='ltr'>ἑΰδομαδίτας</span> <span class='ocrx_word' id='word_1_471' title='bbox 588 4979 902 5033; x_wconf 82' lang='lat' dir='ltr'>nominatos</span> <span class='ocrx_word' id='word_1_472' title='bbox 932 4986 1102 5048; x_wconf 83' lang='lat' dir='ltr'>putat,</span> <span class='ocrx_word' id='word_1_473' title='bbox 1123 4981 1248 5049; x_wconf 90' lang='lat' dir='ltr'>quia</span> <span class='ocrx_word' id='word_1_474' title='bbox 1268 4997 1482 5035; x_wconf 84' lang='lat' dir='ltr'>omnem</span> <span class='ocrx_word' id='word_1_475' title='bbox 1520 4980 1780 5052; x_wconf 85' lang='grc' dir='ltr'>δευτέραν</span> 
     </span>
     <span class='ocr_line' id='line_1_70' title="bbox 213 5048 1781 5120; baseline 0.001 -16"><span class='ocrx_word' id='word_1_476' title='bbox 213 5050 320 5104; x_wconf 84' lang='grc' dir='ltr'>τῶν</span> <span class='ocrx_word' id='word_1_477' title='bbox 346 5048 484 5103; x_wconf 75' lang='grc' dir='ltr'>ἑπτὰ</span> <span class='ocrx_word' id='word_1_478' title='bbox 528 5048 629 5120; x_wconf 78' lang='grc' dir='ltr'>τῆς</span> <span class='ocrx_word' id='word_1_479' title='bbox 660 5049 1041 5118; x_wconf 76' lang='grc' dir='ltr'>Πεντηκοστῆς</span> <span class='ocrx_word' id='word_1_480' title='bbox 1081 5049 1386 5120; x_wconf 76' lang='grc' dir='ltr'>ἑὸδομόιδων</span> <span class='ocrx_word' id='word_1_481' title='bbox 1424 5052 1609 5105; x_wconf 85' lang='lat' dir='ltr'>eadem</span> <span class='ocrx_word' id='word_1_482' title='bbox 1653 5052 1781 5105; x_wconf 88' lang='lat' dir='ltr'>reli-</span> 
     </span>
     <span class='ocr_line' id='line_1_71' title="bbox 214 5117 1777 5194; baseline 0.002 -21"><span class='ocrx_word' id='word_1_483' title='bbox 214 5123 394 5194; x_wconf 66' lang='lat' dir='ltr'>gione.</span> <span class='ocrx_word' id='word_1_484' title='bbox 423 5135 528 5190; x_wconf 88' lang='lat' dir='ltr'>qua</span> <span class='ocrx_word' id='word_1_485' title='bbox 551 5121 731 5191; x_wconf 88' lang='lat' dir='ltr'>ipsum</span> <span class='ocrx_word' id='word_1_486' title='bbox 760 5118 1135 5189; x_wconf 83' lang='grc' dir='ltr'>Πεντηκοστῆς</span> <span class='ocrx_word' id='word_1_487' title='bbox 1166 5119 1306 5174; x_wconf 89' lang='lat' dir='ltr'>diem</span> <span class='ocrx_word' id='word_1_488' title='bbox 1333 5120 1535 5173; x_wconf 89' lang='lat' dir='ltr'>colunt.</span> <span class='ocrx_word' id='word_1_489' title='bbox 1564 5117 1777 5176; x_wconf 81' lang='lat' dir='ltr'>Etenim</span> 
     </span>
     <span class='ocr_line' id='line_1_72' title="bbox 217 5186 1778 5313; baseline 0.001 -71"><span class='ocrx_word' id='word_1_490' title='bbox 217 5191 295 5313; x_wconf 56' lang='grc' dir='ltr'>Ἤ</span> <span class='ocrx_word' id='word_1_491' title='bbox 333 5188 560 5261; x_wconf 80' lang='grc' dir='ltr'>δευτέρᾳ</span> <span class='ocrx_word' id='word_1_492' title='bbox 595 5187 705 5243; x_wconf 83' lang='grc' dir='ltr'>τῶν</span> <span class='ocrx_word' id='word_1_493' title='bbox 753 5187 1001 5258; x_wconf 82' lang='grc' dir='ltr'>Ἀζύμων</span> <span class='ocrx_word' id='word_1_494' title='bbox 1048 5186 1244 5251; x_wconf 88' lang='lat' dir='ltr'>Omer,</span> <span class='ocrx_word' id='word_1_495' title='bbox 1283 5189 1398 5243; x_wconf 84' lang='lat' dir='ltr'>sive</span> <span class='ocrx_word' id='word_1_496' title='bbox 1443 5190 1778 5259; x_wconf 86' lang='lat' dir='ltr'>manipulum</span> 
     </span>
     <span class='ocr_line' id='line_1_73' title="bbox 215 5257 1776 5329; baseline -0.001 -15"><span class='ocrx_word' id='word_1_497' title='bbox 215 5274 248 5314; x_wconf 87' lang='grc' dir='ltr'>ο</span> <span class='ocrx_word' id='word_1_498' title='bbox 288 5259 541 5326; x_wconf 88' lang='lat' dir='ltr'>erebant;</span> <span class='ocrx_word' id='word_1_499' title='bbox 572 5275 602 5313; x_wconf 90' lang='lat' dir='ltr'>a</span> <span class='ocrx_word' id='word_1_500' title='bbox 635 5273 742 5328; x_wconf 87' lang='lat' dir='ltr'>qua</span> <span class='ocrx_word' id='word_1_501' title='bbox 768 5259 857 5313; x_wconf 82' lang='lat' dir='ltr'>die</span> <span class='ocrx_word' id='word_1_502' title='bbox 884 5257 1123 5311; x_wconf 85' lang='lat' dir='ltr'>Sabbato</span> <span class='ocrx_word' id='word_1_503' title='bbox 1152 5259 1353 5322; x_wconf 88' lang='lat' dir='ltr'>omnia,</span> <span class='ocrx_word' id='word_1_504' title='bbox 1384 5270 1502 5329; x_wconf 61' lang='lat' dir='ltr'>quac</span> <span class='ocrx_word' id='word_1_505' title='bbox 1529 5260 1593 5312; x_wconf 77' lang='lat' dir='ltr'>acl</span> <span class='ocrx_word' id='word_1_506' title='bbox 1634 5259 1776 5315; x_wconf 87' lang='lat' dir='ltr'>Pen-</span> 
     </span>
     <span class='ocr_line' id='line_1_74' title="bbox 218 5328 1774 5397; baseline -0.001 -14"><span class='ocrx_word' id='word_1_507' title='bbox 218 5336 463 5384; x_wconf 80' lang='lat' dir='ltr'>tecosten</span> <span class='ocrx_word' id='word_1_508' title='bbox 514 5343 701 5397; x_wconf 79' lang='lat' dir='ltr'>usque.</span> <span class='ocrx_word' id='word_1_509' title='bbox 747 5330 1132 5397; x_wconf 86' lang='lat' dir='ltr'>sequebantur,</span> <span class='ocrx_word' id='word_1_510' title='bbox 1172 5335 1366 5382; x_wconf 81' lang='lat' dir='ltr'>nomen</span> <span class='ocrx_word' id='word_1_511' title='bbox 1418 5328 1774 5395; x_wconf 79' lang='lat' dir='ltr'>obtinebant,</span> 
     </span>
     <span class='ocr_line' id='line_1_75' title="bbox 219 5394 1777 5470; baseline -0.002 -19"><span class='ocrx_word' id='word_1_512' title='bbox 219 5406 345 5468; x_wconf 85' lang='lat' dir='ltr'>puta</span> <span class='ocrx_word' id='word_1_513' title='bbox 373 5397 829 5470; x_wconf 83' lang='grc' dir='ltr'>δευτερόπρωτον,</span> <span class='ocrx_word' id='word_1_514' title='bbox 864 5394 1237 5467; x_wconf 82' lang='grc' dir='ltr'>δευτεροδεύτε</span> <span class='ocrx_word' id='word_1_515' title='bbox 1340 5437 1354 5458; x_wconf 95' lang='grc'>,</span> <span class='ocrx_word' id='word_1_516' title='bbox 1379 5405 1432 5452; x_wconf 85' lang='lat' dir='ltr'>et</span> <span class='ocrx_word' id='word_1_517' title='bbox 1466 5407 1680 5461; x_wconf 83' lang='lat' dir='ltr'>caetera,</span> <span class='ocrx_word' id='word_1_518' title='bbox 1715 5408 1777 5453; x_wconf 80' lang='lat' dir='ltr'>ut</span> 
     </span>
     <span class='ocr_line' id='line_1_76' title="bbox 216 5464 1773 5540; baseline 0.001 -19"><span class='ocrx_word' id='word_1_519' title='bbox 216 5467 345 5523; x_wconf 82' lang='lat' dir='ltr'>&#39;alibi</span> <span class='ocrx_word' id='word_1_520' title='bbox 373 5466 701 5538; x_wconf 80' lang='lat' dir='ltr'>disputatur.</span> <span class='ocrx_word' id='word_1_521' title='bbox 724 5464 1051 5520; x_wconf 85' lang='lat' dir='ltr'>Samaritani</span> <span class='ocrx_word' id='word_1_522' title='bbox 1087 5480 1217 5522; x_wconf 86' lang='lat' dir='ltr'>vero</span> <span class='ocrx_word' id='word_1_523' title='bbox 1274 5469 1501 5540; x_wconf 84' lang='grc' dir='ltr'>ευτέρας</span> <span class='ocrx_word' id='word_1_524' title='bbox 1529 5469 1773 5538; x_wconf 88' lang='lat' dir='ltr'>appella-</span> 
     </span>
     <span class='ocr_line' id='line_1_77' title="bbox 217 5536 1769 5604; baseline 0 -12"><span class='ocrx_word' id='word_1_525' title='bbox 217 5536 349 5592; x_wconf 86' lang='lat' dir='ltr'>baut</span> <span class='ocrx_word' id='word_1_526' title='bbox 386 5552 578 5594; x_wconf 90' lang='lat' dir='ltr'>omnes</span> <span class='ocrx_word' id='word_1_527' title='bbox 605 5538 862 5604; x_wconf 83' lang='lat' dir='ltr'>deinceps</span> <span class='ocrx_word' id='word_1_528' title='bbox 891 5537 1028 5601; x_wconf 86' lang='lat' dir='ltr'>dies,</span> <span class='ocrx_word' id='word_1_529' title='bbox 1061 5551 1184 5604; x_wconf 85' lang='lat' dir='ltr'>quae</span> <span class='ocrx_word' id='word_1_530' title='bbox 1218 5536 1273 5590; x_wconf 93' lang='lat' dir='ltr'>in</span> <span class='ocrx_word' id='word_1_531' title='bbox 1302 5539 1545 5593; x_wconf 84' lang='lat' dir='ltr'>eamdem</span> <span class='ocrx_word' id='word_1_532' title='bbox 1581 5538 1769 5593; x_wconf 79' lang='lat' dir='ltr'>seriam</span> 
     </span>
     <span class='ocr_line' id='line_1_78' title="bbox 214 5605 1772 5676; baseline -0.001 -15"><span class='ocrx_word' id='word_1_533' title='bbox 214 5606 526 5674; x_wconf 83' lang='lat' dir='ltr'>incurrunt,</span> <span class='ocrx_word' id='word_1_534' title='bbox 544 5609 597 5661; x_wconf 92' lang='lat' dir='ltr'>in</span> <span class='ocrx_word' id='word_1_535' title='bbox 622 5616 729 5676; x_wconf 85' lang='lat' dir='ltr'>qua</span> <span class='ocrx_word' id='word_1_536' title='bbox 751 5612 868 5660; x_wconf 82' lang='lat' dir='ltr'>erat</span> <span class='ocrx_word' id='word_1_537' title='bbox 894 5605 1125 5676; x_wconf 85' lang='grc' dir='ltr'>δευτέρα</span> <span class='ocrx_word' id='word_1_538' title='bbox 1142 5623 1156 5638; x_wconf 86' lang='grc'><em>·</em></span> <span class='ocrx_word' id='word_1_539' title='bbox 1188 5607 1260 5660; x_wconf 86' lang='lat' dir='ltr'>ita</span> <span class='ocrx_word' id='word_1_540' title='bbox 1299 5613 1357 5660; x_wconf 88' lang='lat' dir='ltr'>ut</span> <span class='ocrx_word' id='word_1_541' title='bbox 1376 5607 1517 5662; x_wconf 88' lang='lat' dir='ltr'>inter</span> <span class='ocrx_word' id='word_1_542' title='bbox 1541 5607 1772 5662; x_wconf 85' lang='lat' dir='ltr'>oblatio-</span> 
     </span>
     <span class='ocr_line' id='line_1_79' title="bbox 213 5676 1769 5739; baseline 0.001 -8"><span class='ocrx_word' id='word_1_543' title='bbox 213 5691 338 5732; x_wconf 88' lang='lat' dir='ltr'>nem</span> <span class='ocrx_word' id='word_1_544' title='bbox 393 5676 598 5739; x_wconf 77' lang='lat' dir='ltr'>Omer.</span> <span class='ocrx_word' id='word_1_545' title='bbox 641 5687 694 5731; x_wconf 88' lang='lat' dir='ltr'>et</span> <span class='ocrx_word' id='word_1_546' title='bbox 745 5677 987 5730; x_wconf 86' lang='lat' dir='ltr'>solemne</span> <span class='ocrx_word' id='word_1_547' title='bbox 1049 5677 1431 5739; x_wconf 86' lang='lat' dir='ltr'>Pentecostes‚</span> <span class='ocrx_word' id='word_1_548' title='bbox 1485 5678 1769 5732; x_wconf 87' lang='lat' dir='ltr'>incurrant</span> 
     </span>
     <span class='ocr_line' id='line_1_80' title="bbox 209 5742 1767 5819; baseline -0.002 -16"><span class='ocrx_word' id='word_1_549' title='bbox 209 5749 420 5817; x_wconf 78' lang='lat' dir='ltr'>‘septem</span> <span class='ocrx_word' id='word_1_550' title='bbox 466 5746 733 5818; x_wconf 83' lang='grc' dir='ltr'>ὅευτέραι.</span> <span class='ocrx_word' id='word_1_551' title='bbox 781 5742 918 5799; x_wconf 81' lang='lat' dir='ltr'>Vide</span> <span class='ocrx_word' id='word_1_552' title='bbox 962 5755 1196 5810; x_wconf 61' lang='lat' dir='ltr'>caetera,</span> <span class='ocrx_word' id='word_1_553' title='bbox 1243 5747 1298 5801; x_wconf 91' lang='lat' dir='ltr'>in</span> <span class='ocrx_word' id='word_1_554' title='bbox 1349 5748 1548 5819; x_wconf 86' lang='lat' dir='ltr'>quibus</span> <span class='ocrx_word' id='word_1_555' title='bbox 1584 5746 1767 5800; x_wconf 84' lang='grc' dir='ltr'>δευτέ-</span> 
     </span>
     <span class='ocr_line' id='line_1_81' title="bbox 209 5812 1768 5888; baseline -0.001 -18"><span class='ocrx_word' id='word_1_556' title='bbox 209 5833 314 5884; x_wconf 83' lang='grc' dir='ltr'>ρας</span> <span class='ocrx_word' id='word_1_557' title='bbox 339 5817 595 5888; x_wconf 86' lang='lat' dir='ltr'>appellari</span> <span class='ocrx_word' id='word_1_558' title='bbox 646 5812 1020 5885; x_wconf 75' lang='lat' dir='ltr'>celebrarique.</span> <span class='ocrx_word' id='word_1_559' title='bbox 1047 5817 1308 5871; x_wconf 80' lang='lat' dir='ltr'>duntaxat</span> <span class='ocrx_word' id='word_1_560' title='bbox 1353 5818 1474 5872; x_wconf 83' lang='lat' dir='ltr'>illas</span> <span class='ocrx_word' id='word_1_561' title='bbox 1504 5832 1533 5869; x_wconf 86' lang='lat' dir='ltr'>a</span> <span class='ocrx_word' id='word_1_562' title='bbox 1577 5813 1768 5870; x_wconf 84' lang='lat' dir='ltr'>Sama-</span> 
     </span>
     <span class='ocr_line' id='line_1_82' title="bbox 216 5885 1765 5956; baseline 0 -14"><span class='ocrx_word' id='word_1_563' title='bbox 216 5889 410 5942; x_wconf 70' lang='lat' dir='ltr'>l‘italiis</span> <span class='ocrx_word' id='word_1_564' title='bbox 449 5887 751 5956; x_wconf 72' lang='lat' dir='ltr'>significat,</span> <span class='ocrx_word' id='word_1_565' title='bbox 788 5899 906 5956; x_wconf 68' lang='lat' dir='ltr'>quae</span> <span class='ocrx_word' id='word_1_566' title='bbox 945 5886 1009 5938; x_wconf 77' lang='lat' dir='ltr'>atl</span> <span class='ocrx_word' id='word_1_567' title='bbox 1044 5885 1424 5953; x_wconf 81' lang='lat' dir='ltr'>Pentecosten,</span> <span class='ocrx_word' id='word_1_568' title='bbox 1459 5887 1570 5942; x_wconf 77' lang='lat' dir='ltr'>sire</span> <span class='ocrx_word' id='word_1_569' title='bbox 1604 5895 1765 5951; x_wconf 45' lang='lat' dir='ltr'>nnn·</span> 
     </span>
    </p>
   </div>
   <div class='ocr_carea' id='block_1_17' title="bbox 526 5978 1143 6039">
    <p class='ocr_par' dir='ltr' id='par_1_19' title="bbox 526 5978 1143 6039">
     <span class='ocr_line' id='line_1_83' title="bbox 526 5978 1143 6039; baseline -0.002 0"><span class='ocrx_word' id='word_1_570' title='bbox 526 5980 798 6039; x_wconf 66' lang='lat' dir='ltr'>Parnoi..</span> <span class='ocrx_word' id='word_1_571' title='bbox 835 5978 878 6036; x_wconf 81' lang='lat' dir='ltr'>G</span> <span class='ocrx_word' id='word_1_572' title='bbox 893 5997 950 6036; x_wconf 83' lang='grc' dir='ltr'>ιι.</span> <span class='ocrx_word' id='word_1_573' title='bbox 988 5980 1035 6037; x_wconf 77' lang='lat' dir='ltr'>X</span> <span class='ocrx_word' id='word_1_574' title='bbox 1054 5979 1143 6038; x_wconf 85' lang='lat' dir='ltr'>Ll.</span> 
     </span>
    </p>
   </div>
   <div class='ocr_carea' id='block_1_18' title="bbox 1828 4981 2054 5039">
    <p class='ocr_par' dir='ltr' id='par_1_20' title="bbox 1828 4981 2054 5039">
     <span class='ocr_line' id='line_1_84' title="bbox 1828 4981 2054 5039; baseline 0.013 -3"><span class='ocrx_word' id='word_1_575' title='bbox 1828 4987 1848 5004; x_wconf 82' lang='grc'><em>·</em></span> <span class='ocrx_word' id='word_1_576' title='bbox 1880 4981 2054 5039; x_wconf 91' lang='lat' dir='ltr'>Porro</span> 
     </span>
    </p>
   </div>
   <div class='ocr_carea' id='block_1_19' title="bbox 1889 1988 3463 2606">
    <p class='ocr_par' dir='ltr' id='par_1_21' title="bbox 1889 1988 3463 2606">
     <span class='ocr_line' id='line_1_85' title="bbox 1893 1988 3462 2059; baseline -0.002 -16"><span class='ocrx_word' id='word_1_577' title='bbox 1893 2004 2013 2043; x_wconf 89' lang='lat' dir='ltr'>rum</span> <span class='ocrx_word' id='word_1_578' title='bbox 2035 2004 2174 2059; x_wconf 90' lang='lat' dir='ltr'>quas</span> <span class='ocrx_word' id='word_1_579' title='bbox 2203 1989 2445 2045; x_wconf 85' lang='lat' dir='ltr'>diximus</span> <span class='ocrx_word' id='word_1_580' title='bbox 2480 1988 2859 2044; x_wconf 88' lang='lat' dir='ltr'>celebritatum</span> <span class='ocrx_word' id='word_1_581' title='bbox 2884 1996 3129 2059; x_wconf 86' lang='lat' dir='ltr'>tempora</span> <span class='ocrx_word' id='word_1_582' title='bbox 3156 1992 3462 2044; x_wconf 88' lang='lat' dir='ltr'>commuta·</span> 
     </span>
     <span class='ocr_line' id='line_1_86' title="bbox 1890 2079 3463 2151; baseline 0 -16"><span class='ocrx_word' id='word_1_583' title='bbox 1890 2089 2069 2135; x_wconf 87' lang='lat' dir='ltr'>runt:</span> <span class='ocrx_word' id='word_1_584' title='bbox 2115 2080 2351 2150; x_wconf 87' lang='lat' dir='ltr'>primum</span> <span class='ocrx_word' id='word_1_585' title='bbox 2371 2079 2496 2135; x_wconf 86' lang='lat' dir='ltr'>irati</span> <span class='ocrx_word' id='word_1_586' title='bbox 2536 2079 2752 2146; x_wconf 78' lang='lat' dir='ltr'>Esdrae3</span> <span class='ocrx_word' id='word_1_587' title='bbox 2800 2079 2997 2136; x_wconf 88' lang='lat' dir='ltr'>deinde</span> <span class='ocrx_word' id='word_1_588' title='bbox 3043 2080 3188 2151; x_wconf 87' lang='lat' dir='ltr'>quod</span> <span class='ocrx_word' id='word_1_589' title='bbox 3235 2085 3463 2150; x_wconf 65' lang='lat' dir='ltr'>praeter·</span> 
     </span>
     <span class='ocr_line' id='line_1_87' title="bbox 1889 2169 3462 2242; baseline 0 -16"><span class='ocrx_word' id='word_1_590' title='bbox 1889 2170 2142 2226; x_wconf 84' lang='lat' dir='ltr'>euntium</span> <span class='ocrx_word' id='word_1_591' title='bbox 2169 2169 2465 2226; x_wconf 88' lang='lat' dir='ltr'>occasione</span> <span class='ocrx_word' id='word_1_592' title='bbox 2530 2171 2600 2224; x_wconf 85' lang='lat' dir='ltr'>ad</span> <span class='ocrx_word' id='word_1_593' title='bbox 2628 2170 2813 2242; x_wconf 72' lang='lat' dir='ltr'>Jurgia</span> <span class='ocrx_word' id='word_1_594' title='bbox 2865 2179 3321 2242; x_wconf 73' lang='lat' dir='ltr'>provocarentur.</span> <span class='ocrx_word' id='word_1_595' title='bbox 3347 2170 3462 2226; x_wconf 77' lang='lat' dir='ltr'>Cae-</span> 
     </span>
     <span class='ocr_line' id='line_1_88' title="bbox 1892 2256 3463 2331; baseline -0.002 -16"><span class='ocrx_word' id='word_1_596' title='bbox 1892 2271 2069 2316; x_wconf 89' lang='lat' dir='ltr'>terum</span> <span class='ocrx_word' id='word_1_597' title='bbox 2106 2260 2183 2314; x_wconf 92' lang='lat' dir='ltr'>illi</span> <span class='ocrx_word' id='word_1_598' title='bbox 2218 2273 2461 2315; x_wconf 89' lang='lat' dir='ltr'>mensem</span> <span class='ocrx_word' id='word_1_599' title='bbox 2527 2274 2725 2315; x_wconf 89' lang='lat' dir='ltr'>novum</span> <span class='ocrx_word' id='word_1_600' title='bbox 2756 2258 3090 2330; x_wconf 79' lang='lat' dir='ltr'>Azymorum</span> <span class='ocrx_word' id='word_1_601' title='bbox 3148 2273 3274 2331; x_wconf 84' lang='lat' dir='ltr'>post</span> <span class='ocrx_word' id='word_1_602' title='bbox 3330 2256 3463 2316; x_wconf 78' lang='lat' dir='ltr'>anni</span> 
     </span>
     <span class='ocr_line' id='line_1_89' title="bbox 1891 2348 3462 2421; baseline -0.001 -14"><span class='ocrx_word' id='word_1_603' title='bbox 1891 2351 2018 2407; x_wconf 83' lang='lat' dir='ltr'>novi</span> <span class='ocrx_word' id='word_1_604' title='bbox 2044 2348 2373 2421; x_wconf 81' lang='lat' dir='ltr'>principium</span> <span class='ocrx_word' id='word_1_605' title='bbox 2409 2349 2718 2416; x_wconf 87' lang='lat' dir='ltr'>collocant;</span> <span class='ocrx_word' id='word_1_606' title='bbox 2748 2350 2904 2421; x_wconf 86' lang='lat' dir='ltr'>isque</span> <span class='ocrx_word' id='word_1_607' title='bbox 2940 2350 2994 2404; x_wconf 92' lang='lat' dir='ltr'>in</span> <span class='ocrx_word' id='word_1_608' title='bbox 3030 2359 3355 2405; x_wconf 87' lang='lat' dir='ltr'>autumnum</span> <span class='ocrx_word' id='word_1_609' title='bbox 3380 2348 3462 2405; x_wconf 87' lang='lat' dir='ltr'>in-</span> 
     </span>
     <span class='ocr_line' id='line_1_90' title="bbox 1890 2439 3462 2524; baseline -0.001 -26"><span class='ocrx_word' id='word_1_610' title='bbox 1890 2442 2025 2498; x_wconf 86' lang='lat' dir='ltr'>cidit</span> <span class='ocrx_word' id='word_1_611' title='bbox 2046 2448 2170 2513; x_wconf 90' lang='lat' dir='ltr'>post</span> <span class='ocrx_word' id='word_1_612' title='bbox 2192 2456 2434 2496; x_wconf 84' lang='lat' dir='ltr'>mensem</span> <span class='ocrx_word' id='word_1_613' title='bbox 2464 2439 2629 2507; x_wconf 86' lang='lat' dir='ltr'>Tisri,</span> <span class='ocrx_word' id='word_1_614' title='bbox 2656 2441 2749 2512; x_wconf 90' lang='lat' dir='ltr'>qui</span> <span class='ocrx_word' id='word_1_615' title='bbox 2780 2456 2809 2496; x_wconf 91' lang='lat' dir='ltr'>a</span> <span class='ocrx_word' id='word_1_616' title='bbox 2863 2440 3127 2498; x_wconf 84' lang='lat' dir='ltr'>Romanis</span> <span class='ocrx_word' id='word_1_617' title='bbox 3184 2441 3462 2524; x_wconf 74' lang='lat' dir='ltr'>Augustus</span> 
     </span>
     <span class='ocr_line' id='line_1_91' title="bbox 1891 2530 3460 2606; baseline -0.003 -16"><span class='ocrx_word' id='word_1_618' title='bbox 1891 2535 2218 2606; x_wconf 86' lang='lat' dir='ltr'>appellatur,</span> <span class='ocrx_word' id='word_1_619' title='bbox 2253 2533 2323 2588; x_wconf 89' lang='lat' dir='ltr'>ab</span> <span class='ocrx_word' id='word_1_620' title='bbox 2358 2531 2632 2603; x_wconf 81' lang='lat' dir='ltr'>AEgyptiis</span> <span class='ocrx_word' id='word_1_621' title='bbox 2667 2530 2886 2600; x_wconf 78' lang='lat' dir='ltr'>Mesori,</span> <span class='ocrx_word' id='word_1_622' title='bbox 2943 2531 3225 2604; x_wconf 85' lang='lat' dir='ltr'>Gorpiaeus</span> <span class='ocrx_word' id='word_1_623' title='bbox 3279 2548 3309 2588; x_wconf 87' lang='lat' dir='ltr'>a</span> <span class='ocrx_word' id='word_1_624' title='bbox 3350 2530 3460 2586; x_wconf 77' lang='lat' dir='ltr'>Ma·</span> 
     </span>
    </p>
   </div>
   <div class='ocr_carea' id='block_1_20' title="bbox 1873 2816 3461 5476">
    <p class='ocr_par' dir='ltr' id='par_1_22' title="bbox 1881 2816 3461 4227">
     <span class='ocr_line' id='line_1_92' title="bbox 1892 2816 3461 2889; baseline -0.004 -10"><span class='ocrx_word' id='word_1_625' title='bbox 1892 2821 2219 2879; x_wconf 71' lang='lat' dir='ltr'>succedunt.</span> <span class='ocrx_word' id='word_1_626' title='bbox 2265 2821 2422 2877; x_wconf 83' lang='lat' dir='ltr'>Untlc</span> <span class='ocrx_word' id='word_1_627' title='bbox 2473 2818 2887 2883; x_wconf 72' lang='grc' dir='ltr'>Σεὸουαίους.ει</span> <span class='ocrx_word' id='word_1_628' title='bbox 2929 2817 3312 2889; x_wconf 69' lang='grc' dir='ltr'>Ἐὃδοματίτας</span> <span class='ocrx_word' id='word_1_629' title='bbox 3351 2816 3461 2873; x_wconf 76' lang='lat' dir='ltr'>diti</span> 
     </span>
     <span class='ocr_line' id='line_1_93' title="bbox 1894 2887 3458 2958; baseline -0.004 -9"><span class='ocrx_word' id='word_1_630' title='bbox 1894 2894 2269 2949; x_wconf 80' lang='lat' dir='ltr'>Samaritanus</span> <span class='ocrx_word' id='word_1_631' title='bbox 2306 2908 2335 2944; x_wconf 87' lang='lat' dir='ltr'>a</span> <span class='ocrx_word' id='word_1_632' title='bbox 2380 2889 2585 2945; x_wconf 77' lang='lat' dir='ltr'>Judaeis</span> <span class='ocrx_word' id='word_1_633' title='bbox 2620 2890 2837 2951; x_wconf 86' lang='lat' dir='ltr'>asserit,</span> <span class='ocrx_word' id='word_1_634' title='bbox 2868 2891 3012 2958; x_wconf 80' lang='lat' dir='ltr'>quod</span> <span class='ocrx_word' id='word_1_635' title='bbox 3041 2903 3254 2942; x_wconf 89' lang='lat' dir='ltr'>omnem</span> <span class='ocrx_word' id='word_1_636' title='bbox 3276 2887 3458 2942; x_wconf 81' lang='grc' dir='ltr'>δευτέ-</span> 
     </span>
     <span class='ocr_line' id='line_1_94' title="bbox 1895 2957 3460 3038; baseline -0.007 -20"><span class='ocrx_word' id='word_1_637' title='bbox 1895 2982 1993 3038; x_wconf 89' lang='grc' dir='ltr'>ραν</span> <span class='ocrx_word' id='word_1_638' title='bbox 2037 2963 2145 3016; x_wconf 83' lang='grc' dir='ltr'>τῶν</span> <span class='ocrx_word' id='word_1_639' title='bbox 2178 2960 2317 3015; x_wconf 83' lang='grc' dir='ltr'>ἑπτὰ</span> <span class='ocrx_word' id='word_1_640' title='bbox 2361 2961 2459 3030; x_wconf 82' lang='grc' dir='ltr'>τῆς</span> <span class='ocrx_word' id='word_1_641' title='bbox 2503 2959 2879 3029; x_wconf 78' lang='grc' dir='ltr'>Πεντηκοστῆς</span> <span class='ocrx_word' id='word_1_642' title='bbox 2924 2957 3231 3027; x_wconf 78' lang='grc' dir='ltr'>ἑὸδομάδων</span> <span class='ocrx_word' id='word_1_643' title='bbox 3269 2957 3460 3012; x_wconf 78' lang='lat' dir='ltr'>eaden·</span> 
     </span>
     <span class='ocr_line' id='line_1_95' title="bbox 1892 3027 3459 3105; baseline -0.005 -16"><span class='ocrx_word' id='word_1_644' title='bbox 1892 3034 2174 3105; x_wconf 79' lang='lat' dir='ltr'>religione,</span> <span class='ocrx_word' id='word_1_645' title='bbox 2242 3047 2308 3086; x_wconf 84' lang='lat' dir='ltr'>na</span> <span class='ocrx_word' id='word_1_646' title='bbox 2347 3031 2525 3100; x_wconf 87' lang='lat' dir='ltr'>ipsum</span> <span class='ocrx_word' id='word_1_647' title='bbox 2556 3029 2934 3099; x_wconf 84' lang='grc' dir='ltr'>Πεντηκοστῆς</span> <span class='ocrx_word' id='word_1_648' title='bbox 2966 3028 3110 3082; x_wconf 86' lang='lat' dir='ltr'>diem</span> <span class='ocrx_word' id='word_1_649' title='bbox 3150 3027 3358 3081; x_wconf 84' lang='lat' dir='ltr'>colunt.</span> <span class='ocrx_word' id='word_1_650' title='bbox 3391 3030 3459 3081; x_wconf 76' lang='lat' dir='ltr'>At</span> 
     </span>
     <span class='ocr_line' id='line_1_96' title="bbox 1891 3094 3459 3167; baseline -0.008 -6"><span class='ocrx_word' id='word_1_651' title='bbox 1891 3105 2038 3161; x_wconf 90' lang='lat' dir='ltr'>idem</span> <span class='ocrx_word' id='word_1_652' title='bbox 2080 3104 2134 3158; x_wconf 92' lang='lat' dir='ltr'>in</span> <span class='ocrx_word' id='word_1_653' title='bbox 2231 3102 2411 3157; x_wconf 79' lang='lat' dir='ltr'>leuclio</span> <span class='ocrx_word' id='word_1_654' title='bbox 2452 3097 2764 3154; x_wconf 82' lang='lat' dir='ltr'>Tribaeresii</span> <span class='ocrx_word' id='word_1_655' title='bbox 2803 3113 2925 3167; x_wconf 86' lang='lat' dir='ltr'>cap.</span> <span class='ocrx_word' id='word_1_656' title='bbox 2979 3097 3030 3163; x_wconf 87' lang='grc'>1,</span> <span class='ocrx_word' id='word_1_657' title='bbox 3077 3094 3335 3151; x_wconf 86' lang='lat' dir='ltr'>Sebuaeos</span> <span class='ocrx_word' id='word_1_658' title='bbox 3384 3095 3459 3149; x_wconf 80' lang='lat' dir='ltr'>ait</span> 
     </span>
     <span class='ocr_line' id='line_1_97' title="bbox 1896 3166 3460 3246; baseline -0.003 -16"><span class='ocrx_word' id='word_1_659' title='bbox 1896 3175 2101 3246; x_wconf 88' lang='lat' dir='ltr'>septies</span> <span class='ocrx_word' id='word_1_660' title='bbox 2143 3174 2198 3228; x_wconf 90' lang='lat' dir='ltr'>in</span> <span class='ocrx_word' id='word_1_661' title='bbox 2254 3171 2618 3226; x_wconf 74' lang='lat' dir='ltr'>Pentecosten</span> <span class='ocrx_word' id='word_1_662' title='bbox 2661 3170 3003 3223; x_wconf 86' lang='lat' dir='ltr'>instaurasse</span> <span class='ocrx_word' id='word_1_663' title='bbox 3038 3185 3052 3221; x_wconf 92' lang='lat'><strong>:</strong></span> <span class='ocrx_word' id='word_1_664' title='bbox 3098 3166 3332 3239; x_wconf 86' lang='lat' dir='ltr'>indeque</span> <span class='ocrx_word' id='word_1_665' title='bbox 3380 3172 3460 3227; x_wconf 73' lang='lat' dir='ltr'>fa·</span> 
     </span>
     <span class='ocr_line' id='line_1_98' title="bbox 1892 3235 3459 3308; baseline -0.003 -6"><span class='ocrx_word' id='word_1_666' title='bbox 1892 3254 2063 3308; x_wconf 90' lang='lat' dir='ltr'>ctum,</span> <span class='ocrx_word' id='word_1_667' title='bbox 2092 3243 2231 3297; x_wconf 88' lang='lat' dir='ltr'>utin</span> <span class='ocrx_word' id='word_1_668' title='bbox 2268 3247 2611 3301; x_wconf 88' lang='lat' dir='ltr'>autumnum,</span> <span class='ocrx_word' id='word_1_669' title='bbox 2652 3238 2706 3292; x_wconf 93' lang='lat' dir='ltr'>in</span> <span class='ocrx_word' id='word_1_670' title='bbox 2755 3237 2970 3292; x_wconf 84' lang='lat' dir='ltr'>hiemen</span> <span class='ocrx_word' id='word_1_671' title='bbox 3001 3243 3057 3292; x_wconf 91' lang='lat' dir='ltr'>et</span> <span class='ocrx_word' id='word_1_672' title='bbox 3097 3235 3151 3290; x_wconf 90' lang='lat' dir='ltr'>ln</span> <span class='ocrx_word' id='word_1_673' title='bbox 3189 3254 3283 3294; x_wconf 71' lang='lat' dir='ltr'>ver</span> <span class='ocrx_word' id='word_1_674' title='bbox 3316 3241 3459 3297; x_wconf 91' lang='lat' dir='ltr'>inci-</span> 
     </span>
     <span class='ocr_line' id='line_1_99' title="bbox 1887 3305 3457 3383; baseline -0.01 -13"><span class='ocrx_word' id='word_1_675' title='bbox 1887 3316 2079 3369; x_wconf 86' lang='lat' dir='ltr'>deret:</span> <span class='ocrx_word' id='word_1_676' title='bbox 2124 3318 2433 3383; x_wconf 90' lang='lat' dir='ltr'>propterea‚</span> <span class='ocrx_word' id='word_1_677' title='bbox 2473 3309 2618 3379; x_wconf 90' lang='lat' dir='ltr'>quod</span> <span class='ocrx_word' id='word_1_678' title='bbox 2660 3309 2764 3362; x_wconf 80' lang='lat' dir='ltr'>boc</span> <span class='ocrx_word' id='word_1_679' title='bbox 2821 3307 2942 3361; x_wconf 93' lang='lat' dir='ltr'>loco</span> <span class='ocrx_word' id='word_1_680' title='bbox 2992 3305 3185 3361; x_wconf 88' lang='lat' dir='ltr'>scribit</span> <span class='ocrx_word' id='word_1_681' title='bbox 3220 3309 3457 3380; x_wconf 65' lang='lat' dir='ltr'>Epiphn-</span> 
     </span>
     <span class='ocr_line' id='line_1_100' title="bbox 1887 3375 3458 3445; baseline -0.003 -5"><span class='ocrx_word' id='word_1_682' title='bbox 1887 3385 2015 3440; x_wconf 90' lang='lat' dir='ltr'>nius</span> <span class='ocrx_word' id='word_1_683' title='bbox 2044 3382 2405 3438; x_wconf 85' lang='lat' dir='ltr'>Pentecosten</span> <span class='ocrx_word' id='word_1_684' title='bbox 2438 3379 2561 3434; x_wconf 88' lang='lat' dir='ltr'>illos</span> <span class='ocrx_word' id='word_1_685' title='bbox 2592 3380 2647 3433; x_wconf 91' lang='lat' dir='ltr'>in</span> <span class='ocrx_word' id='word_1_686' title='bbox 2676 3384 2941 3433; x_wconf 88' lang='lat' dir='ltr'>autumno</span> <span class='ocrx_word' id='word_1_687' title='bbox 2969 3375 3297 3445; x_wconf 81' lang='lat' dir='ltr'>celebrasse,</span> <span class='ocrx_word' id='word_1_688' title='bbox 3346 3396 3458 3438; x_wconf 82' lang='lat' dir='ltr'>non</span> 
     </span>
     <span class='ocr_line' id='line_1_101' title="bbox 1886 3447 3457 3517; baseline -0.003 -10"><span class='ocrx_word' id='word_1_689' title='bbox 1886 3456 2065 3511; x_wconf 87' lang='lat' dir='ltr'>solum</span> <span class='ocrx_word' id='word_1_690' title='bbox 2108 3453 2160 3507; x_wconf 91' lang='lat' dir='ltr'>id</span> <span class='ocrx_word' id='word_1_691' title='bbox 2210 3463 2507 3509; x_wconf 86' lang='lat' dir='ltr'>autumno.</span> <span class='ocrx_word' id='word_1_692' title='bbox 2546 3449 2640 3503; x_wconf 85' lang='lat' dir='ltr'>sed</span> <span class='ocrx_word' id='word_1_693' title='bbox 2683 3448 2739 3501; x_wconf 92' lang='lat' dir='ltr'>in</span> <span class='ocrx_word' id='word_1_694' title='bbox 2768 3457 3010 3517; x_wconf 90' lang='lat' dir='ltr'>quatuor</span> <span class='ocrx_word' id='word_1_695' title='bbox 3046 3447 3176 3501; x_wconf 90' lang='lat' dir='ltr'>anni</span> <span class='ocrx_word' id='word_1_696' title='bbox 3208 3451 3457 3508; x_wconf 76' lang='lat' dir='ltr'>artlculis</span> 
     </span>
     <span class='ocr_line' id='line_1_102' title="bbox 1885 3514 3458 3595; baseline -0.001 -18"><span class='ocrx_word' id='word_1_697' title='bbox 1885 3518 2086 3595; x_wconf 82' lang='lat' dir='ltr'>egisse.</span> <span class='ocrx_word' id='word_1_698' title='bbox 2119 3522 2274 3588; x_wconf 85' lang='lat' dir='ltr'>Quod</span> <span class='ocrx_word' id='word_1_699' title='bbox 2309 3528 2392 3575; x_wconf 87' lang='lat' dir='ltr'>est</span> <span class='ocrx_word' id='word_1_700' title='bbox 2426 3517 2734 3587; x_wconf 73' lang='lat' dir='ltr'>aenigmatis</span> <span class='ocrx_word' id='word_1_701' title='bbox 2762 3518 2962 3572; x_wconf 88' lang='lat' dir='ltr'>simile.</span> <span class='ocrx_word' id='word_1_702' title='bbox 2995 3514 3282 3582; x_wconf 85' lang='lat' dir='ltr'>Quomodo</span> <span class='ocrx_word' id='word_1_703' title='bbox 3307 3521 3458 3577; x_wconf 89' lang='lat' dir='ltr'>enim</span> 
     </span>
     <span class='ocr_line' id='line_1_103' title="bbox 1884 3586 3456 3659; baseline -0.005 -13"><span class='ocrx_word' id='word_1_704' title='bbox 1884 3593 2254 3649; x_wconf 82' lang='lat' dir='ltr'>Pentecosten</span> <span class='ocrx_word' id='word_1_705' title='bbox 2286 3592 2340 3645; x_wconf 93' lang='lat' dir='ltr'>in</span> <span class='ocrx_word' id='word_1_706' title='bbox 2369 3599 2605 3659; x_wconf 75' lang='lat' dir='ltr'>quatuor</span> <span class='ocrx_word' id='word_1_707' title='bbox 2642 3587 2770 3641; x_wconf 89' lang='lat' dir='ltr'>anni</span> <span class='ocrx_word' id='word_1_708' title='bbox 2810 3586 3151 3656; x_wconf 85' lang='lat' dir='ltr'>temporibus</span> <span class='ocrx_word' id='word_1_709' title='bbox 3185 3587 3456 3644; x_wconf 81' lang='lat' dir='ltr'>instaura.</span> 
     </span>
     <span class='ocr_line' id='line_1_104' title="bbox 1887 3653 3455 3728; baseline -0.003 -10"><span class='ocrx_word' id='word_1_710' title='bbox 1887 3663 2042 3724; x_wconf 85' lang='lat' dir='ltr'>bant,</span> <span class='ocrx_word' id='word_1_711' title='bbox 2084 3662 2128 3716; x_wconf 87' lang='lat' dir='ltr'>si</span> <span class='ocrx_word' id='word_1_712' title='bbox 2177 3663 2232 3715; x_wconf 90' lang='lat' dir='ltr'>in</span> <span class='ocrx_word' id='word_1_713' title='bbox 2269 3663 2449 3728; x_wconf 84' lang='lat' dir='ltr'>spatio</span> <span class='ocrx_word' id='word_1_714' title='bbox 2502 3660 2595 3713; x_wconf 92' lang='lat' dir='ltr'>illo</span> <span class='ocrx_word' id='word_1_715' title='bbox 2644 3667 2876 3718; x_wconf 86' lang='lat' dir='ltr'>tantum.</span> <span class='ocrx_word' id='word_1_716' title='bbox 2908 3655 3054 3725; x_wconf 90' lang='lat' dir='ltr'>quod</span> <span class='ocrx_word' id='word_1_717' title='bbox 3085 3654 3156 3710; x_wconf 86' lang='lat' dir='ltr'>ab</span> <span class='ocrx_word' id='word_1_718' title='bbox 3196 3653 3360 3713; x_wconf 88' lang='lat' dir='ltr'>Omer</span> <span class='ocrx_word' id='word_1_719' title='bbox 3386 3663 3455 3716; x_wconf 82' lang='lat' dir='ltr'>ad</span> 
     </span>
     <span class='ocr_line' id='line_1_105' title="bbox 1885 3725 3456 3797; baseline -0.004 -9"><span class='ocrx_word' id='word_1_720' title='bbox 1885 3733 2243 3788; x_wconf 85' lang='lat' dir='ltr'>Pentecosten</span> <span class='ocrx_word' id='word_1_721' title='bbox 2292 3726 2600 3787; x_wconf 82' lang='lat' dir='ltr'>intercedit,</span> <span class='ocrx_word' id='word_1_722' title='bbox 2630 3727 2729 3790; x_wconf 77' lang='grc' dir='ltr'>τὰς</span> <span class='ocrx_word' id='word_1_723' title='bbox 2757 3725 3015 3797; x_wconf 79' lang='grc' dir='ltr'>δευτέρας</span> <span class='ocrx_word' id='word_1_724' title='bbox 3045 3732 3248 3794; x_wconf 88' lang='lat' dir='ltr'>septem</span> <span class='ocrx_word' id='word_1_725' title='bbox 3285 3726 3456 3784; x_wconf 76' lang='lat' dir='ltr'>festas</span> 
     </span>
     <span class='ocr_line' id='line_1_106' title="bbox 1884 3795 3451 3864; baseline -0.003 -8"><span class='ocrx_word' id='word_1_726' title='bbox 1884 3808 1948 3856; x_wconf 83' lang='lat' dir='ltr'>a&#39;c</span> <span class='ocrx_word' id='word_1_727' title='bbox 1988 3801 2260 3856; x_wconf 80' lang='lat' dir='ltr'>solemnes</span> <span class='ocrx_word' id='word_1_728' title='bbox 2294 3798 2598 3851; x_wconf 87' lang='lat' dir='ltr'>ducerent?</span> <span class='ocrx_word' id='word_1_729' title='bbox 2625 3796 2854 3850; x_wconf 88' lang='lat' dir='ltr'>Drusius</span> <span class='ocrx_word' id='word_1_730' title='bbox 2883 3812 2911 3848; x_wconf 83' lang='lat' dir='ltr'>a</span> <span class='ocrx_word' id='word_1_731' title='bbox 2947 3795 3164 3855; x_wconf 85' lang='lat' dir='ltr'>Sebaia,</span> <span class='ocrx_word' id='word_1_732' title='bbox 3193 3797 3288 3864; x_wconf 89' lang='lat' dir='ltr'>qui</span> <span class='ocrx_word' id='word_1_733' title='bbox 3321 3808 3451 3852; x_wconf 83' lang='lat' dir='ltr'>cuin</span> 
     </span>
     <span class='ocr_line' id='line_1_107' title="bbox 1883 3865 3455 3942; baseline -0.002 -18"><span class='ocrx_word' id='word_1_734' title='bbox 1883 3871 1951 3925; x_wconf 82' lang='lat' dir='ltr'>R.</span> <span class='ocrx_word' id='word_1_735' title='bbox 1973 3869 2199 3926; x_wconf 88' lang='lat' dir='ltr'>Dostbai</span> <span class='ocrx_word' id='word_1_736' title='bbox 2230 3868 2295 3921; x_wconf 69' lang='grc' dir='ltr'>’.ιιι</span> <span class='ocrx_word' id='word_1_737' title='bbox 2324 3882 2494 3921; x_wconf 83' lang='lat' dir='ltr'>novos</span> <span class='ocrx_word' id='word_1_738' title='bbox 2519 3866 2780 3920; x_wconf 82' lang='lat' dir='ltr'>Samariae</span> <span class='ocrx_word' id='word_1_739' title='bbox 2801 3865 3100 3934; x_wconf 86' lang='lat' dir='ltr'>inquilinos</span> <span class='ocrx_word' id='word_1_740' title='bbox 3123 3866 3455 3942; x_wconf 78' lang='lat' dir='ltr'>erudiendos</span> 
     </span>
     <span class='ocr_line' id='line_1_108' title="bbox 1882 3935 3455 4000; baseline -0.006 -4"><span class='ocrx_word' id='word_1_741' title='bbox 1882 3956 1951 3996; x_wconf 85' lang='lat' dir='ltr'>ex</span> <span class='ocrx_word' id='word_1_742' title='bbox 1978 3940 2081 3996; x_wconf 77' lang='lat' dir='ltr'>Ass</span> <span class='ocrx_word' id='word_1_743' title='bbox 2122 3940 2201 3992; x_wconf 87' lang='lat' dir='ltr'>ria</span> <span class='ocrx_word' id='word_1_744' title='bbox 2226 3938 2427 3992; x_wconf 89' lang='lat' dir='ltr'>missus</span> <span class='ocrx_word' id='word_1_745' title='bbox 2452 3945 2557 4000; x_wconf 90' lang='lat' dir='ltr'>est,</span> <span class='ocrx_word' id='word_1_746' title='bbox 2579 3935 2812 3990; x_wconf 85' lang='lat' dir='ltr'>derivat.</span> <span class='ocrx_word' id='word_1_747' title='bbox 2833 3935 3122 3990; x_wconf 85' lang='lat' dir='ltr'>Probabile</span> <span class='ocrx_word' id='word_1_748' title='bbox 3144 3945 3279 3990; x_wconf 88' lang='lat' dir='ltr'>esta</span> <span class='ocrx_word' id='word_1_749' title='bbox 3306 3946 3455 3999; x_wconf 54' lang='lat' dir='ltr'>{nv</span> 
     </span>
     <span class='ocr_line' id='line_1_109' title="bbox 1883 3957 3455 4074; baseline -0.004 -8"><span class='ocrx_word' id='word_1_750' title='bbox 1883 4011 1938 4066; x_wconf 90' lang='lat' dir='ltr'>id</span> <span class='ocrx_word' id='word_1_751' title='bbox 1971 4020 2052 4065; x_wconf 90' lang='lat' dir='ltr'>est</span> <span class='ocrx_word' id='word_1_752' title='bbox 2084 3957 2422 4064; x_wconf 48' lang='lat' dir='ltr'>bebdomade</span> <span class='ocrx_word' id='word_1_753' title='bbox 2455 4007 2632 4060; x_wconf 89' lang='lat' dir='ltr'>dictos</span> <span class='ocrx_word' id='word_1_754' title='bbox 2664 4020 2808 4068; x_wconf 79' lang='lat' dir='ltr'>esse,</span> <span class='ocrx_word' id='word_1_755' title='bbox 2844 4007 2985 4074; x_wconf 89' lang='lat' dir='ltr'>quod</span> <span class='ocrx_word' id='word_1_756' title='bbox 3022 4012 3080 4058; x_wconf 91' lang='lat' dir='ltr'>ut</span> <span class='ocrx_word' id='word_1_757' title='bbox 3120 4002 3455 4060; x_wconf 78' lang='lat' dir='ltr'>Samaritani</span> 
     </span>
     <span class='ocr_line' id='line_1_110' title="bbox 1882 4075 3454 4148; baseline -0.003 -13"><span class='ocrx_word' id='word_1_758' title='bbox 1882 4080 2065 4135; x_wconf 82' lang='lat' dir='ltr'>caeteri</span> <span class='ocrx_word' id='word_1_759' title='bbox 2094 4078 2193 4141; x_wconf 78' lang='grc' dir='ltr'>τὰς</span> <span class='ocrx_word' id='word_1_760' title='bbox 2220 4076 2479 4148; x_wconf 79' lang='grc' dir='ltr'>δευτέρας</span> <span class='ocrx_word' id='word_1_761' title='bbox 2509 4075 2711 4144; x_wconf 84' lang='lat' dir='ltr'>septies</span> <span class='ocrx_word' id='word_1_762' title='bbox 2743 4075 2833 4128; x_wconf 90' lang='lat' dir='ltr'>illo</span> <span class='ocrx_word' id='word_1_763' title='bbox 2868 4075 3134 4130; x_wconf 83' lang='lat' dir='ltr'>duntaxat</span> <span class='ocrx_word' id='word_1_764' title='bbox 3165 4075 3454 4130; x_wconf 79' lang='lat' dir='ltr'>intervallo</span> 
     </span>
     <span class='ocr_line' id='line_1_111' title="bbox 1881 4144 3237 4227; baseline -0.005 -22"><span class='ocrx_word' id='word_1_765' title='bbox 1881 4151 2242 4210; x_wconf 85' lang='lat' dir='ltr'>celebrarent,</span> <span class='ocrx_word' id='word_1_766' title='bbox 2274 4147 2419 4227; x_wconf 63' lang='lat' dir='ltr'>qjiotl</span> <span class='ocrx_word' id='word_1_767' title='bbox 2445 4146 2511 4201; x_wconf 91' lang='lat' dir='ltr'>ad</span> <span class='ocrx_word' id='word_1_768' title='bbox 2539 4145 2893 4200; x_wconf 81' lang='lat' dir='ltr'>Pentecosten</span> <span class='ocrx_word' id='word_1_769' title='bbox 2929 4144 3237 4200; x_wconf 82' lang='lat' dir='ltr'>intercedit.</span> 
     </span>
    </p>

    <p class='ocr_par' dir='ltr' id='par_1_23' title="bbox 1880 4212 3453 4620">
     <span class='ocr_line' id='line_1_112' title="bbox 1954 4212 3453 4288; baseline -0.001 -16"><span class='ocrx_word' id='word_1_770' title='bbox 1954 4219 2064 4288; x_wconf 88' lang='grc'>(77)</span> <span class='ocrx_word' id='word_1_771' title='bbox 2104 4217 2206 4271; x_wconf 79' lang='grc' dir='ltr'>Διά</span> <span class='ocrx_word' id='word_1_772' title='bbox 2239 4233 2454 4285; x_wconf 74' lang='grc' dir='ltr'>μην-ιν,</span> <span class='ocrx_word' id='word_1_773' title='bbox 2500 4215 2595 4268; x_wconf 79' lang='grc' dir='ltr'>καὶ</span> <span class='ocrx_word' id='word_1_774' title='bbox 2646 4215 2834 4284; x_wconf 65' lang='grc' dir='ltr'>ὀργὴν</span> <span class='ocrx_word' id='word_1_775' title='bbox 2868 4215 3225 4284; x_wconf 76' lang='grc' dir='ltr'>μετέθηκαν.</span> <span class='ocrx_word' id='word_1_776' title='bbox 3272 4212 3453 4286; x_wconf 73' lang='lat' dir='ltr'>Supra</span> 
     </span>
     <span class='ocr_line' id='line_1_113' title="bbox 1881 4285 3450 4360; baseline -0.001 -18"><span class='ocrx_word' id='word_1_777' title='bbox 1881 4287 2096 4343; x_wconf 79' lang='lat' dir='ltr'>dixerat</span> <span class='ocrx_word' id='word_1_778' title='bbox 2148 4287 2284 4360; x_wconf 80' lang='grc' dir='ltr'>πρὸς</span> <span class='ocrx_word' id='word_1_779' title='bbox 2327 4285 2587 4358; x_wconf 76' lang='grc' dir='ltr'>ἀλλήλους</span> <span class='ocrx_word' id='word_1_780' title='bbox 2613 4285 2747 4337; x_wconf 68' lang='lat' dir='ltr'>‘iras</span> <span class='ocrx_word' id='word_1_781' title='bbox 2790 4300 2854 4338; x_wconf 86' lang='lat' dir='ltr'>ac</span> <span class='ocrx_word' id='word_1_782' title='bbox 2901 4285 3048 4340; x_wconf 83' lang='lat' dir='ltr'>rixas</span> <span class='ocrx_word' id='word_1_783' title='bbox 3102 4289 3450 4354; x_wconf 78' lang='lat' dir='ltr'>sust-episse3</span> 
     </span>
     <span class='ocr_line' id='line_1_114' title="bbox 1881 4353 3452 4412; baseline 0.001 -1"><span class='ocrx_word' id='word_1_784' title='bbox 1881 4373 2029 4412; x_wconf 85' lang='lat' dir='ltr'>nnnc</span> <span class='ocrx_word' id='word_1_785' title='bbox 2060 4372 2183 4411; x_wconf 92' lang='lat' dir='ltr'>cum</span> <span class='ocrx_word' id='word_1_786' title='bbox 2211 4356 2416 4410; x_wconf 66' lang='lat' dir='ltr'>iudaeis</span> <span class='ocrx_word' id='word_1_787' title='bbox 2438 4356 2746 4409; x_wconf 84' lang='lat' dir='ltr'>simultates</span> <span class='ocrx_word' id='word_1_788' title='bbox 2776 4355 2896 4407; x_wconf 88' lang='lat' dir='ltr'>illas</span> <span class='ocrx_word' id='word_1_789' title='bbox 2928 4353 3311 4410; x_wconf 86' lang='lat' dir='ltr'>intercessisse</span> <span class='ocrx_word' id='word_1_790' title='bbox 3339 4371 3452 4412; x_wconf 84' lang='lat' dir='ltr'>non</span> 
     </span>
     <span class='ocr_line' id='line_1_115' title="bbox 1880 4423 3451 4495; baseline -0.001 -14"><span class='ocrx_word' id='word_1_791' title='bbox 1880 4431 2117 4482; x_wconf 86' lang='lat' dir='ltr'>obscure</span> <span class='ocrx_word' id='word_1_792' title='bbox 2144 4427 2421 4493; x_wconf 82' lang='lat' dir='ltr'>colligitur</span> <span class='ocrx_word' id='word_1_793' title='bbox 2449 4441 2462 4477; x_wconf 77' lang='grc' dir='ltr'>ι</span> <span class='ocrx_word' id='word_1_794' title='bbox 2514 4423 2779 4492; x_wconf 86' lang='lat' dir='ltr'>siquidem</span> <span class='ocrx_word' id='word_1_795' title='bbox 2810 4423 2935 4477; x_wconf 84' lang='lat' dir='ltr'>odio</span> <span class='ocrx_word' id='word_1_796' title='bbox 2974 4424 3192 4478; x_wconf 82' lang='lat' dir='ltr'>illorum</span> <span class='ocrx_word' id='word_1_797' title='bbox 3237 4439 3451 4495; x_wconf 80' lang='lat' dir='ltr'>praepo-</span> 
     </span>
     <span class='ocr_line' id='line_1_116' title="bbox 1880 4494 3450 4566; baseline 0 -16"><span class='ocrx_word' id='word_1_798' title='bbox 1880 4504 2026 4552; x_wconf 85' lang='lat' dir='ltr'>stere</span> <span class='ocrx_word' id='word_1_799' title='bbox 2071 4494 2395 4549; x_wconf 86' lang='lat' dir='ltr'>solemnium</span> <span class='ocrx_word' id='word_1_800' title='bbox 2434 4495 2661 4548; x_wconf 87' lang='lat' dir='ltr'>istorum</span> <span class='ocrx_word' id='word_1_801' title='bbox 2709 4501 2921 4562; x_wconf 85' lang='lat' dir='ltr'>tempus</span> <span class='ocrx_word' id='word_1_802' title='bbox 2962 4508 3228 4563; x_wconf 88' lang='lat' dir='ltr'>usurpare</span> <span class='ocrx_word' id='word_1_803' title='bbox 3265 4508 3450 4566; x_wconf 82' lang='lat' dir='ltr'>eoepe-·</span> 
     </span>
     <span class='ocr_line' id='line_1_117' title="bbox 1881 4573 2029 4620; baseline 0 -2"><span class='ocrx_word' id='word_1_804' title='bbox 1881 4573 2029 4620; x_wconf 88' lang='lat' dir='ltr'>runt.</span> 
     </span>
    </p>

    <p class='ocr_par' dir='ltr' id='par_1_24' title="bbox 1957 4625 3450 4706">
     <span class='ocr_line' id='line_1_118' title="bbox 1957 4625 3450 4706; baseline -0.005 -16"><span class='ocrx_word' id='word_1_805' title='bbox 1957 4636 2069 4706; x_wconf 82' lang='lat'>(78)</span> <span class='ocrx_word' id='word_1_806' title='bbox 2112 4633 2396 4690; x_wconf 67' lang='grc' dir='ltr'>Τάττουσι</span> <span class='ocrx_word' id='word_1_807' title='bbox 2428 4631 2496 4684; x_wconf 80' lang='grc' dir='ltr'>δὲ</span> <span class='ocrx_word' id='word_1_808' title='bbox 2522 4625 2685 4684; x_wconf 84' lang='grc' dir='ltr'>οὗτοι</span> <span class='ocrx_word' id='word_1_809' title='bbox 2714 4633 2819 4683; x_wconf 75' lang='grc' dir='ltr'>τὸν</span> <span class='ocrx_word' id='word_1_810' title='bbox 2856 4630 3000 4684; x_wconf 73' lang='grc' dir='ltr'>νέον</span> <span class='ocrx_word' id='word_1_811' title='bbox 3028 4629 3191 4699; x_wconf 82' lang='grc' dir='ltr'>μῆνα</span> <span class='ocrx_word' id='word_1_812' title='bbox 3254 4631 3450 4690; x_wconf 81' lang='lat' dir='ltr'>Utrum</span> 
     </span>
    </p>

    <p class='ocr_par' dir='ltr' id='par_1_25' title="bbox 1873 4701 3450 5476">
     <span class='ocr_line' id='line_1_119' title="bbox 1924 4701 3449 4773; baseline 0 -13"><span class='ocrx_word' id='word_1_813' title='bbox 1924 4706 2096 4762; x_wconf 82' lang='lat' dir='ltr'>rimus</span> <span class='ocrx_word' id='word_1_814' title='bbox 2120 4706 2322 4761; x_wconf 88' lang='lat' dir='ltr'>mensis</span> <span class='ocrx_word' id='word_1_815' title='bbox 2355 4701 2493 4773; x_wconf 87' lang='lat' dir='ltr'>apud</span> <span class='ocrx_word' id='word_1_816' title='bbox 2524 4701 2896 4754; x_wconf 77' lang='lat' dir='ltr'>samaritanos</span> <span class='ocrx_word' id='word_1_817' title='bbox 2944 4710 2994 4755; x_wconf 89' lang='lat' dir='ltr'>et</span> <span class='ocrx_word' id='word_1_818' title='bbox 3022 4701 3277 4755; x_wconf 79' lang='lat' dir='ltr'>Sebuaeos</span> <span class='ocrx_word' id='word_1_819' title='bbox 3301 4701 3449 4760; x_wconf 84' lang='lat' dir='ltr'>Tisri</span> 
     </span>
     <span class='ocr_line' id='line_1_120' title="bbox 1886 4721 3450 4840; baseline 0 -12"><span class='ocrx_word' id='word_1_820' title='bbox 1886 4721 2053 4830; x_wconf 56' lang='lat' dir='ltr'>fuerit</span> <span class='ocrx_word' id='word_1_821' title='bbox 2108 4790 2215 4829; x_wconf 88' lang='lat' dir='ltr'>non</span> <span class='ocrx_word' id='word_1_822' title='bbox 2261 4783 2396 4829; x_wconf 70' lang='lat' dir='ltr'>satis·</span> <span class='ocrx_word' id='word_1_823' title='bbox 2438 4770 2689 4840; x_wconf 84' lang='lat' dir='ltr'>explicat.</span> <span class='ocrx_word' id='word_1_824' title='bbox 2737 4771 2826 4822; x_wconf 77' lang='lat' dir='ltr'>Ait</span> <span class='ocrx_word' id='word_1_825' title='bbox 2861 4771 3007 4824; x_wconf 89' lang='lat' dir='ltr'>enim</span> <span class='ocrx_word' id='word_1_826' title='bbox 3042 4771 3181 4840; x_wconf 75' lang='grc' dir='ltr'>μετὰ</span> <span class='ocrx_word' id='word_1_827' title='bbox 3225 4771 3287 4825; x_wconf 80' lang='grc' dir='ltr'>τὸ</span> <span class='ocrx_word' id='word_1_828' title='bbox 3328 4774 3450 4828; x_wconf 71' lang='grc' dir='ltr'>νέον</span> 
     </span>
     <span class='ocr_line' id='line_1_121' title="bbox 1884 4840 3447 4915; baseline 0.002 -18"><span class='ocrx_word' id='word_1_829' title='bbox 1884 4844 2026 4909; x_wconf 77' lang='grc' dir='ltr'>ἔτος,</span> <span class='ocrx_word' id='word_1_830' title='bbox 2050 4852 2172 4915; x_wconf 83' lang='lat' dir='ltr'>post</span> <span class='ocrx_word' id='word_1_831' title='bbox 2195 4857 2395 4898; x_wconf 80' lang='lat' dir='ltr'>animm</span> <span class='ocrx_word' id='word_1_832' title='bbox 2427 4855 2623 4895; x_wconf 87' lang='lat' dir='ltr'>novum</span> <span class='ocrx_word' id='word_1_833' title='bbox 2657 4840 2725 4894; x_wconf 90' lang='lat' dir='ltr'>ab</span> <span class='ocrx_word' id='word_1_834' title='bbox 2756 4840 2862 4895; x_wconf 90' lang='lat' dir='ltr'>illis</span> <span class='ocrx_word' id='word_1_835' title='bbox 2890 4841 3092 4904; x_wconf 54' lang='lat' dir='ltr'>statum</span> <span class='ocrx_word' id='word_1_836' title='bbox 3124 4842 3283 4908; x_wconf 84' lang='lat' dir='ltr'>cujus</span> <span class='ocrx_word' id='word_1_837' title='bbox 3315 4842 3447 4899; x_wconf 84' lang='lat' dir='ltr'>au&#39;ni</span> 
     </span>
     <span class='ocr_line' id='line_1_122' title="bbox 1881 4910 3442 4986; baseline -0.001 -19"><span class='ocrx_word' id='word_1_838' title='bbox 1881 4916 2008 4969; x_wconf 86' lang='lat' dir='ltr'>novi</span> <span class='ocrx_word' id='word_1_839' title='bbox 2050 4930 2113 4970; x_wconf 90' lang='lat' dir='ltr'>ca</span> <span class='ocrx_word' id='word_1_840' title='bbox 2156 4925 2214 4968; x_wconf 87' lang='lat' dir='ltr'>nt</span> <span class='ocrx_word' id='word_1_841' title='bbox 2255 4922 2339 4969; x_wconf 88' lang='lat' dir='ltr'>est</span> <span class='ocrx_word' id='word_1_842' title='bbox 2370 4927 2510 4966; x_wconf 83' lang='grc' dir='ltr'>κατα</span> <span class='ocrx_word' id='word_1_843' title='bbox 2554 4910 2645 4963; x_wconf 72' lang='grc' dir='ltr'>τὸν</span> <span class='ocrx_word' id='word_1_844' title='bbox 2689 4910 2853 4982; x_wconf 75' lang='grc' dir='ltr'>Θεσρὶ</span> <span class='ocrx_word' id='word_1_845' title='bbox 2899 4913 2956 4964; x_wconf 82' lang='grc' dir='ltr'>ὲν</span> <span class='ocrx_word' id='word_1_846' title='bbox 3002 4910 3080 4982; x_wconf 81' lang='grc' dir='ltr'>τῷ</span> <span class='ocrx_word' id='word_1_847' title='bbox 3122 4912 3442 4986; x_wconf 64' lang='grc' dir='ltr'>μετοπώρῳι</span> 
     </span>
     <span class='ocr_line' id='line_1_123' title="bbox 2154 4980 3447 5053; baseline 0.001 -15"><span class='ocrx_word' id='word_1_848' title='bbox 2154 4985 2251 5040; x_wconf 90' lang='lat' dir='ltr'>isri</span> <span class='ocrx_word' id='word_1_849' title='bbox 2290 4997 2413 5037; x_wconf 85' lang='lat' dir='ltr'>cum</span> <span class='ocrx_word' id='word_1_850' title='bbox 2464 4984 2709 5050; x_wconf 79' lang='lat' dir='ltr'>Augusto</span> <span class='ocrx_word' id='word_1_851' title='bbox 2753 4989 3052 5048; x_wconf 86' lang='lat' dir='ltr'>comparat.</span> <span class='ocrx_word' id='word_1_852' title='bbox 3108 4980 3234 5037; x_wconf 76' lang='lat' dir='ltr'>llaec</span> <span class='ocrx_word' id='word_1_853' title='bbox 3278 4983 3447 5053; x_wconf 84' lang='lat' dir='ltr'>igitur</span> 
     </span>
     <span class='ocr_line' id='line_1_124' title="bbox 1880 5048 3445 5123; baseline 0.001 -15"><span class='ocrx_word' id='word_1_854' title='bbox 1880 5054 2163 5110; x_wconf 86' lang='lat' dir='ltr'>salebrosa</span> <span class='ocrx_word' id='word_1_855' title='bbox 2195 5066 2258 5107; x_wconf 87' lang='lat' dir='ltr'>ac</span> <span class='ocrx_word' id='word_1_856' title='bbox 2304 5053 2558 5123; x_wconf 74' lang='lat' dir='ltr'>perplexa</span> <span class='ocrx_word' id='word_1_857' title='bbox 2609 5059 2757 5104; x_wconf 89' lang='lat' dir='ltr'>sunt.</span> <span class='ocrx_word' id='word_1_858' title='bbox 2796 5048 2853 5104; x_wconf 91' lang='lat' dir='ltr'>Si</span> <span class='ocrx_word' id='word_1_859' title='bbox 2889 5052 2942 5102; x_wconf 91' lang='lat' dir='ltr'>in</span> <span class='ocrx_word' id='word_1_860' title='bbox 2971 5058 3231 5105; x_wconf 84' lang='lat' dir='ltr'>autumno</span> <span class='ocrx_word' id='word_1_861' title='bbox 3270 5067 3445 5112; x_wconf 73' lang='lat' dir='ltr'>novus</span> 
     </span>
     <span class='ocr_line' id='line_1_125' title="bbox 1879 5119 3445 5190; baseline -0.007 -12"><span class='ocrx_word' id='word_1_862' title='bbox 1879 5133 2062 5179; x_wconf 82' lang='lat' dir='ltr'>annus</span> <span class='ocrx_word' id='word_1_863' title='bbox 2091 5124 2232 5182; x_wconf 83' lang='lat' dir='ltr'>iniit,</span> <span class='ocrx_word' id='word_1_864' title='bbox 2269 5138 2378 5176; x_wconf 90' lang='lat' dir='ltr'>nou</span> <span class='ocrx_word' id='word_1_865' title='bbox 2424 5122 2612 5190; x_wconf 90' lang='lat' dir='ltr'>utique</span> <span class='ocrx_word' id='word_1_866' title='bbox 2643 5121 2696 5173; x_wconf 92' lang='lat' dir='ltr'>in</span> <span class='ocrx_word' id='word_1_867' title='bbox 2741 5119 2908 5179; x_wconf 75' lang='lat' dir='ltr'>Tisi-i,</span> <span class='ocrx_word' id='word_1_868' title='bbox 2945 5121 3037 5186; x_wconf 90' lang='lat' dir='ltr'>qui</span> <span class='ocrx_word' id='word_1_869' title='bbox 3075 5121 3321 5188; x_wconf 77' lang='lat' dir='ltr'>Augusto</span> <span class='ocrx_word' id='word_1_870' title='bbox 3351 5139 3445 5180; x_wconf 69' lang='lat' dir='ltr'>re.</span> 
     </span>
     <span class='ocr_line' id='line_1_126' title="bbox 1878 5188 3442 5264; baseline 0 -16"><span class='ocrx_word' id='word_1_871' title='bbox 1878 5193 2131 5264; x_wconf 86' lang='lat' dir='ltr'>spondet.</span> <span class='ocrx_word' id='word_1_872' title='bbox 2158 5194 2269 5248; x_wconf 89' lang='lat' dir='ltr'>Cur</span> <span class='ocrx_word' id='word_1_873' title='bbox 2296 5207 2425 5261; x_wconf 77' lang='lat' dir='ltr'>ergo</span> <span class='ocrx_word' id='word_1_874' title='bbox 2457 5197 2567 5244; x_wconf 85' lang='lat' dir='ltr'>tam</span> <span class='ocrx_word' id='word_1_875' title='bbox 2597 5189 2883 5258; x_wconf 80' lang='lat' dir='ltr'>diligenter</span> <span class='ocrx_word' id='word_1_876' title='bbox 2912 5188 3056 5241; x_wconf 84' lang='lat' dir='ltr'>lione</span> <span class='ocrx_word' id='word_1_877' title='bbox 3082 5190 3259 5258; x_wconf 85' lang='lat' dir='ltr'>ipsum</span> <span class='ocrx_word' id='word_1_878' title='bbox 3289 5206 3442 5248; x_wconf 67' lang='lat' dir='ltr'>men-2</span> 
     </span>
     <span class='ocr_line' id='line_1_127' title="bbox 1878 5258 3441 5320; baseline 0.001 -2"><span class='ocrx_word' id='word_1_879' title='bbox 1878 5278 1993 5320; x_wconf 88' lang='lat' dir='ltr'>sem</span> <span class='ocrx_word' id='word_1_880' title='bbox 2024 5264 2192 5318; x_wconf 80' lang='lat' dir='ltr'>variis</span> <span class='ocrx_word' id='word_1_881' title='bbox 2219 5259 2626 5317; x_wconf 83' lang='lat' dir='ltr'>circumscribit</span> <span class='ocrx_word' id='word_1_882' title='bbox 2671 5258 3021 5320; x_wconf 80' lang='lat' dir='ltr'>nominibus,</span> <span class='ocrx_word' id='word_1_883' title='bbox 3068 5261 3115 5314; x_wconf 87' lang='lat' dir='ltr'>si</span> <span class='ocrx_word' id='word_1_884' title='bbox 3159 5275 3267 5314; x_wconf 90' lang='lat' dir='ltr'>non</span> <span class='ocrx_word' id='word_1_885' title='bbox 3308 5264 3441 5320; x_wconf 81' lang='lat' dir='ltr'>antii</span> 
     </span>
     <span class='ocr_line' id='line_1_128' title="bbox 1876 5326 3440 5404; baseline -0.001 -19"><span class='ocrx_word' id='word_1_886' title='bbox 1876 5332 2237 5404; x_wconf 89' lang='lat' dir='ltr'>primordium</span> <span class='ocrx_word' id='word_1_887' title='bbox 2276 5329 2398 5386; x_wconf 79' lang='lat' dir='ltr'>est?</span> <span class='ocrx_word' id='word_1_888' title='bbox 2428 5329 2540 5384; x_wconf 83' lang='lat' dir='ltr'>Cur</span> <span class='ocrx_word' id='word_1_889' title='bbox 2577 5327 2775 5382; x_wconf 84' lang='lat' dir='ltr'>deinde</span> <span class='ocrx_word' id='word_1_890' title='bbox 2807 5327 2884 5380; x_wconf 83' lang='lat' dir='ltr'>ita</span> <span class='ocrx_word' id='word_1_891' title='bbox 2917 5326 3197 5395; x_wconf 74' lang='lat' dir='ltr'>loquitur?</span> <span class='ocrx_word' id='word_1_892' title='bbox 3248 5331 3440 5385; x_wconf 75' lang='grc' dir='ltr'>’Δπεν-</span> 
     </span>
     <span class='ocr_line' id='line_1_129' title="bbox 1873 5396 3440 5476; baseline -0.001 -20"><span class='ocrx_word' id='word_1_893' title='bbox 1873 5403 2062 5456; x_wconf 82' lang='grc' dir='ltr'>τεῦθεν</span> <span class='ocrx_word' id='word_1_894' title='bbox 2081 5397 2224 5456; x_wconf 73' lang='grc' dir='ltr'>οὗτοι</span> <span class='ocrx_word' id='word_1_895' title='bbox 2240 5399 2340 5473; x_wconf 84' lang='grc' dir='ltr'>τὴν</span> <span class='ocrx_word' id='word_1_896' title='bbox 2362 5399 2535 5470; x_wconf 78' lang='grc' dir='ltr'>ἀρχὴν</span> <span class='ocrx_word' id='word_1_897' title='bbox 2552 5396 2645 5450; x_wconf 84' lang='grc' dir='ltr'>τοῦ</span> <span class='ocrx_word' id='word_1_898' title='bbox 2676 5396 2829 5458; x_wconf 70' lang='grc' dir='ltr'>ἔτους</span> <span class='ocrx_word' id='word_1_899' title='bbox 2856 5396 3132 5476; x_wconf 74' lang='grc' dir='ltr'>ἡγοῦνται,</span> <span class='ocrx_word' id='word_1_900' title='bbox 3157 5400 3252 5454; x_wconf 72' lang='grc' dir='ltr'>καὶ</span> <span class='ocrx_word' id='word_1_901' title='bbox 3278 5400 3440 5465; x_wconf 75' lang='grc' dir='ltr'>εὐθὺς</span> 
     </span>
    </p>
   </div>
   <div class='ocr_carea' id='block_1_21' title="bbox 1871 5466 3542 5542">
    <p class='ocr_par' dir='ltr' id='par_1_26' title="bbox 1871 5466 3542 5542">
     <span class='ocr_line' id='line_1_130' title="bbox 1871 5466 3542 5542; baseline 0.001 -17"><span class='ocrx_word' id='word_1_902' title='bbox 1871 5472 1941 5526; x_wconf 78' lang='grc' dir='ltr'>τά</span> <span class='ocrx_word' id='word_1_903' title='bbox 1984 5471 2203 5542; x_wconf 77' lang='grc' dir='ltr'>’Δζυμα</span> <span class='ocrx_word' id='word_1_904' title='bbox 2250 5469 2579 5524; x_wconf 74' lang='grc' dir='ltr'>ἐπιτελοῦσι.</span> <span class='ocrx_word' id='word_1_905' title='bbox 2624 5466 2890 5521; x_wconf 80' lang='lat' dir='ltr'>Nimirum</span> <span class='ocrx_word' id='word_1_906' title='bbox 2934 5483 2986 5520; x_wconf 86' lang='lat' dir='ltr'>tu</span> <span class='ocrx_word' id='word_1_907' title='bbox 3022 5481 3089 5523; x_wconf 87' lang='lat' dir='ltr'>eo</span> <span class='ocrx_word' id='word_1_908' title='bbox 3122 5483 3329 5533; x_wconf 79' lang='lat' dir='ltr'>mense,</span> <span class='ocrx_word' id='word_1_909' title='bbox 3369 5471 3440 5526; x_wconf 73' lang='lat' dir='ltr'>(lo</span> <span class='ocrx_word' id='word_1_910' title='bbox 3537 5522 3542 5527; x_wconf 94' lang='lat'>.</span> 
     </span>
    </p>
   </div>
   <div class='ocr_carea' id='block_1_22' title="bbox 1868 5533 3435 5892">
    <p class='ocr_par' dir='ltr' id='par_1_27' title="bbox 1868 5533 3435 5892">
     <span class='ocr_line' id='line_1_131' title="bbox 1871 5533 3435 5610; baseline -0.001 -15"><span class='ocrx_word' id='word_1_911' title='bbox 1871 5555 1981 5610; x_wconf 87' lang='lat' dir='ltr'>quo</span> <span class='ocrx_word' id='word_1_912' title='bbox 2010 5541 2225 5596; x_wconf 81' lang='lat' dir='ltr'>locutus</span> <span class='ocrx_word' id='word_1_913' title='bbox 2254 5549 2359 5602; x_wconf 87' lang='lat' dir='ltr'>est,</span> <span class='ocrx_word' id='word_1_914' title='bbox 2404 5539 2507 5593; x_wconf 88' lang='lat' dir='ltr'>boc</span> <span class='ocrx_word' id='word_1_915' title='bbox 2548 5546 2634 5592; x_wconf 90' lang='lat' dir='ltr'>est</span> <span class='ocrx_word' id='word_1_916' title='bbox 2674 5537 2839 5591; x_wconf 79' lang='lat' dir='ltr'>Tisi-i.</span> <span class='ocrx_word' id='word_1_917' title='bbox 2880 5533 3137 5606; x_wconf 84' lang='lat' dir='ltr'>Sequitur</span> <span class='ocrx_word' id='word_1_918' title='bbox 3165 5539 3332 5602; x_wconf 89' lang='lat' dir='ltr'>enim,</span> <span class='ocrx_word' id='word_1_919' title='bbox 3372 5539 3435 5594; x_wconf 65' lang='lat' dir='ltr'>tv</span> 
     </span>
     <span class='ocr_line' id='line_1_132' title="bbox 1869 5607 3426 5731; baseline -0.001 -67"><span class='ocrx_word' id='word_1_920' title='bbox 1869 5611 1927 5664; x_wconf 87' lang='grc' dir='ltr'>δὲ</span> <span class='ocrx_word' id='word_1_921' title='bbox 1958 5610 2037 5680; x_wconf 86' lang='grc' dir='ltr'>τῷ</span> <span class='ocrx_word' id='word_1_922' title='bbox 2062 5607 2363 5731; x_wconf 48' lang='grc' dir='ltr'>μετοπώίῳ</span> <span class='ocrx_word' id='word_1_923' title='bbox 2382 5609 2481 5678; x_wconf 77' lang='grc' dir='ltr'>τὴν</span> <span class='ocrx_word' id='word_1_924' title='bbox 2508 5607 2878 5680; x_wconf 83' lang='grc' dir='ltr'>πεντηκοστὴν</span> <span class='ocrx_word' id='word_1_925' title='bbox 2901 5608 3132 5672; x_wconf 82' lang='grc' dir='ltr'>ποιοῦσι,</span> <span class='ocrx_word' id='word_1_926' title='bbox 3161 5609 3426 5678; x_wconf 82' lang='lat' dir='ltr'>quinqua·</span> 
     </span>
     <span class='ocr_line' id='line_1_133' title="bbox 1871 5677 3431 5751; baseline -0.003 -14"><span class='ocrx_word' id='word_1_927' title='bbox 1871 5682 2084 5751; x_wconf 79' lang='lat' dir='ltr'>gesimo</span> <span class='ocrx_word' id='word_1_928' title='bbox 2119 5688 2239 5750; x_wconf 87' lang='lat' dir='ltr'>post</span> <span class='ocrx_word' id='word_1_929' title='bbox 2302 5677 2372 5732; x_wconf 90' lang='lat' dir='ltr'>ie.</span> <span class='ocrx_word' id='word_1_930' title='bbox 2400 5678 2581 5743; x_wconf 81' lang='lat' dir='ltr'>Quare</span> <span class='ocrx_word' id='word_1_931' title='bbox 2609 5686 2737 5732; x_wconf 89' lang='lat' dir='ltr'>aute</span> <span class='ocrx_word' id='word_1_932' title='bbox 2764 5679 3099 5749; x_wconf 83' lang='grc' dir='ltr'>μετόπωρον,</span> <span class='ocrx_word' id='word_1_933' title='bbox 3129 5690 3182 5734; x_wconf 86' lang='grc' dir='ltr'>ει</span> <span class='ocrx_word' id='word_1_934' title='bbox 3209 5679 3262 5732; x_wconf 90' lang='lat' dir='ltr'>iu</span> <span class='ocrx_word' id='word_1_935' title='bbox 3286 5677 3431 5734; x_wconf 80' lang='lat' dir='ltr'>Tisri</span> 
     </span>
     <span class='ocr_line' id='line_1_134' title="bbox 1868 5745 3435 5822; baseline -0.002 -16"><span class='ocrx_word' id='word_1_936' title='bbox 1868 5756 2055 5822; x_wconf 82' lang='lat' dir='ltr'>az&#39;yma</span> <span class='ocrx_word' id='word_1_937' title='bbox 2090 5747 2473 5812; x_wconf 83' lang='lat' dir='ltr'>celebrantur;</span> <span class='ocrx_word' id='word_1_938' title='bbox 2506 5748 2751 5816; x_wconf 88' lang='lat' dir='ltr'>adeoque</span> <span class='ocrx_word' id='word_1_939' title='bbox 2794 5756 2958 5816; x_wconf 83' lang='lat' dir='ltr'>capnt</span> <span class='ocrx_word' id='word_1_940' title='bbox 2998 5748 3130 5803; x_wconf 88' lang='lat' dir='ltr'>anni</span> <span class='ocrx_word' id='word_1_941' title='bbox 3167 5746 3332 5805; x_wconf 87' lang='lat' dir='ltr'>Tisri.</span> <span class='ocrx_word' id='word_1_942' title='bbox 3365 5745 3435 5803; x_wconf 69' lang='lat' dir='ltr'>Et</span> 
     </span>
     <span class='ocr_line' id='line_1_135' title="bbox 1871 5815 3058 5892; baseline -0.004 -18"><span class='ocrx_word' id='word_1_943' title='bbox 1871 5818 2014 5892; x_wconf 83' lang='grc' dir='ltr'>μετά</span> <span class='ocrx_word' id='word_1_944' title='bbox 2043 5817 2183 5875; x_wconf 80' lang='lat' dir='ltr'>idem</span> <span class='ocrx_word' id='word_1_945' title='bbox 2214 5816 2318 5873; x_wconf 84' lang='lat' dir='ltr'>erit</span> <span class='ocrx_word' id='word_1_946' title='bbox 2345 5823 2510 5887; x_wconf 86' lang='lat' dir='ltr'>atquc</span> <span class='ocrx_word' id='word_1_947' title='bbox 2533 5816 2797 5880; x_wconf 76' lang='lat' dir='ltr'>inchoato,</span> <span class='ocrx_word' id='word_1_948' title='bbox 2834 5815 3058 5870; x_wconf 74' lang='lat' dir='ltr'>ineunte.</span> 
     </span>
    </p>
   </div>
   <div class='ocr_carea' id='block_1_23' title="bbox 3049 5979 3093 6026">
    <p class='ocr_par' dir='ltr' id='par_1_28' title="bbox 3049 5979 3093 6026">
     <span class='ocr_line' id='line_1_136' title="bbox 3049 5979 3093 6026; baseline 0 0"><span class='ocrx_word' id='word_1_949' title='bbox 3049 5979 3093 6026; x_wconf 62' lang='lat' dir='ltr'>‘Q</span> 
     </span>
    </p>
   </div>
  </div>
 </body>
</html>
