3850 6517
319 478 418 536 223

1728 475 1786 531 S.
1828 474 2174 531 EPlPllANll

3474 468 3587 527 2:23

320 596 412 664 illa
435 592 700 651 varietate
725 597 1008 651 nationum
1028 604 1160 652 sunt
1184 593 1326 652 lacta
1355 595 1632 653 dissidia?
1660 595 1898 682 Singulae
1927 603 1976 661 Α
2002 597 2289 676 τριαρχίαν
2309 596 2435 669 ἔθνη
2457 594 2690 665 διάφορα
2718 594 2971 666 προέστη.
3008 594 3120 648 Πᾶν
3152 594 3208 647 δὲ
3239 575 3389 657 ἔθνος
3410 591 3593 664 ἑαυτῷ

320 702 485 770 porro
513 689 766 742 nationes
799 702 865 743 ac
897 686 1118 742 l'amiliae
1147 686 1332 744 varias
1370 687 1426 742 in
1458 696 1652 759 gentes
1698 681 1899 766 1))ιὸρο-

319 786 457 848 gatae
487 784 652 844 sunt;
680 791 918 846 quarum
947 791 1288 847 unaqnaeque
1308 762 1761 861 deinceps.‚su·1iu·
1794 778 1899 844 §ibi

319 884 501 943 regem
555 869 870 938 constituit.
901 867 979 934 Ex
1023 884 1135 940 quo
1172 867 1318 923 bella
1359 848 1784 947 discestssai‘que,
1836 884 1901 925 ac

318 961 563 1030 gentium
590 962 736 1033 inter
763 975 824 1016 se
859 958 1149 1028 conflictus
1169 941 1553 1041 emtis-,eqni
1579 955 1633 1014 id
1667 961 1901 1032 quisque

321 1042 748 1123 quodlibuisset
803 1051 1064 1129 obtinete,
1093 1031 1350 1131 ὖὶιρῖηὶ,
1399 1034 1454 1106 e‘i
1493 1067 1616 1121 quae
1666 1053 1898 1108 aliorum

319 1148 480 1197 erant
527 1140 592 1195 ad
642 1156 764 1198 sese
815 1135 1268 1218 pcrtrzilic‘zclssid
1295 1142 1442 1212 quod
1478 1144 1548 1199 ab
1596 1143 1897 1200 insatiabili

320 1209 776 1315 quadant'juslt'a
813 1216 997 1304 ge’qeri
1029 1210 1219 1299 n⁸ostro
1258 1235 1557 1304 cupiditate
1592 1235 1898 1306 profectum

294 1334 440 1390 -est.,
463 1299 911 1404 Sid.lg⁶?t‘u⁸‘r⁶ctit⁶n
945 1341 1051 1394 una
1080 1334 1247 1397 atque
1276 1326 1505 1398 simplex
1531 1326 1899 1385 lsraelitarum

235 1461 252 1477 ,
285 1394 542 1503 ..q'tgll'g'ibb
571 1403 870 1489 :sapraeqne
903 1415 1096 1471 litterae
1143 1424 1361 1475 exteras
1421 1418 1486 1473 ad
1534 1419 1785 1477 nationes
1810 1420 1900 1476 illo

319 1491 564 1593 {empore
611 1507 1016 1590 pervenissent,
1062 1508 1317 1581 Assyrios
1371 1511 1645 1576 videlicet,
1677 1529 1742 1569 ex
1775 1513 1899 1584 qui-

254 1600 272 1619 ·
320 1600 426 1657 bus
453 1600 709 1673 inquilini
741 1601 820 1655 illi
856 1599 1148 1656 Samaritae
1174 1601 1418 1669 suerunt,
1448 1620 1555 1658 una
1585 1604 1753 1660 etiam
1781 1606 1901 1660 ani-

326 1706 541 1765 morum
572 1691 844 1748 dissensio
869 1693 1128 1763 contigit;
1162 1694 1595 1766 opinionumque
1624 1697 1900 1753 concitata
1953 1742 1959 1747 .

320 1780 556 1856 salsitas,
593 1790 648 1838 et
683 1783 752 1838 ab
785 1798 895 1838 uno
918 1783 1203 1854 religionis
1234 1784 1386 1839 cultu
1418 1784 1900 1841 innumerabilium

321 1887 571 1928 errorum
606 1889 700 1943 per
735 1873 881 1928 illam
917 1873 1250 1929 discordiam
1288 1874 1495 1931 semina
1524 1876 1898 1946 pullularunt:

319 1973 484 2045 prout
529 1964 786 2019 nimirum
820 1963 1263 2035 uniuscujusque
1289 1980 1489 2022 sensus
1518 1966 1666 2031 tulit,
1701 1974 1796 2021 ant
1845 1966 1901 2021 in

2009 689 2419 760 προσεστήσατο
2466 686 2689 762 βασιλέα
2742 687 2822 749 εἰς
2875 685 3135 756 κεφαλήν.
3173 684 3497 755 Συμὸέὸηκε
3535 682 3593 738 δὲ

2007 779 2116 835 ἀπὸ
2143 780 2334 843 τούτου
2368 777 2602 850 πόλεμον
2634 774 2771 832 εἶναι
2800 778 2896 834 καὶ
2921 776 3189 838 ἔνστασιν,
3221 776 3316 829 καὶ
3349 773 3597 845 συμπλη·

2008 874 2178 942 γάδας
2238 871 2407 926 ἐθνῶν
2465 872 2522 924 ὲν
2572 870 2749 925 ἔθνεσι
2802 866 3263 942 συρρηγνυμένων
3291 907 3306 932 ,
3356 865 3593 920 ἑκάστου

2010 961 2333 1035 βιαζομένου
2358 962 2419 1015 τὸ
2449 960 2576 1015 ἴδιον
2619 959 2828 1031 θέλημα
2862 957 3251 1031 προτιμᾶσθαι,
3288 958 3364 1020 εἱς
3398 954 3594 1013 ἑαυτὸν

2008 1055 2063 1108 δὲ
2094 1053 2164 1107 τὰ
2199 1052 2307 1106 τῶν
2337 1051 2508 1116 πέλας
2540 1049 2931 1121 ἀποφέρεσθαι,
2961 1048 3048 1102 διὰ
3078 1048 3178 1121 τὴν
3212 1048 3270 1101 ὲν
3298 1045 3375 1118 τῷ
3405 1045 3508 1117 βίῳ
3531 1047 3593 1100 ἐν

2010 1147 2140 1218 ἡμῖν
2166 1146 2331 1200 πᾶσιν
2356 1143 2650 1213 ἀκόρεστον
2682 1140 3011 1205 πλεονεξίαν.
3047 1139 3205 1193 Οὕτω
3242 1141 3337 1193 καὶ
3377 1139 3437 1192 ἐν
3464 1137 3592 1193 τοῦ-

2007 1254 2086 1308 τῳ
2112 1235 2191 1308 τῷ
2223 1233 2400 1307 καιρῷ
2419 1232 2498 1304 τῷ
2530 1229 3013 1304 προδεδηλωμένῳ,
3051 1227 3467 1302 μεταπεσούσης
3493 1227 3590 1284 τοῦ

2021 1328 2236 1402 Ἰσραὴλ
2265 1327 2365 1399 τῆς
2401 1327 2528 1398 μιᾶς
2557 1324 2875 1397 θρησκείας,
2918 1323 3012 1376 καὶ
3048 1322 3150 1393 τῆς
3192 1321 3334 1376 κατὰ
3370 1321 3463 1377 τὸν
3506 1321 3595 1376 νό-

2012 1437 2111 1492 μον
2142 1407 2361 1492 γραφῆς
2391 1419 2470 1481 εἰς
2498 1417 2661 1488 ἕτερα
2687 1415 2840 1487 γένη,
2877 1416 3019 1487 φημὶ
3049 1415 3105 1469 δὲ
3132 1416 3212 1478 εἱς
3250 1413 3588 1488 ’Δσσυρὶους,

2008 1511 2068 1579 ἐξ
2096 1505 2172 1566 ὧν
2201 1510 2535 1582 Σαμαρεῖται
2566 1509 2617 1561 οἱ
2652 1507 2957 1576 ἐγκάθετοι,
3007 1506 3320 1579 συμὸέίηκε
3364 1505 3460 1560 καὶ
3490 1506 3593 1580 τὴν

2008 1602 2235 1674 γνώμην
2261 1589 2639 1673 διχονοηθῆναι
2661 1618 2674 1631 ·
2707 1599 2802 1654 καὶ
2830 1599 3013 1653 λοιπὸν
3054 1598 3313 1675 ὥρμησεν
3346 1600 3380 1670 ἡ
3414 1598 3595 1670 πλάνη

2011 1695 2105 1748 καὶ
2133 1697 2165 1766 ἡ
2199 1695 2433 1766 διχόνοια
2460 1692 2809 1765 ὑποσπείρειν
2852 1691 2961 1746 ἀπὸ
2987 1682 3088 1763 τῆς
3128 1693 3257 1763 μιᾶς
3284 1690 3595 1758 θεοσεόεἱας

2010 1789 2090 1854 εἱς
2116 1786 2315 1851 πολλὰς
2342 1802 2694 1857 παραπεποιη
2703 1784 2872 1856 μένας
2894 1782 3138 1854 γνώμας,
3168 1781 3349 1847 καθὼς
3375 1783 3595 1857 ἑκάστῳ

2010 1879 2178 1946 ἔδοξε,
2212 1879 2304 1933 καὶ
2341 1877 2492 1949 ὠήθη
2516 1875 2592 1948 τῷ
2615 1878 2905 1949 γρᾴμματι
2939 1873 3313 1950 ἐνασκρἱσθαι,
3334 1874 3428 1935 καὶ
3461 1875 3593 1947 φρᾴ·

2011 1968 2123 2033 ζειν
2146 1966 2376 2037 ἕκαστος
2400 1965 2539 2021 κατὰ
2563 1965 2626 2018 τὸ
2653 1964 2779 2033 ἴδιον
2805 1963 3033 2035 θέλημα.
3529 1959 3535 1965 '

324 2055 626 2125 scripturis
653 2055 1024 2138 intelligendis
1052 2056 1262 2141 peritiae
1294 2056 1398 2132 sibi
1427 2057 1637 2132 aliquid
1666 2057 1965 2147 arrogavit,
2000 2059 2330 2141 easdemque
2367 2058 2635 2147 privatam
2672 2057 2740 2114 ad
2788 2056 3116 2114 sententiam
3174 2053 3590 2127 accommodare

322 2147 560 2223 §.ludunt
593 2146 620 2212 ’,
1155 2209 1159 2214 ,

846 2266 956 2341 24
991 2265 1412 2337 sattaat'ltAE.

2584 2265 2999 2326 ΣΑΜΑΡΕΙΤΑΙ
3009 2305 3024 2330 ,

325 2378 459 2451 Qum
486 2389 565 2435 est
596 2378 811 2436 lioeresis
840 2380 905 2435 ab
933 2383 1117 2452 gentili
1137 2382 1502 2451 sreperstitioue
1543 2381 1676 2450 VH,
1719 2385 1906 2444 ordine
2027 2378 2281 2449 Ἐὄδόμη
2319 2380 2551 2447 αἵρεσις
2587 2377 2706 2432 ἀπὸ
2739 2375 2844 2430 τοῦ
2904 2348 3334 2444 Ἑλληνισμοῧ,
3372 2375 3582 2445 ἀπάτη

997 2469 1111 2508 vero
1129 2452 1224 2510 11.

401 2558 443 2614 Ι.
485 2557 673 2630 ltaque
701 2557 988 2618 Samaritae
1029 2578 1221 2618 earum
1272 2564 1552 2621 liaereseon
1607 2559 1903 2638 principes,

325 2665 448 2722 quoe
481 2650 682 2708 divinis
709 2652 906 2708 litteris
934 2653 1207 2720 nituntur,
1229 2661 1355 2725 post
1386 2666 1845 2713 commemoratas
1873 2673 1903 2711 a

323 2736 486 2799 nobis
514 2742 836 2800 Graecorum.
862 2753 1067 2811 sectas,
1101 2754 1157 2803 ct
1187 2746 1385 2804 stolide
1434 2749 1558 2806 illas
1588 2748 1807 2820 quidem
1835 2750 1906 2805 ab

325 2835 608 2895 hominum
643 2836 876 2909 ingeniis
906 2841 1244 2911 excogitatas
1273 2841 1518 2908 proxime
1573 2849 1905 2913 sequuntur:

326 2925 532 2983 {lorum
560 2944 736 3001 genus
767 2928 1240 2986 Samaritanorum
1304 2939 1577 2987 vocatum.
1610 2931 1744 2999 Quae
1799 2949 1903 2989 vox

323 3019 583 3074 custodes
616 3019 912 3090 signifieat,
944 3022 1090 3092 quod
1135 3023 1184 3076 ii
1208 3022 1489 3093 quondam
1549 3025 1604 3078 in
1638 3025 1730 3078 illa
1759 3032 1902 3080 terra

323 3116 588 3180 tanquam
619 3112 878 3168 custodes
900 3114 1151 3169 collocati
1190 3121 1341 3178 sunt„
1388 3115 1504 3171 sive
1556 3116 1700 3188 qnod
1729 3131 1851 3187 qnae
1871 3131 1902 3170 a

325 3199 475 3257 Mose
496 3202 794 3258 constituta
817 3211 975 3258 erant
1008 3203 1060 3258 in
1094 3204 1210 3275 lege
1241 3204 1610 3264 custodirent.
1641 3205 1720 3262 Ac
1744 3221 1903 3261 mons

324 3293 418 3348 ille
445 3308 608 3363 quem
631 3293 946 3349 insederant
999 3291 1268 3351 Somoron
1304 3297 1607 3368 appellatus
1656 3305 1763 3363 est,
1817 3297 1903 3353 vel

326 3383 522 3439 Somer
555 3384 624 3438 ab
645 3385 874 3454 antiquo
905 3387 1207 3442 Somni-one
1240 3377 1485 3445 Sonieris
1517 3390 1628 3444 lilio
1652 3390 1728 3460 (id
1754 3390 1900 3446 enim

323 3474 376 3530 ei
402 3474 521 3531 viro
555 3492 753 3532 nomen
797 3477 939 3548 suit).
973 3478 1241 3535 Caeterum
1298 3479 1492 3540 Somer
1544 3481 1650 3538 iste
1693 3491 1898 3553 patrem

325 3563 518 3621 babuit
566 3581 598 3622 e
652 3565 1064 3624 Plierezaeorum
1101 3585 1166 3625 ac
1222 3569 1633 3643 Gergesaeorum
1681 3588 1898 3644 genere,

323 3656 420 3725 qui
449 3664 718 3713 tumeam
754 3662 1031 3731 regionem
1077 3661 1424 3729 habitabant,
1478 3671 1534 3718 et
1583 3677 1616 3718 a
1642 3664 1899 3720 chanaan

324 3742 600 3819 originem
635 3749 928 3818 duxerant,
981 3752 1075 3822 qni
1102 3760 1341 3808 tractum
1398 3754 1571 3822 illum,
1608 3770 1730 3826 qnae
1760 3772 1906 3815 tuine

322 3841 509 3899 Judaea
531 3853 613 3909 ,et
643 3843 886 3900 Samaria
918 3845 1140 3913 dicitur,
1171 3851 1480 3918 usurpavit,
1515 3848 1752 3904 alienum
1794 3850 1904 3904 uti-

325 3954 456 4010 que,
483 3945 670 4008 utpote
705 3937 944 3993 liliorum
984 3937 1135 4004 Sem,
1172 3955 1295 3994 cnm
1326 3940 1589 3995 Clianaan
1614 3940 1732 4013 ipse
1761 3943 1904 3995 Clua-

324 4026 399 4082 mi
434 4027 579 4083 illius
619 4035 767 4083 esset
815 4027 1006 4082 eodem
1065 4041 1176 4099 quo
1234 4028 1360 4085 Sem
1396 4037 1551 4100 patre
1601 4031 1790 4101 geniti.
1830 4030 1906 4084 lta

324 4117 555 4189 contigit
586 4127 643 4173 ιιι
674 4116 910 4175 diversis
943 4118 1010 4174 de
1042 4119 1229 4175 causis
1256 4120 1396 4175 idem
1433 4120 1905 4175 Samaritanorum

326 4223 525 4263 nomen
556 4223 724 4279 penes
755 4224 849 4265 eos
891 4208 1198 4277 resederit;
1235 4209 1496 4265 nimirum
1537 4225 1569 4263 a
1601 4209 1830 4265 Somero
1855 4217 1909 4264 et

327 4296 632 4353 Somorone
662 4315 674 4351 :
700 4299 769 4354 ab
791 4315 856 4356 eo
885 4301 1032 4371 quod
1059 4300 1207 4356 velut
1237 4308 1399 4357 terrae
1445 4301 1704 4358 custodes
1736 4316 1907 4372 appo·

327 4386 420 4446 siti
445 4399 665 4451 essent:
713 4407 778 4447 ac
808 4391 1049 4465 denique
1082 4394 1233 4465 quod
1287 4392 1456 4451 Mosis
1495 4393 1744 4449 instituta
1800 4407 1911 4449 ser·

330 4490 541 4538 Varenl.

401 4616 416 4649 ¹
444 4615 606 4674 Forte
636 4618 802 4690 ἀοχή.

399 4751 513 4823 (65)
552 4752 923 4823 Σαμαρεῖται.
965 4751 1239 4811 Hactenus
1288 4763 1452 4812 sectae
1496 4753 1622 4822 illae,
1660 4769 1781 4826 quae
1821 4754 1904 4810 vel

326 4832 453 4879 ante
500 4822 620 4878 Scri
666 4833 844 4879 turam
896 4825 1228 4880 exstiterunt
1276 4826 1359 4879 vel
1407 4825 1687 4895 gentilium
1751 4825 1903 4880 suere

327 4893 579 4963 propriae.
656 4903 934 4964 equnntur
977 4910 1054 4948 eae
1103 4911 1225 4966 quae
1267 4904 1545 4965 utcunque
1587 4894 1902 4965 Scripturas

2517 2447 2586 2512 δὲ
2618 2446 2689 2516 τῇ
2721 2447 3070 2514 ἀκολουθίᾳ.

2084 2567 2163 2620 A'.
2188 2566 2526 2637 Σαμαρεῖται
2555 2562 2670 2634 (δῦ)
2723 2562 2821 2634 μὲν
2863 2557 2957 2616 οὗν
2990 2562 3005 2593 ¹
3037 2562 3165 2634 ἄχρι
3194 2562 3304 2618 τῶν
3332 2563 3596 2638 αἱρέσεων

2012 2657 2121 2711 ἀπὸ
2144 2656 2367 2729 Γραφῆς
2390 2655 2576 2727 θεῖκῆς
2600 2653 2909 2727 ὁρμώμενοι
2951 2654 3090 2726 μετὰ
3121 2655 3222 2721 τὰς
3260 2656 3595 2729 προειρημέ..

2012 2765 2109 2813 νας
2152 2746 2468 2820 Ἑλληνικὰς
2493 2746 2734 2818 αἱρέσεις
2777 2746 2871 2799 ἀπ’
2902 2746 3045 2800 ἱδὶων
3082 2746 3354 2819 λογισμῶν
3380 2746 3589 2817 ἀνθρώ·

2012 2856 2135 2904 ποις
2183 2838 2642 2911 ὲμδροντηθείσας
2690 2837 2799 2891 ἀπὸ
2848 2838 3107 2903 διανοίας.
3150 2837 3266 2893 Πᾶν
3305 2837 3485 2890 τοίνυν
3527 2837 3592 2892 τὸ

2012 2930 2166 2999 γένος
2194 2929 2549 3002 Σαμαρειτῶν
2571 2928 2836 2986 ἐκαλεῖτο.
2872 2928 3292 3002 Ἐρμηνεύονται
3316 2927 3375 2981 δὲ
3405 2927 3587 2996 Σαμα·

2015 3024 2187 3093 ρεῖται
2219 3021 2331 3093 (66)
2366 3019 2624 3091 φύλακες,
2654 3019 2742 3074 διὰ
2775 3021 2843 3073 τὸ
2872 3022 2931 3074 ὲν
2957 3021 3106 3086 τάξει
3146 3018 3401 3088 φυλάκων
3438 3017 3604 3073 τετά-

2009 3114 2135 3184 χθαι
2163 3114 2221 3166 ὲν
2240 3116 2307 3185 τῇ
2336 3115 2406 3183 γῇ
2428 3129 2443 3146 ·
2472 3111 2637 3183 ἢάπὺ
2674 3111 2769 3165 τοῦ
2814 3111 3059 3181 φύλακας
3096 3110 3296 3172 αὐτοὺς
3320 3105 3463 3162 εἶναι
3493 3108 3594 3178 τῆς

2010 3205 2152 3260 κατὰ
2205 3205 2297 3259 τὸν
2339 3204 2501 3275 νόμον
2546 3203 2825 3267 Μωῦσέως
2861 3199 3169 3266 διατάξεως.
3215 3199 3494 3254 Ἐκαλεῖτο
3533 3201 3595 3255 δὲ

2008 3300 2104 3353 καὶ
2127 3298 2185 3352 τὸ
2211 3299 2336 3369 ὅρος
2368 3295 2494 3351 ἔνθα
2539 3296 2908 3366 ἐκαθέσθησαν
2934 3291 3232 3364 Σωμόρων·
3270 3290 3389 3363 ἅμα
3414 3293 3472 3347 δὲ
3500 3296 3590 3349 καὶ

2009 3392 2213 3465 Σωμὴρ
2249 3391 2357 3445 ἀπὸ
2406 3392 2633 3462 ἀρχαίου
2678 3388 2823 3452 τινὸς
2869 3386 3163 3456 Σωμόρων,
3212 3385 3331 3441 υἱοῦ
3369 3387 3590 3459 Σωμὴρ,

2009 3481 2152 3537 οὕτω
2174 3480 2267 3535 τοῦ
2302 3481 2493 3551 ἀνδρὸς
2521 3478 2872 3548 καλουμένου.
2914 3469 3023 3527 Ἦν
3055 3474 3111 3527 δὲ
3139 3466 3295 3538 οὗτος
3323 3475 3355 3529 ὀ
3392 3475 3594 3548 Σωμὴρ

2008 3574 2120 3638 υἱὸς
2148 3573 2265 3637 ἐνὸς
2293 3573 2485 3646 ἀνδρὸς
2514 3571 2622 3625 τῶν
2660 3568 2766 3624 ἀπὸ
2808 3568 3000 3637 γένους
3021 3565 3132 3620 τῶν
3158 3565 3468 3640 Φερεζαὶων
3494 3570 3592 3625 καὶ

2010 3661 2375 3735 Γεργεσαὶων,
2416 3661 2464 3714 οἰ
2500 3659 2783 3730 κατῴκουν
2820 3656 2882 3710 τὺ
2918 3654 3219 3728 τηνικαῦτα
3245 3655 3349 3727 τὴν
3374 3655 3500 3727 γῆν.
3529 3658 3596 3713 ὲκ

2008 3757 2257 3829 διαδοχῆς
2288 3756 2440 3819 ὄντες
2469 3753 2658 3816 παῖδες
2693 3750 2787 3806 τοῦ
2810 3749 3035 3804 Χαναὰν
3080 3748 3175 3803 τοῦ
3206 3749 3305 3820 τὴν
3328 3749 3432 3820 γῆν
3461 3745 3593 3802 ταύ-

2007 3867 2109 3921 την
2142 3847 2505 3921 ἀρπάξαντος,
2536 3846 2634 3917 τὴν
2663 3844 2759 3899 νῦν
2796 3842 3052 3897 Ἰουδαίαν
3078 3843 3119 3914 ἢ·
3145 3843 3457 3914 Σαμαρεὶαν
3481 3840 3595 3911 (61)

2010 3940 2371 4012 καλουμένην,
2412 3934 2577 3994 οὖσαν
2614 3937 2722 3991 τῶν
2766 3936 2897 3992 υἱῶν
2942 3935 3081 4007 Σὴμ,
3117 3934 3191 4005 μὴ
3221 3932 3384 3989 οὖσαν
3414 3933 3594 3987 αὐτῶν

2010 4031 2167 4089 ἰδίαν.
2202 4028 2289 4083 διὰ
2326 4030 2387 4084 τὸ
2423 4030 2585 4083 αὐτὸν
2624 4027 2714 4081 τὸν
2756 4025 2975 4081 Χαναὰν
3005 4020 3144 4078 εἶναι
3182 4024 3297 4078 υἱὸν
3339 4022 3434 4077 τοῦ
3465 4024 3590 4097 Χὰμ

2011 4120 2385 4192 πατραδέλφου
2414 4121 2508 4174 τοῦ
2544 4121 2685 4191 Σήμ.
2733 4118 2842 4171 Kal.
2884 4114 3199 4186 συμ6έ6ηκε
3233 4114 3293 4167 τὸ
3326 4115 3497 4185 ὄνομα
3530 4117 3594 4170 ἐκ

2008 4211 2282 4283 διαφόρων
2332 4211 2656 4282 προφάσεων
2695 4210 2974 4264 καλεῖσθαι
3022 4209 3388 4281 Σαμαρείτας.
3430 4209 3495 4265 ἐκ
3535 4229 3594 4265 τε

2007 4301 2103 4356 τοῦ
2133 4301 2355 4374 Σωμὴρ,
2400 4300 2465 4354 ἐκ
2495 4319 2555 4356 τε
2602 4302 2695 4356 τοῦ
2736 4302 3031 4374 Σωμόρων,
3060 4300 3123 4355 ἐκ
3154 4318 3214 4355 τε
3252 4300 3345 4354 τοῦ
3388 4301 3593 4371 φυλάτ-

2008 4410 2122 4449 τειν
2152 4393 2251 4466 τὴν
2282 4394 2387 4465 γῆν
2415 4386 2578 4465 (67⁶),
2615 4393 2678 4447 ἔκ
2707 4410 2767 4448 τε
2810 4393 2901 4450 τοῦ
2938 4392 3226 4464 φυλάττειν
3264 4393 3334 4448 τὰ
3375 4393 3593 4449 παιδεύ.

2017 4504 2159 4560 ματα
2188 4486 2280 4540 τοῦ
2312 4487 2496 4559 νόμου.

2015 4770 2118 4828 pus
2148 4768 2312 4824 porro
2344 4753 2484 4824 apud
2517 4751 2811 4807 Eusebium
2855 4753 2949 4809 lib.
2982 4769 3035 4815 v,
3074 4766 3123 4807 c.
3158 4751 3249 4806 22.
3277 4748 3589 4809 Judaeorum

2016 4834 2198 4882 sectas
2229 4839 2581 4893 percensens,
2620 4821 2996 4878 Samaritanus
3033 4823 3173 4877 inter
3207 4823 3335 4878 illas
3382 4824 3587 4878 retulit.

2024 4896 2164 4952 Sunt
2192 4903 2372 4950 antem
2409 4894 2527 4948 istae
2557 4913 2570 4949 :
2608 4891 2797 4957 Essaei‚
2834 4890 3586 4964 Galilaei‚llemerobaptis‘tae,

329 4970 656 5033 usurpantes
707 4963 1099 5034 multiplicibus
1151 4980 1272 5022 sese
1321 4966 1605 5021 erroribus
1651 4965 1899 5034 implica·
1936 4991 1980 5045 D
2010 4964 2347 5029 Masbotliaei,
2383 4962 2687 5026 Samaritae,
2716 4960 3020 5027 Sadduc'aei‚
3055 4961 3335 5019 Pliarisaei.

329 5040 477 5087 runt.
499 5031 741 5098 Quarum
763 5032 870 5087 dno
888 5034 1067 5103 capita
1099 5044 1248 5101 sunt,
1277 5034 1584 5099 Samaritae,
1609 5050 1673 5090 ac
1701 5034 1897 5089 Judaei.

331 5103 801 5159 Samaritanorum
834 5102 957 5159 καθ’
983 5103 1352 5176 ὑποδιαίρεσιν
1386 5106 1648 5161 factiones
1679 5113 1805 5160 sunt
1830 5120 1902 5171 tv,

328 5170 638 5228 Judaeorum
672 5190 767 5231 vn.
808 5173 1140 5230 Samaritani
1189 5183 1318 5231 sunt
1373 5176 1586 5238 Esseni,
1619 5174 1905 5240 Gortlieni‚

335 5241 570 5302 Sebuaei.
628 5241 893 5300 Dositliei.
929 5244 1265 5312 Judaeorum,
1317 5245 1624 5309 Sadducaei,
1681 5244 1907 5309 Sci-ibai,

331 5310 614 5378 Plrarisaei,
645 5312 1147 5386 lleinerobaptistae‚
1178 5314 1440 5376 Nasaraei‚
1471 5314 1687 5379 Osseni,
1737 5312 1908 5368 llero-

333 5381 505 5439 diani.
541 5381 667 5437 naec
707 5382 1062 5456 Epiphanius.
1098 5386 1224 5453 Qui,
1279 5394 1339 5441 nt
1376 5387 1512 5441 alias
1546 5400 1708 5455 saepe,
1741 5383 1904 5440 sicin

335 5453 528 5506 liarnm
578 5461 852 5508 sectarum
884 5458 1176 5524 partitione
1209 5472 1273 5513 ac
1298 5456 1664 5525 descriptione
1690 5469 1906 5525 aeqnunt

335 5522 509 5593 magis
544 5536 609 5577 ac
635 5523 951 5592 benignum.
980 5541 1140 5595 quam
1191 5537 1507 5582 accuratum
1558 5533 1612 5580 ct
1655 5538 1904 5581 severum

334 5589 590 5648 lectorem
619 5593 806 5662 exigit.
844 5591 1118 5649 Permulta
1149 5596 1292 5650 enim
1327 5596 1452 5651 istic
1480 5595 1905 5657 falsa‚minime-

329 5675 438 5733 quo
467 5662 793 5718 coliaerentia
826 5663 1106 5732 disputat;
1147 5680 1268 5734 qnae
1318 5681 1417 5720 nos
1471 5664 1783 5720 invitissimi
1815 5677 1905 5716 sa-

332 5747 419 5794 ne,
440 5747 538 5804 pro
559 5748 624 5787 eo
649 5747 714 5788 ac
739 5733 1072 5789 sanctissimi
1104 5734 1206 5789 viri
1239 5735 1493 5804 pietatem
1521 5737 1902 5790 ertulittonem·

372 5818 439 5858 ue
463 5818 811 5869 veneramur,
833 5804 927 5858 sed
961 5806 1272 5861 necessario
1301 5815 1479 5860 tamen
1506 5821 1718 5869 cruere,
1745 5818 1808 5858 ac
1834 5819 1902 5858 ne

330 5816 508 5930 prandi
553 5873 806 5947 cuiquam
833 5873 963 5941 sint,
1000 5875 1268 5948 castigare
1296 5875 1604 5936 debuimus.
1638 5873 1899 5948 llegcsip-

2082 5034 2196 5120 (66)
2247 5034 2703 5105 Ἐρμηνεύονται
2750 5031 2818 5085 δὲ
2853 5032 3221 5102 Σαμαρεῖται.
3262 5031 3381 5088 Non
3426 5033 3593 5091 unius

2015 5106 2304 5179 Epiphanii
2328 5114 2412 5160 est
2444 5103 2621 5160 otiosa
2651 5103 2765 5165 illa,
2797 5116 2863 5157 ac
2894 5104 3060 5168 nimis
3097 5112 3286 5173 arguta
3318 5104 3472 5160 vocis
3506 5105 3591 5159 in·

2017 5176 2359 5247 terpretatio.
2391 5172 2535 5229 Pene
2581 5188 2773 5229 omnes
2803 5172 3013 5244 antiqui
3058 5181 3166 5237 tam
3198 5171 3392 5239 Graeci,
3423 5189 3589 5244 quam

2020 5246 2198 5302 Latini
2236 5260 2357 5300 eam
2403 5243 2635 5315 amplexi
2666 5252 2816 5306 sunt,
2845 5259 2910 5298 ac
2944 5243 3209 5302 mirilicas
3251 5260 3319 5307 ex
3367 5259 3431 5308 ca
3463 5259 3591 5298 sen-

2020 5315 2224 5373 tentias
2252 5313 2642 5385 procudernnt.
2678 5312 2783 5367 Sed
2817 5313 3130 5370 accuratior
3176 5313 3435 5370 omnibus
3463 5311 3592 5381 Epi-

2020 5385 2253 5456 phanius
2298 5394 2527 5439 noster:
2559 5384 2650 5452 qui
2696 5383 2771 5437 ita
2804 5398 3149 5439 communem
3197 5384 3345 5445 illam
3382 5383 3586 5445 attulit,

2019 5465 2077 5510 nt
2101 5455 2387 5519 veriorem,
2416 5468 2482 5508 ac
2504 5466 2814 5523 germanam
2840 5467 2947 5506 non
2983 5453 3321 5524 praeterirem
3351 5468 3474 5523 quae
3501 5460 3588 5508 est

2016 5525 2108 5581 lib.
2141 5523 2203 5579 ΙΙΙ
2235 5523 2366 5595 Reg.
2397 5540 2508 5585 xvi,
2535 5523 2624 5576 2⁴.

2084 5596 2198 5665 (67)
2242 5594 2362 5661 Τὴν
2394 5596 2514 5647 νῦν
2549 5591 2837 5646 Ἰουδαίαν
2868 5593 2907 5660 ἢ
2941 5593 3293 5663 Σαμαρείαν.
3340 5592 3592 5663 Saepenn-

2011 5680 2164 5720 mero
2194 5664 2296 5719 lioc
2323 5664 2599 5718 inculcat:
2634 5661 2803 5715 Cliam
2840 5662 2893 5716 in
2926 5662 3108 5718 fratris
3157 5665 3241 5719 sui
3296 5663 3593 5732 possessio-

2013 5751 2135 5790 nem
2167 5734 2453 5796 invasisse.
2485 5730 2813 5786 ac·.1udaeam
2853 5747 3192 5803 occupasse;
3236 5735 3395 5801 cujns
3436 5749 3590 5804 parS.

2013 5805 2176 5860 latius
2205 5804 2401 5859 ‹lill‘nsa
2431 5801 2679 5857 vocabuli
2716 5802 2959 5866 mitione,
2990 5805 3235 5858 Samaria
3270 5804 3388 5857 t‘uit.

2084 5875 2220 5948 (67⁶)
2263 5876 2373 5929 Ἐκ
2413 5890 2475 5930 τε
2526 5871 2632 5926 τοῦ
2683 5872 3010 5942 φυλάττειν
3051 5873 3167 5943 τὴν
3191 5873 3327 5946 γῆν.
3370 5874 3587 5931 Primus
