3850 6517
232 519 339 577 653

835 510 1207 569 ADVERSUS
1245 507 1591 566 HAERESES
1628 506 1758 563 Lm.
1798 504 1837 562 l.
1880 503 2047 564 Tou.
2083 504 2172 558 ΙΙΙ.
2215 534 2284 545 -—
2323 501 2603 559 llAERES.
2643 502 2926 561 xxxvlll.

3402 503 3511 561 ost

234 634 328 687 καὶ
353 632 456 704 τὴν
493 627 826 702 περιστερὰν
857 624 1225 699 μιμήσασθαι,
1255 627 1333 698 μὴ
1359 625 1520 689 ἐκτὸς
1541 623 1822 695 γενόμενοι
1854 628 1899 684 Α
1929 621 2060 676 stris
2133 618 2501 690 improbitatis
2555 598 2846 689 vestigium
2921 616 3232 673 efferamus.
3294 618 3514 689 Alioqui

236 724 426 788 κακίας
448 743 463 788 ;
494 722 673 777 καίτοι
693 738 757 791 γε
792 718 887 773 τοῦ
912 718 1103 788 γένους
1124 717 1225 788 τῆς
1247 717 1577 789 περιστερᾶς
1595 717 1657 769 ἐν
1684 712 1824 767 mk·

236 818 345 882 λοῐς
365 816 689 890 πράγμασιν
740 813 841 867 οὐκ
881 810 1297 881 ἐπαινουμένου.
1357 807 1681 863 Ἀκόλαστον
1715 805 1825 877 γὰρ

236 907 394 977 γένος
434 905 789 978 περιστερᾶς,
831 902 929 957 καὶ
968 896 1297 971 πολυμιξίας
1337 899 1414 971 μὴ
1445 896 1828 968 ἀνακοπτόμε-

243 1014 349 1061 ιον,
378 997 575 1066 λάγνον
613 1010 675 1048 τε
722 993 820 1047 καὶ
848 990 971 1046 καθ’
1003 987 1157 1064 ὥραν
1191 990 1354 1063 ἡδονῇ
1390 987 1827 1061 προσανακείμε-

234 1105 349 1149 νον.
396 1088 541 1160 Πρὸς
565 1086 624 1141 δέ
654 1084 865 1150 τούτοις
896 1084 1087 1140 ἀτονον
1118 1084 1214 1138 καὶ
1255 1080 1506 1154 βληχρόν.
1538 1078 1637 1135 Διά
1679 1080 1738 1134 δὲ
1763 1080 1826 1133 τὸ

242 1184 450 1241 ἄκακον
467 1178 564 1233 καὶ
598 1176 959 1252 μακρόθυμον
1002 1176 1099 1230 καὶ
1131 1174 1512 1248 ἀμνησίκακον
1532 1172 1628 1227 τοῦ
1660 1171 1822 1237 ζώου,

241 1272 322 1328 ἔτι
354 1272 460 1344 μὴν
485 1271 583 1325 καὶ
604 1270 693 1325 διὰ
723 1268 787 1324 τὸ
836 1269 896 1323 ὲν
924 1267 1056 1321 εἴδει
1100 1266 1432 1340 περιστερᾶς
1467 1262 1737 1335 πεφάνθαι
1765 1261 1825 1317 τὸ

243 1362 396 1432 ἅγιον
446 1359 695 1433 Πνεῦμα,
731 1358 1074 1431 μιμήσασθαι
1119 1360 1268 1431 ἡμᾶς
1311 1356 1558 1429 βούλεται
1600 1357 1632 1410 ὁ
1681 1355 1826 1420 θεῖος

241 1452 399 1523 λόγος
435 1453 531 1508 τοῦ
583 1453 739 1523 ἀγίσυ
772 1452 1092 1524 Πνεῦματος
1132 1451 1233 1524 τὴν
1282 1450 1557 1524 βούλησιν,
1599 1448 1823 1520 καὶτῆς

244 1546 458 1600 ἀκάκου
510 1545 841 1617 περιστερᾶς
881 1543 983 1615 τὴν
1019 1541 1276 1608 ἀκακίαν,
1323 1540 1485 1607 δντας
1531 1540 1633 1612 μὲν
1673 1541 1825 1611 ἡμᾶς

246 1635 547 1709 φρονίμους
583 1637 663 1699 εἰς
691 1634 753 1690 τὸ
781 1632 1009 1703 ἀγαθὸν,
1029 1631 1321 1702 ἀκεραίους
1350 1630 1410 1684 δε
1433 1631 1516 1694 εἰς
1543 1629 1604 1684 τὸ
1630 1627 1822 1683 κακόν.

245 1734 361 1787 Καὶ
395 1731 614 1787 λέλυται
657 1732 690 1802 ὴ
730 1729 936 1784 τούτων
979 1727 1128 1782 πᾶσα
1166 1725 1603 1800 δραματουργία.
1648 1721 1825 1789 Εὐθὺς

244 1825 358 1897 γὰρ
393 1826 423 1878 ὁ
446 1824 599 1893 ἀγιος
638 1821 958 1885 ’Δπόστολος
981 1819 1044 1873 τὸ
1070 1818 1378 1891 πανοῦργον
1409 1817 1503 1871 καὶ
1541 1816 1826 1870 ἐπίΰουλον

244 1916 343 1986 οὐχ
365 1914 605 1987 ὁρίζεται
633 1910 1062 1986 περισσοτέρως,
1104 1908 1244 1963 ἀλλὰ
1282 1908 1423 1963 κατὰ
1455 1907 1550 1963 τοῦ
1578 1906 1825 1962 διαδόλου

1931 711 2209 782 quomodo
2228 710 2537 765 columbam
2563 711 2925 775 imitabimur,
2954 711 3059 768 nisi
3092 710 3312 766 malitia
3339 712 3513 766 simus

1931 808 2224 881 expertes?
2251 805 2575 877 Quanquam
2605 822 2778 880 genus
2813 807 2946 863 illud
2991 808 3173 863 avium
3221 821 3332 862 non
3362 808 3511 861 omni

1931 916 1998 957 ex
2047 907 2202 972 parte
2245 898 2522 954 laudabile
2550 898 2642 954 sit.
2675 896 2773 954 Est
2817 899 2965 954 enim
3001 899 3331 970 propensius
3358 898 3415 954 in
3448 897 3535 981 li·=

1929 991 2195 1060 bidinem,
2217 1006 2282 1047 ae
2308 990 2459 1046 coitu
2482 989 2827 1061 frequentius
2845 990 3038 1054 utitur,
3075 997 3263 1061 utpote
3287 988 3511 1045 salacis-

1931 1084 2135 1141 simum
2191 1092 2246 1140 et
2280 1082 2668 1153 voluptuosum
2716 1083 2941 1140 animal.
2989 1083 3144 1139 Adde
3175 1082 3512 1139 imbecillum

1930 1184 1996 1249 et,
2036 1176 2314 1247 ignavum.
2367 1173 2475 1231 Sed
2501 1174 2647 1246 quod
2692 1174 2833 1231 idem
2883 1175 3109 1233 minime
3142 1176 3347 1231 malum
3371 1214 3388 1240 ,
3412 1189 3508 1245 pa·

1931 1269 2185 1339 tiensque
2213 1267 2306 1332 sit,
2337 1282 2439 1323 nee
2461 1266 2679 1337 injurie
2699 1268 3029 1333 meminerit,
3058 1276 3171 1323 tum
3209 1281 3339 1323 vero
3366 1266 3513 1339 quod

1927 1356 2196 1412 columbae
2209 1358 2394 1427 speeie
2406 1356 2644 1428 Spin-itus
2665 1365 2891 1415 sanctus
2913 1356 3227 1429 apparuerit
3242 1374 3258 1423 ;
3276 1356 3510 1428 idipsum

1929 1449 2075 1521 quod
2112 1447 2342 1520 Spiritui
2368 1457 2566 1504 sancto
2593 1456 2807 1520 gratum
2830 1462 2905 1505 *ae
2949 1446 3255 1519 jucundum
3290 1452 3397 1515 est,
3429 1447 3506 1502 in·

1931 1540 2181 1598 nocentis
2231 1540 2501 1597 columbae
2556 1540 2964 1612 simplicitatem
3015 1540 3220 1596 imitari
3266 1555 3368 1597 nos
3418 1538 3512 1595 Dei

1931 1630 2171 1689 Verbum
2208 1630 2517 1699 admonuit,
2552 1643 2612 1689 ut
2643 1632 2788 1705 quod
2812 1632 2881 1688 ad
2912 1633 3116 1690 bonum
3142 1632 3357 1691 attinet.
3381 1648 3512 1705 pru-

1932 1725 2124 1784 dentes
2146 1734 2202 1783 et
2223 1726 2430 1791 callidi,
2462 1725 2531 1782 ad
2567 1727 2775 1783 malum
2806 1741 2938 1784 vero
2969 1726 3247 1798 simplices
3273 1743 3397 1785 esse
3432 1727 3506 1782 vi-

1932 1819 2180 1875 deamur.
2207 1816 2327 1886 Qua
2347 1817 2560 1874 ratione
2591 1818 2772 1875 omnis
2793 1818 3012 1874 illorum
3036 1816 3373 1874 machinatio
3400 1818 3511 1873 dis-
3608 1884 3614 1891 ⁸

1933 1911 2207 1967 solvitur..
2244 1908 2381 1963 Nam
2404 1918 2458 1964 et
2503 1908 2801 1980 Apostolus
2825 1910 3208 1966 veteratoriam
3245 1910 3512 1965 callidita-

244 2008 341 2062 καὶ
361 2006 457 2061 τοῦ
487 2007 685 2077 ὄφεως,
708 2004 882 2074 λέγων
904 2021 919 2035 ·
951 2003 1251 2074 Φοᾶοῦμαι
1282 2002 1351 2057 δὲ
1390 2000 1478 2072 μή
1518 2017 1661 2067 πως,
1687 1999 1769 2067 ὡς
1797 2003 1832 2057 ό
1863 2010 1904 2068 Β
1932 2007 2042 2056 tem
2069 2008 2122 2056 et
2147 1997 2409 2053 malitiam
2441 1998 2896 2056 abundantiorem
2929 1999 3066 2056 nulli
3094 2014 3259 2071 quam
3293 1998 3512 2055 diabolo

244 2101 383 2171 ὄφις
433 2098 748 2168 ἠπάτησεν
785 2097 974 2162 Εὕαν,
1013 2095 1085 2150 ἐν
1126 2094 1205 2165 τῇ
1250 2093 1588 2164 πανουργίᾳ
1612 2093 1823 2159 αὑτοῦ,

244 2189 446 2262 φθαρῇ
469 2189 544 2245 τὰ
572 2189 843 2261 νοήματα
856 2185 1028 2258 ὑμῶν
1047 2186 1175 2243 ἀπὸ
1217 2184 1332 2255 τῆς
1361 2183 1707 2252 ἁπλότητος
1727 2183 1827 2237 καὶ

244 2282 486 2352 ἁγνείας
514 2280 772 2351 Χριστοῦ
800 2279 901 2336 καί
920 2277 1333 2347 δικαιοσύνης.
1374 2276 1561 2349 Ὁρᾷς,
1592 2273 1668 2339 ὡς
1702 2273 1827 2344 φθο·

252 2371 352 2440 ρὲιν
387 2368 662 2442 ἀπέφηνεν
690 2373 721 2425 δ
762 2370 1108 2437 ’Δπόστολος,
1130 2371 1226 2426 καὶ
1253 2367 1594 2441 πανουργίαν
1620 2366 1824 2439 δεινὴν,

254 2460 352 2512 καὶ
376 2457 591 2529 ἀπάτην
642 2459 714 2514 τά
740 2460 845 2513 ὕπο
894 2460 989 2515 τοῦ
1031 2460 1207 2531 ὄφεως
1256 2460 1395 2534 πρὸς
1426 2461 1527 2533 τὴν
1548 2459 1694 2516 Εὔαν
1724 2477 1818 2513 πε-

258 2548 745 2622 πραγματευμένα,
766 2551 862 2606 καὶ
883 2550 985 2604 οὐκ
1006 2550 1289 2607 ἐπαινετόν
1301 2569 1357 2605 τι
1371 2551 1525 2623 παρὰ
1542 2552 1635 2606 τοῦ
1657 2550 1827 2606 αὐτοῦ

255 2640 618 2714 γεγενημένον
654 2641 939 2710 ὑπέδειξες

322 2730 400 2785 0⁹.
431 2731 772 2804 Πανταχόθεν
788 2732 967 2787 τοίνυν
997 2732 1228 2805 φωρατὴ
1264 2735 1361 2789 καὶ
1391 2733 1610 2807 ἔκδηλος
1632 2737 1667 2807 ἡ
1704 2736 1831 2790 τού-

252 2838 361 2877 των
388 2822 543 2880 ἀνοιά
561 2825 681 2879 ἐστι
710 2826 876 2880 παντὶ
919 2825 995 2899 τῷ
1023 2826 1339 2899 βουλομένῳ
1380 2824 1577 2879 εἰδέναι
1610 2825 1707 2898 τὴν
1733 2825 1831 2898 τῆς

250 2914 506 2987 ἀληθείας
536 2914 906 2981 διδασκαλίαν,
934 2917 1032 2971 καὶ
1073 2915 1393 2988 Πνεῦματος
1423 2914 1579 2985 ἀγίου
1608 2915 1828 2987 γνῶσιν.

254 3007 376 3063 Ἵνα
394 3007 453 3062 δὲ
488 3008 566 3081 μὴ
592 3006 867 3064 ἀναλίσκει)
890 3008 1100 3080 χρόνον,
1132 3008 1228 3063 καὶ
1259 3006 1465 3081 ταύτην
1482 3007 1833 3083 διασεισάμε-

251 3115 343 3165 νος
371 3098 476 3176 τὴν
498 3100 744 3174 χαλεπὴν
770 3099 867 3154 καὶ
896 3100 1164 3155 δύσπλουν
1199 3098 1295 3154 τοῦ
1333 3100 1601 3170 πελάγους
1635 3099 1830 3173 ζάλην,

247 3191 344 3247 ἐπὶ
384 3189 485 3255 τάς
531 3187 730 3263 ἐτέρας
775 3188 1093 3254 θαλαττίους
1134 3188 1492 3261 ποντοπορίας
1529 3189 1591 3243 τὸ
1626 3189 1835 3259 σκάφος

250 3281 562 3355 ὀπλίσομαι,
593 3280 873 3354 ἐπιμελῶς
893 3282 1022 3346 τοὺς
1047 3280 1281 3353 αὐχένας
1308 3279 1526 3353 κρατῶν
1550 3281 1610 3335 ἐν
1636 3283 1704 3354 τῇ
1737 3279 1832 3335 τοῦ

1935 2104 2000 2145 ac
2026 2088 2266 2160 serpenti
2312 2088 2505 2145 tribuit
2540 2088 2786 2157 :Timeo,
2816 2090 3015 2162 inquit,
3037 2107 3102 2147 ue
3134 2090 3275 2145 sicut
3304 2105 3516 2160 serpens

1937 2181 2101 2238 Evam
2121 2181 2328 2238 seduxit
2348 2187 2550 2240 astutia
2587 2200 2709 2251 sua,
2754 2184 2829 2240 itu
2877 2191 3289 2255 corrumpantur
3332 2199 3514 2239 sensus

1934 2272 2110 2337 vestri,
2140 2281 2190 2328 et
2221 2271 2526 2329 excidente
2556 2273 2920 2345 simplicitate,
2950 2283 3000 2331 ει
3028 2275 3276 2330 castitate
3317 2272 3516 2330 Christi

1935 2380 1998 2419 oc
2014 2363 2234 2435 justitio
2267 2364 2307 2418 ¹.
2342 2363 2478 2421 vide
2531 2374 2587 2421 ut
2614 2381 2738 2438 quae
2768 2374 2964 2422 contra
2994 2366 3164 2423 Evam
3200 2380 3231 2421 a
3266 2377 3515 2437 serpente

1936 2462 2146 2513 structa
2169 2466 2319 2521 sunt,
2364 2458 2734 2527 corruptelam
2757 2468 2813 2513 et
2839 2459 3232 2530 nequissimam
3259 2459 3517 2514 astutiam

1937 2561 2002 2602 ac
2029 2545 2276 2603 fraudem
2306 2547 2606 2617 Apostolus
2626 2561 2753 2605 esse
2784 2548 3122 2619 pronuntiet,
3164 2562 3341 2617 neque
3358 2546 3520 2602 laude

1937 2638 2162 2708 dignum
2195 2638 2476 2709 quidpiam
2498 2637 2569 2692 ab
2606 2637 2700 2692 illo
2727 2645 3100 2710 perpetratum
3124 2636 3369 2694 definiat.

2007 2724 2099 2782 IX.
2125 2726 2396 2795 Quocirca
2425 2727 2577 2784 omni
2597 2744 2665 2783 ex
2691 2736 2847 2800 parte
2876 2729 3093 2785 illorum
3122 2731 3520 2803 constringitur

1939 2834 2005 2876 ac
2030 2820 2342 2877 declaratur
2372 2820 2610 2877 amentia
2629 2864 2646 2891 ,
2681 2822 2727 2878 si
2755 2822 2882 2894 quis
2905 2824 3155 2881 veritatis
3187 2825 3520 2888 doctrinam,

1940 2926 2005 2967 ac
2030 2909 2271 2985 Spiritus
2300 2911 2476 2967 sancti
2499 2913 2787 2969 scientiam
2819 2914 2950 2970 velit
2975 2916 3273 2986 percipere.
3311 2914 3420 2973 Sed
3453 2933 3522 2972 ne

1941 3011 2157 3073 tempus
2190 3003 2332 3058 ultra
2355 3010 2659 3073 conteram,
2691 3004 2797 3061 liae
2843 3006 2992 3061 velut
3039 3005 3241 3061 difficili
3281 3022 3345 3063 ac
3375 3010 3520 3080 peri-

1940 3091 2131 3148 culosa
2167 3090 2343 3164 pelagi
2382 3100 2707 3166 tempestate
2754 3094 3098 3166 perfunctus,
3146 3098 3407 3170 scapham
3451 3101 3520 3155 ad

1941 3183 2079 3241 alios
2098 3184 2502 3256 navigationum
2525 3203 2722 3245 cursus
2750 3188 3062 3260 expediam:
3085 3191 3222 3247 adeo
3253 3201 3313 3248 ut
3336 3192 3521 3249 fauces

1943 3277 2088 3349 ipsas
2109 3275 2352 3334 studiose
2381 3284 2617 3348 teneam,
2647 3279 2830 3335 diviua
2851 3281 2925 3348 vi,
2955 3297 3020 3336 ac
3049 3293 3366 3339 sanctorum
3397 3300 3521 3356 pre·

252 3372 391 3428 Θεοῦ
415 3373 641 3447 δυνάμει
678 3373 774 3427 καὶ
811 3373 996 3445 εὐχαῖς
1020 3372 1213 3443 ἀγίων,
1242 3372 1392 3437 ὅπως
1421 3372 1835 3446 παραπλέοντες
1859 3366 1905 3424 (ἶ
1939 3370 2097 3427 cibus
2133 3370 2396 3439 conlisus,
2432 3380 2564 3428 utet
2590 3372 2940 3431 vehementes
2957 3374 3082 3430 irati
3108 3376 3277 3432 maris
3303 3377 3520 3443 fluctus,

257 3460 711 3540 ngtomet'mtupzv
727 3461 836 3517 τῶν
862 3462 1071 3535 ἀγρίων
1109 3460 1369 3533 κυμάτων
1404 3462 1506 3533 τὴν
1538 3461 1835 3533 κύρτωσιν,

243 3539 351 3611 'iat
362 3554 471 3611 τῶν
496 3553 681 3622 ἐντοῖς
706 3555 966 3627 πελάγεσι
993 3554 1203 3628 θηρίων
1226 3554 1448 3610 Ξοὸόλων
1475 3554 1577 3619 τάς
1595 3556 1835 3627 μορφάς.

257 3647 553 3722 ’Δπληκτοι
597 3648 658 3705 ἃ
686 3646 796 3705 ἀπδ
842 3647 1257 3723 σμυραινώδους
1294 3647 1373 3702 ίοῦ
1408 3648 1505 3702 καὶ
1551 3648 1835 3721 τρυγόνος,

252 3738 348 3793 καὶ
361 3738 678 3811 δρακαίνης.
696 3739 793 3794 καὶ
825 3738 1155 3810 καρχαρίου,
1186 3738 1282 3790 καὶ
1305 3736 1643 3809 σκορπαίνης
1667 3739 1839 3811 περά·

229 3846 370 3894 σαι,
409 3830 503 3883 καὶ
538 3826 636 3881 τοῦ
688 3828 862 3881 εὐδίου
901 3827 1005 3896 τῆς
1035 3825 1295 3897 ἀληθείας
1327 3826 1548 3898 λιμένος
1573 3828 1641 3882 δι’
1673 3829 1838 3903 εὐχῆς

257 3921 355 3975 καὶ
385 3920 595 3981 ἱκεσίας
620 3920 898 3988 ἐπιτυχεῖν
919 3916 1281 3991 δυνηθείημεν
1296 3933 1311 3948 ·
1343 3903 1721 3994 πληρουμένου
1743 3925 1839 3979 καὶ

260 4013 321 4064 ἐν
365 4011 496 4080 ημῖν
546 4007 643 4062 τοῦ
675 4007 862 4079 ῥητοῦ,
888 4007 1009 4074 τοῦ,
1042 4010 1108 4064 Οἱ
1148 4010 1606 4079 καταδαίνοντες
1622 4014 1711 4081 εις
1733 4013 1837 4070 θά-

263 4102 531 4167 λασσαν,
544 4097 653 4167 τὰς
666 4098 881 4169 ἀρετὰς
894 4098 1004 4155 τοῦ
1028 4099 1252 4170 Κυρίου
1275 4098 1682 4173 διηγήσονται.
1720 4106 1836 4176 Ἐφ’

264 4190 458 4263 ἑτέραν
477 4190 653 4246 τοίνυν
671 4191 876 4266 ταύτην
906 4192 1140 4266 καθεξῆς
1161 4191 1262 4265 τὴν
1287 4194 1514 4271 πορείαν
1540 4200 1837 4270 ποιήσομαι

261 4283 401 4356 πρὸς
428 4283 697 4357 διήγησιν.

788 4399 981 4454 ΚΑΤΑ
1008 4399 1343 4467 KAlANssN,

388 4511 909 4585 Ὁκτωκοιὸεκάτη,
929 4516 971 4584 ἦ
1008 4514 1109 4569 καὶ
1145 4514 1473 4585 τριακοστὴ
1503 4516 1709 4588 ὀγδόη.

326 4625 407 4680 Δ’.
440 4623 671 4680 Καῐανοί
692 4639 840 4689 τινες
852 4623 1230 4698 ὀνομάζονται,
1256 4628 1367 4681 ἀπὸ
1393 4627 1490 4683 τοῦ
1528 4629 1669 4685 Κάῖν
1694 4629 1840 4701 εἰλη-

1939 3471 1993 3517 et
2014 3471 2407 3520 venenatarum
2455 3464 2657 3521 ibidem
2702 3464 3003 3523 bestiarum
3047 3468 3262 3539 species
3300 3478 3523 3542 praetcr-

1939 3554 2122 3612 eundo
2159 3555 2443 3611 videamus
2484 3574 2499 3611 :
2545 3556 2790 3628 nihilque
2823 3558 3219 3615 nobisinterim
3247 3576 3520 3617 mura-,na-

1942 3661 2085 3714 rum,
2113 3654 2207 3702 aut
2269 3647 2588 3719 pastinaoe,
2623 3656 2718 3703 aut
2766 3650 3052 3716 dracaenoe,
3096 3659 3191 3706 aut
3228 3655 3521 3718 carcharii.

1941 3739 2026 3794 vel
2074 3752 2370 3808 scorpaenae
2417 3737 2571 3794 virus
2619 3739 2773 3795 exitii
2821 3733 3014 3795 afferat
3044 3757 3149 3799 :ae
3193 3742 3412 3802 demum
3454 3749 3523 3803 ad

1945 3830 2156 3887 felicem
2207 3829 2454 3901 veritatis
2504 3838 2726 3901 portum
2777 3833 3035 3903 precibus
3076 3842 3132 3891 et
3176 3837 3523 3896 orationibus

1942 3921 2066 3979 freti
2104 3921 2380 3995 navigium
2418 3922 2795 3994 appellamus3
2845 3932 2907 3981 ut
2945 3924 3061 3981 haee
3111 3928 3167 3983 in
3200 3930 3361 3987 nobis
3396 3947 3524 3987 vei-a

1940 4015 2106 4089 276
2163 4015 2237 4073 sit
2288 4012 2586 4088 Scriptura:
2605 4017 2875 4073 sententia
2906 4035 2922 4074 ε
2949 4018 3055 4089 Qui
3079 4023 3328 4094 inoviqont
3358 4042 3525 4091 unare,

1940 4108 2160 4164 virtutes
2210 4106 2429 4165 Domini
2469 4117 2692 4164 narrant
2722 4109 2764 4164 ⁸.
2792 4108 2876 4167 Ad
2912 4112 3140 4168 alteram
3169 4114 3338 4187 igitur
3370 4117 3527 4173 dein-

1940 4216 2089 4273 ceps,
2130 4208 2190 4255 ut
2216 4198 2268 4255 id
2301 4216 2530 4259 narrare
2565 4200 2866 4274 possimus,
2892 4200 3289 4274 profectionem
3343 4210 3527 4264 accin-

1940 4305 2140 4362 guntur.

2364 4400 2737 4459 ADVERSUS
2774 4403 3091 4474 CAIANOS,

2117 4509 2250 4577 Quoe
2271 4524 2350 4569 est
2381 4514 2597 4570 heresis
2630 4514 2838 4572 XVIII
2864 4521 2969 4576 sive
3004 4521 3344 4580 XXXVIII.

2011 4628 2052 4683 l.
2089 4626 2194 4696 Qui
2221 4626 2413 4684 Caiani
2452 4628 2614 4702 vulgo
2651 4641 3060 4704 nuncupantur,
3098 4635 3328 4695 liaeresin
3363 4654 3520 4696 suam

257 4716 418 4787 φότες
469 4713 570 4787 τὴν
619 4714 939 4788 ἐπωνυμίαν
972 4717 1075 4789 τῆς
1104 4718 1390 4792 αἱρέσεως.
1418 4713 1577 4776 οῦτοι
1605 4721 1717 4793 γὰρ
1745 4720 1839 4775 τὸν
1870 4710 1916 4765 D
1945 4735 1977 4777 a
2014 4719 2189 4778 Caino
2215 4720 2697 4795 cognominarunt.
2739 4719 2898 4781 llunc
2937 4726 3083 4782 enlm
3118 4728 3435 4799 pradicant,
3465 4743 3522 4789 ct

192 4805 199 4810 '
256 4807 399 4863 Κάῖν
430 4804 735 4872 ἐπαινοῦσι,
766 4808 862 4862 καὶ
880 4808 1094 4880 πατέρα
1112 4799 1325 4866 ἐαυτῶν
1348 4811 1538 4869 τοῦτον
1561 4814 1839 4881 τάττουσι,

257 4899 354 4954 καὶ
369 4895 545 4964 αὐτοὶ,
580 4896 869 4964 ὠςείπεῖν,
894 4898 971 4965 ὠς
999 4901 1109 4956 ἀπὸ
1138 4900 1403 4976 διαφορᾶς
1419 4905 1844 4969 ἐπαναστάσεως

257 4989 520 5064 κυμάτων
555 4987 889 5062 ὁρμώμενοι,
915 4991 1016 5045 οὐκ
1053 4992 1158 5061 ἕξω
1183 4993 1339 5059 ὅντες
1358 4994 1455 5049 τοῦ
1487 4994 1653 5050 αὑτοῦ
1677 4994 1841 5050 σάλου

260 5084 354 5139 καὶ
378 5082 650 5146 κλύδωνος
666 5098 684 5114 ·
707 5080 804 5137 καὶ
844 5082 923 5147 ὡς
964 5082 1074 5139 ἀπὸ
1090 5084 1438 5150 ἀκανθώδους
1470 5086 1603 5161 ὕλης
1636 5086 1844 5159 προκύ-

256 5177 477 5249 ψαντες,
508 5175 612 5230 οὐκ
647 5173 807 5239 ἐκτὸς
820 5173 973 5239 ὅντες
994 5174 1196 5240 παντὸς
1213 5175 1309 5230 ’τοῦ
1327 5178 1504 5250 σωροῦ
1527 5177 1639 5232 τῶν
1672 5179 1844 5233 ἀκαν·

259 5270 394 5337 θῶν,
425 5272 476 5325 εί
498 5269 594 5325 καὶ
616 5268 865 5341 διάφοροι
890 5267 971 5341 τῷ
989 5267 1217 5341 ὀνόματί
1249 5272 1407 5327 εἰσιν.
1435 5272 1714 5328 Ἀκανθῶν
1742 5272 1843 5345 μὲν

259 5361 372 5435 γάρ
393 5363 525 5435 γένη
550 5361 746 5429 πολλὰ,
775 5362 925 5434 ὅμως
943 5362 1002 5415 ἐν
1030 5360 1201 5417 άπασι
1215 5362 1278 5415 τὸ
1306 5363 1579 5436 μοχθηρὸν
1598 5366 1701 5439 τῆς
1721 5382 1835 5420 κεν-

260 5453 500 5526 τρώδους
525 5452 739 5519 ἀδικίας
763 5453 996 5509 ἔνεστιν.

331 5540 491 5603 Οὗτοί
517 5564 649 5619 φασι
672 5547 764 5601 τὸν
790 5546 934 5603 Κάῐν
957 5546 1027 5601 ἐκ
1060 5546 1161 5618 τῆς
1186 5545 1539 5617 ἰσχυροτέρας
1557 5544 1837 5619 δυνάμεως

258 5640 527 5712 ὑπάρχειν
564 5641 659 5695 καὶ
688 5640 789 5710 τῆς
828 5637 1036 5694 ἀνωθεν
1082 5637 1401 5701 αὐθεντίας·
1442 5635 1580 5691 ἀλλὰ
1615 5638 1710 5693 καὶ
1744 5638 1836 5693 τὸν

271 5729 465 5799 Ἠσαῦ,
502 5731 741 5795 καὶτοὺς
777 5731 905 5800 περὶ
933 5728 1100 5799 Κορὲ,
1120 5729 1213 5782 καὶ
1243 5729 1370 5793 τοὺς
1394 5727 1713 5801 Σοδομίτας·
1744 5730 1835 5786 τὸν

339 5917 355 5947 ¹
378 5914 573 5973 neor.
608 5932 683 5983 xi,
717 5916 765 5971 ὅ.
852 5917 871 5949 ²
899 5913 1069 5975 Eccli.
1097 5931 1251 5985 xmn,
1275 5916 1371 5973 26.

1940 4823 2220 4887 parentem
2268 4829 2429 4872 suum
2482 4815 2777 4887 appellant.
2829 4816 2933 4886 Qui
2965 4818 3185 4891 quidem
3225 4823 3417 4890 variis,
3460 4838 3520 4882 ut

1944 4908 2021 4962 ita
2058 4906 2260 4971 dicam.
2290 4923 2323 4965 e
2360 4906 2629 4965 fluctuum
2660 4907 3056 4981 jactationibus
3076 4915 3297 4982 emersi,
3327 4918 3517 4974 eodem

1943 4996 2000 5053 ln
2032 4997 2151 5053 salo
2178 5003 2233 5053 et
2256 4998 2495 5068 procella
2540 4998 2967 5073 conflictantur;
3002 5019 3067 5060 ac
3105 5000 3255 5062 veln‘t
3282 5021 3314 5064 e
3344 5009 3543 5078 spinis!

1941 5099 1998 5145 et
2053 5088 2311 5160 vepribus
2371 5090 2712 5159 eminentes,
2754 5111 2975 5167 unaque
3027 5098 3311 5168 spinarum
3367 5107 3522 5162 strue

1941 5178 2324 5251 comprehensi
2372 5179 2639 5238 duntaxat
2689 5186 3152 5256 appellationibus
3181 5189 3519 5265 discr-epam.

1940 5270 2078 5326 Nam
2121 5269 2405 5343 spinarum
2459 5273 2908 5345 genera-quidem
2945 5276 3096 5332 varia
3117 5288 3285 5351 sunt;
3322 5286 3419 5342 sed
3451 5290 3520 5346 ad

1941 5360 2289 5433 pungendum
2321 5363 2739 5436 nocendumque
2765 5366 2846 5444 vis
2882 5368 3138 5429 omnibus
3163 5383 3249 5431 est
3272 5391 3511 5435 eommu-

1941 5456 2088 5511 niter
2115 5455 2301 5513 insita.

2016 5546 2183 5618 igitur
2207 5547 2399 5604 caiani
2435 5563 2466 5604 a
2493 5550 2787 5622 potentiori
2820 5553 3054 5624 quadam
3081 5559 3286 5618 virtute
3313 5576 3377 5617 ac
3403 5575 3519 5617 coe-

1943 5638 2067 5694 lesti
2094 5640 2417 5699 auctoritate
2452 5643 2759 5700 derivatum
2802 5661 2926 5704 esse
2947 5648 3175 5707 Cainum
3198 5651 3518 5724 pradicant,

1943 5744 2158 5788 necnon
2188 5739 2243 5790 et
2272 5729 2438 5805 Esau,
2470 5746 2527 5794 ct
2575 5735 2714 5795 Core
2740 5753 2865 5796 eum
2908 5742 3045 5810 suis,
3075 5743 3310 5814 itemque
3345 5741 3519 5799 Sodo-
