3850 6517
309 471 451 530 ¹093

1047 465 1413 528 ADVERSUS
1450 461 1792 523 HAERESES
1832 465 1958 523 ult.
1995 466 2060 521 ll.
2102 462 2265 523 Tffil.
2307 466 2418 521 l·-
2452 467 2727 524 HAERES.
2756 466 2942 523 wa.

3439 472 3577 534 {053

307 592 435 661 γάρ,
471 590 518 655 εἰ
540 587 674 641 ὀστᾶ
698 586 1044 658 ὀνομάζεται.
1075 590 1293 654 πάντως
1317 590 1385 644 τὰ
1411 590 1544 643 ὀστᾶ
1571 588 1744 643 ταῦτα
1772 606 1890 660 vor,-
1918 591 1962 646 A
1991 589 2356 643 cuticularum
2391 599 2555 660 atquc
2592 605 2907 645 nervorum.
2956 588 3063 647 sed
3089 598 3144 647 et
3175 590 3310 647 illud
3351 592 3577 651 demon·

304 682 453 736 τέον·
486 679 679 749 ὥσπερ
725 679 846 733 οὐδὲ
874 681 931 732 ὲν
967 680 1063 751 τῷ,
1110 680 1548 750 Διεσκομτίσθη
1590 679 1784 733 πάντα
1820 680 1888 733 τὰ

306 770 460 829 ὀστᾶ
474 788 596 841 μου
614 789 629 802 ·
644 770 1067 840 καὶ,”1ασαίμε,
1080 771 1168 825 ὅτι
1180 771 1477 840 ἐταράχθη
1495 770 1566 825 τὰ
1586 769 1736 825 ὀστᾶ
1745 787 1886 840 μου,

306 864 544 936 φανεροῦ
564 864 715 928 ὄντος
733 863 828 916 τοῦ
847 864 924 935 μὴ
939 862 1192 931 λέγεσθαι
1207 862 1275 916 τά
1288 863 1420 916 ὀστᾶ
1436 861 1575 915 κατὰ
1589 862 1687 934 τὴν
1707 862 1889 933 κοινὴν

310 957 555 1029 ἐκδοχήν.
574 956 926 1028 Ἐπιφέρεται
943 954 1074 1026 γοῦν
1093 953 1344 1026 τῷλόγῳ·
1362 956 1481 1007 Ὅτι
1493 953 1663 1008 αὐτοὶ
1676 951 1880 1023 λέγον·

308 1064 431 1103 σιν·
451 1050 572 1102 ’Ότι
602 1047 758 1117 ξηρὰ
775 1046 980 1117 γέγονε
996 1046 1067 1100 τὰ
1086 1045 1237 1102 ὀστᾶ
1252 1040 1596 1118 ambr-'1³95‘
1617 1063 1683 1117 γε
1698 1046 1890 1115 λέγου-

310 1160 415 1207 σιν,
432 1141 596 1210 Ξηρὰ
608 1140 813 1213 γέγονε
828 1141 897 1194 τὰ
911 1140 1094 1195 ὀστέα
1107 1139 1295 1211 ἡμῶν,
1305 1138 1555 1204 θέλοντες
1568 1140 1887 1194 ἀνίστασθαι

310 1231 677 1303 συναχθέντα;
736 1230 898 1284 Ἀλλά
921 1230 1081 1284 τοῦτο
1108 1230 1411 1302 ἀμήχανον.
1466 1228 1690 1298 Λέγοιεν
1721 1228 1765 1282 δ’
1798 1228 1886 1293 ἂν,

307 1322 460 1393 Ξηρὰ
487 1321 679 1391 γέγονε
703 1321 773 1375 τά
801 1320 961 1374 ὀστέα
1001 1320 1180 1392 ἡμῶν,
1221 1323 1279 1374 ὲν
1316 1320 1716 1391 αἰχμαλωσίαις
1744 1318 1889 1387 γενό-

311 1430 483 1484 μενοι,
540 1412 633 1465 καὶ
681 1414 862 1465 πᾶσαν
911 1409 1147 1481 ζωτικὴν
1202 1409 1382 1463 νοτίδα
1427 1409 1886 1481 άποδεὸληκότες.

322 1502 671 1574 Ἐπιφέρουσι
717 1500 849 1571 γοῦν
889 1501 972 1561 τὸ.
1012 1501 1347 1555 Ἀπόλωλεν
1387 1502 1425 1569 ἠ
1468 1501 1643 1567 ἐλπίς
1676 1500 1844 1571 ἡμῶν
1871 1519 1885 1533 ·

309 1592 863 1663 διαπεφωνήκαμεν.
895 1590 1106 1645 Οὐκοῦν
1131 1593 1165 1663 η
1192 1591 1493 1662 ἐπαγγελία
1523 1593 1626 1665 τῆς
1649 1593 1888 1649 ἀναστά-

313 1702 452 1750 σεως
480 1685 573 1738 τοῦ
604 1682 734 1737 λαοῦ
762 1684 909 1736 ἐστιν
935 1682 1042 1737 άπὸ
1067 1680 1161 1735 τοῦ
1182 1681 1496 1753 πτώματος,
1519 1682 1726 1754 καὶτῆς
1750 1685 1891 1738 οἷον·

314 1778 366 1831 εὶ
400 1776 721 1848 νεκρότητος
766 1776 834 1848 ἢν
867 1774 1248 1845 νενέκρωνται,
1285 1774 1373 1828 διὰ
1410 1774 1481 1828 τά
1515 1777 1890 1848 ἁμαρτήματα

315 1869 428 1932 τοῖς
455 1867 666 1938 ἐχθροῑς
695 1865 1115 1939 παραδοθέντες.
1151 1866 1262 1919 Καὶ
1285 1867 1332 1919 οί
1358 1866 1669 1939 ἁμαρτωλοὶ
1693 1867 1750 1921 δὲ
1785 1867 1890 1922 ὑπὸ

315 1958 409 2013 τοῦ
441 1959 691 2028 Σωτῆρος
722 1957 969 2024 λέγονται
1008 1950 1149 2009 εἶναι
1197 1956 1358 2027 τάφοι
1380 1956 1641 2028 γέμοντες
1685 1958 1891 2012 ὀστέων

316 2052 411 2105 καὶ
446 2051 625 2121 πάσης
645 2049 1002 2121 ἀκαθαρσίας.
1056 2048 1267 2122 Πρέπει
1309 2048 1366 2103 δὲ
1409 2049 1487 2121 τῷ
1512 2049 1633 2121 Θεῷ
1653 2051 1894 2120 ἀνοίγειν

314 2141 382 2196 τά
418 2143 660 2212 μνημεῖα
704 2142 959 2215 ἑκάστου,
999 2142 1094 2196 καὶ
1125 2141 1343 2211 ἐξάγειν
1376 2143 1440 2195 ἐκ
1471 2141 1581 2194 τῶν
1612 2143 1894 2212 μνημείων

312 2233 461 2302 ἡμᾶς
494 2231 982 2303 ὲζωοποιημένους,
1016 2232 1207 2305 ὥσπερ
1233 2234 1262 2287 ὁ
1292 2231 1483 2304 Σωτὴρ
1521 2232 1616 2285 τὸν
1642 2233 1894 2307 Λάζαρον

312 2322 559 2377 εἵλκυσεν
591 2324 717 2391 ἔξω.

2003 681 2286 736 strandum
2319 682 2456 752 ipsis
2483 691 2589 748 est,
2620 690 2826 739 temere
2855 684 2981 739 illos
3011 685 3066 739 in
3103 700 3347 741 errorem
3378 688 3576 759 abripi.

1999 771 2127 826 dum
2160 773 2354 844 srripti
2381 774 2710 831 sententiam
2737 790 3080 847 nequaquam
3107 778 3439 849 percipiunt.
3465 779 3577 835 Ne·

1992 877 2097 932 que
2117 863 2264 918 enim
2288 879 2412 918 cum
2435 879 2563 920 ossa
2588 863 2966 929 nominantur,
2986 867 3102 922 liaec
3134 869 3250 938 ipsa
3268 884 3390 939 quae
3409 869 3583 927 babe-

1992 970 2116 1009 mus
2132 969 2257 1011 ossa
2274 971 2375 1026 par
2391 965 2474 1012 est
2491 955 2686 1026 accipi,
2702 956 2780 1011 uti
2800 973 2976 1028 neque
2993 958 3049 1013 in
3071 958 3158 1014 bis
3173 961 3308 1016 locis
3326 961 3417 1015 ubi
3444 962 3583 1017 scri-

1991 1052 2144 1115 ptum
2165 1053 2277 1100 est:
2305 1044 2556 1115 Dispersa
2577 1055 2701 1100 sunt
2723 1048 2901 1101 omnia
2917 1048 3083 1119 538
3097 1065 3219 1103 ossa
3236 1051 3406 1116 mea¹;
3431 1060 3545 1105 tum
3562 1067 3582 1107 ι

1992 1135 2140 1191 Sana
2172 1153 2273 1200 me,
2299 1139 2549 1207 quoniam
2577 1139 2895 1192 conturbata
2929 1150 3051 1194 sunt
3084 1158 3206 1196 οεκ
3242 1144 3426 1208 mea'3
3453 1158 3581 1199 cum

1992 1229 2062 1283 sit
2101 1227 2454 1285 manifestum
2494 1245 2605 1285 uon
2640 1229 2944 1286 secundum
2980 1232 3258 1304 vulgarem
3299 1234 3582 1289 notionem

1991 1321 2198 1376 ossium
2232 1337 2431 1377 nomen
2466 1322 2743 1393 usurpari.
2798 1321 3037 1377 Proinde
3073 1323 3257 1378 statim
3291 1326 3480 1381 eadem
3522 1326 3582 1382 ia

1991 1414 2242 1470 oratione
2261 1413 2638 1485 subjungitur.
2664 1412 2744 1469 Eo
2766 1398 2913 1484 'qaod
2935 1415 3039 1484 ipsi
3077 1415 3295 1471 dicunt.-
3314 1417 3583 1485 Quoniam

1992 1505 2149 1559 arida
2174 1506 2324 1575 [acta
2346 1516 2469 1560 sunt
2493 1522 2617 1560 oua
2633 1516 2821 1560 nostra
2832 1506 2874 1561 ⁸.
2899 1505 3036 1561 Num
3056 1507 3161 1562 boc
3180 1508 3345 1579 igitur
3367 1510 3580 1576 dicunt,

1991 1596 2160 1651 Arida
2190 1596 2338 1666 [acta
2373 1606 2498 1651 sunt
2524 1613 2649 1652 oua
2681 1605 2888 1660 nostra,
2925 1595 3071 1667 quod
3108 1597 3296 1653 eadem
3326 1597 3384 1652 iu
3410 1614 3583 1655 unum

1992 1689 2220 1744 collecta
2246 1690 2439 1743 volunt
2466 1689 2788 1759 resurgere?
2821 1689 2984 1759 Atqui
3015 1690 3133 1744 lieri
3163 1689 3308 1745 istud
3340 1705 3450 1745 non
3480 1706 3583 1761 po-

1992 1787 2123 1835 test.
2165 1779 2347 1845 Quare
2379 1777 2536 1833 arida
2582 1779 2704 1834 ideo
2753 1795 2854 1835 sua
2906 1780 3100 1836 dicunt
3135 1773 3285 1847 ossa,
3334 1782 3478 1853 quod
3524 1783 3584 1839 in

1993 1870 2402 1941 captivitatibus
2434 1871 2529 1925 diu
2578 1871 2749 1927 babiti
2790 1873 3010 1928 vitalem
3045 1889 3262 1930 omnem
3296 1880 3584 1931 humorem

1992 1960 2297 2016 amiserint.
2348 1959 2503 2017 Unde
2544 1972 2602 2017 et
2652 1962 2786 2017 illud
2831 1963 3106 2022 inferunt:
3154 1964 3322 2019 Periit
3348 1982 3462 2034 spes
3482 1983 3585 2021 κο-

1993 2063 2142 2107 stra:
2181 2052 2405 2106 abscissi
2442 2068 2626 2107 sumtu
2656 2052 2701 2107 ⁸.
2742 2052 3011 2119 Quocirca
3046 2057 3467 2113 resurrectionis
3493 2057 3585 2111 illa

1995 2141 2197 2213 populo
2220 2141 2363 2197 sacta
2392 2142 2687 2213 promissio
2706 2143 2775 2196 ab
2797 2142 2889 2198 illa
2919 2144 3078 2199 ruina
3120 2160 3184 2200 ac
3219 2146 3366 2202 velut
3387 2161 3585 2203 eneca-

1995 2236 2165 2298 tione‚
2206 2249 2314 2305 qua
2357 2234 2614 2290 exstincti
2664 2241 2817 2300 sunt,
2855 2251 2980 2291 cum
3029 2245 3252 2307 propter
3284 2239 3493 2294 scelera
3526 2238 3584 2293 in

1999 2326 2242 2381 bostium
2272 2334 2594 2398 potestatem
2638 2325 2824 2380 traditi
2866 2337 3014 2393 sunt,
3045 2326 3293 2397 quaedam
3323 2335 3410 2384 est
3442 2327 3591 2383 exci-

314 2415 450 2468 tatio
486 2413 689 2467 sutura.
744 2411 889 2478 Quin
920 2413 1083 2467 etiam
1136 2424 1455 2483 peccatores
1490 2431 1521 2471 a
1560 2415 1845 2472 Salvatore
1871 2418 2124 2489 sepulcra
2153 2418 2277 2474 esse
2329 2417 2588 2472 dicuntur
2630 2417 2850 2473 ossibus
2875 2428 3037 2489 atque
3063 2419 3210 2474 omni
3243 2419 3592 2477 immunditia

313 2509 495 2581 plena.
534 2505 640 2560 Sed
670 2504 802 2559 illud
833 2504 1033 2558 divinae
1062 2504 1332 2573 majestati
1360 2508 1636 2571 convenit,
1666 2516 1725 2561 ut
1754 2508 2094 2578 singulorum
2119 2509 2373 2577 sepulcra
2395 2504 2708 2579 patefaciat,
2740 2517 2795 2562 et
2824 2522 2927 2562 uos
2953 2507 3022 2562 ad
3061 2507 3226 2562 vitam
3254 2508 3592 2567 instauratos

313 2619 350 2661 e
376 2601 749 2657 monumentis
776 2599 998 2665 educat,
1026 2598 1251 2669 perinde
1279 2614 1344 2654 ac
1371 2599 1638 2657 Lazarum
1671 2598 1821 2656 foras
1851 2600 2107 2656 Salvator
2134 2601 2393 2656 extraxit.

386 2695 503 2762 ΚΓ.
552 2691 625 2746 Τὸ
652 2693 732 2759 δὲ,
774 2690 933 2746 Ἐκεῖ
946 2689 1120 2746 ἔσται
1148 2694 1182 2747 d
1209 2692 1536 2762 κλαυθμὸς,
1575 2691 1673 2747 καὶ
1704 2695 1738 2748 ὀ
1756 2693 1909 2760 βρυ-

316 2788 466 2858 γμὸς
490 2784 612 2840 τῶν
639 2784 923 2849 ὀδόντων,
948 2783 1088 2855 πρὸς
1111 2782 1309 2848 αὐτοὺς
1334 2784 1657 2855 άπορητέον,
1704 2785 1787 2838 ὅτι
1818 2784 1910 2848 Ὦς

314 2879 376 2933 έν
395 2878 567 2949 τούτῳ
583 2876 662 2949 τῷ
685 2876 785 2948 βίῳ
804 2878 913 2931 πᾶν
935 2874 1100 2947 μέλος
1123 2874 1205 2939 είς
1225 2892 1349 2931 τινα
1367 2876 1557 2947 χρείαν
1583 2877 1612 2931 ὁ
1633 2878 1907 2948 Δημιουρ-

316 2969 415 3040 T&
436 2968 860 3032 κατεσκεύασεν,
875 2968 1053 3033 οὓτως
1078 2969 1319 3033 καὶτοὺς
1349 2968 1568 3032 ὀδόντας
1597 2970 1679 3031 είς
1705 2968 1767 3022 τὸ
1789 2968 1900 3022 δια-

311 3060 615 3115 κόπτεσθαι
670 3060 766 3132 τὴν
809 3059 1036 3132 στερεὰν
1065 3063 1292 3131 τροφήν.
1340 3058 1437 3122 Τίς
1470 3054 1565 3112 οὗν
1600 3057 1759 3130 χρεία
1788 3061 1901 3120 τοῖς

310 3149 704 3222 κολαζομένοις
732 3151 996 3217 ὀδόντωνς
1020 3152 1097 3204 Οὐ
1127 3150 1237 3221 γάρ
1269 3151 1350 3213 είς
1372 3150 1472 3222 τὴν
1500 3149 1725 3218 γέενναν
1750 3149 1902 3213 ὄντες

2085 2691 2226 2749 xvi.
2258 2691 2380 2748 «lam
2409 2708 2540 2749 vero
2572 2693 2718 2763 quod
2763 2692 2909 2748 bunc
2937 2693 3118 2748 locum
3164 2693 3466 2762 objiciunt:
3504 2694 3594 2751 lbi

2014 2785 2114 2839 erit
2138 2784 2293 2853 fletus
2313 2792 2364 2838 et
2385 2783 2587 2842 stridor
2605 2783 2904 2846 dentinm⁸,
2921 2783 3001 2838 sic
3030 2784 3293 2839 adversus
3325 2785 3448 2843 illos
3474 2786 3593 2845 dis-

2009 2875 2313 2946 putandum
2341 2883 2454 2930 est:
2488 2875 2624 2930 Cum
2659 2874 2716 2929 in
2742 2875 2843 2929 bac
2865 2875 2974 2928 vita
3006 2875 3309 2930 membrum
3340 2892 3502 2933 omne
3523 2878 3594 2935 ad

2014 2982 2172 3023 usum
2202 2967 2443 3037 aliquem
2482 2981 2514 3020 a
2543 2981 2760 3023 summo
2805 2966 2900 3020 illo
2930 2965 3137 3036 Opilice
3177 2969 3249 3023 sit
3286 2969 3592 3034 conditum,

2009 3069 2123 3114 tum
2143 3074 2273 3124 vero
2294 3058 2488 3113 dentes
2506 3058 2687 3113 solido
2709 3057 2832 3112 cibo
2852 3058 3273 3115 comminuendo
3291 3069 3421 3115 sunt
3436 3060 3590 3118 sacti.

2013 3150 2156 3217 Quid
2185 3150 2349 3222 igitur
2375 3150 2637 3206 dentibus
2662 3164 2802 3219 opus
2823 3149 2932 3204 illis
2954 3159 3060 3214 est,
3091 3150 3182 3219 qui
3213 3149 3354 3220 apud
3385 3151 3594 3210 inferos

315 3241 438 3297 Μ’
479 3240 675 3305 αὐτοὺς
715 3241 1001 3310 φάγονται·
1052 3239 1163 3292 Καὶ
1203 3238 1465 3302 δεικτέον,
1514 3240 1597 3294 ὅτι
1628 3238 1692 3292 οὗ
1723 3238 1901 3292 πάντα
1930 3212 1972 3272 c
2011 3242 2367 3299 cruciantur?
2388 3240 2509 3298 Non
2527 3242 2696 3308 enim,
2727 3241 2943 3312 opinor,
2974 3241 3273 3313 quidquam
3299 3243 3412 3298 illic
3435 3259 3596 3299 man·

317 3329 845 3402 παραλαμβάνεσθαι
885 3330 971 3383 δεῖ
1012 3328 1155 3383 κατὰ
1200 3326 1261 3381 τὸ
1292 3326 1560 3398 κείμενον.
1625 3326 1901 3392 Ὁδόντας

290 3439 302 3453 ’
316 3422 466 3493 γοῦν,
490 3422 676 3493 φησιν,
698 3419 1063 3492 ἀμαρτιὼῑῶν
1082 3404 1485 3488 ἃυνέτριψας·
1513 3419 1631 3484 καὶ,
1658 3418 1771 3484 Τὰς
1788 3418 1902 3487 μύ-

317 3518 436 3581 λας
475 3512 596 3569 τῶν
634 3514 902 3568 λεόντων
930 3509 1319 3566 συνέθλασεν
1349 3511 1383 3564 ό
1420 3510 1661 3577 Κύριος.
1712 3508 1810 3573 Τίς
1845 3508 1903 3561 δὲ

316 3605 490 3671 οὕτως
502 3604 729 3678 ἠλίθιος,
750 3605 827 3667 ὡς
842 3602 1271 3674 ὑπολαμόάνειν,
1288 3602 1371 3654 ὅτι
1389 3600 1575 3671 τηρῶν
1592 3599 1664 3653 τὰ
1679 3599 1905 3669 σώματα

316 3698 427 3755 τῶν
448 3695 793 3768 ἁμαρτωλῶν
813 3692 1010 3752 aethe,
1029 3692 1157 3749 τοὺς
1173 3690 1395 3751 ὀδόντας
1421 3688 1602 3742 αὐτῶν
1630 3689 1904 3761 συντρίὸει

322 3789 483 3860 μόνον
509 3802 527 3850 ;
562 3784 777 3849 ’Ὥσπερ
805 3772 898 3830 οὖν
942 3776 998 3829 εί
1020 3792 1127 3839 τις,
1156 3773 1324 3829 θέλων
1342 3776 1515 3831 ταῦτα
1536 3776 1710 3843 οὕτως
1738 3779 1903 3850 ἔχειν,

324 3875 641 3947 θλιδόμενος
668 3869 880 3922 εἵλκετο
925 3867 1011 3919 ἐπ’
1048 3866 1397 3938 άλληγορίαν,
1445 3867 1617 3932 οὓτως
1645 3870 1906 3942 ζητητέον

324 3966 436 4021 τῶν
455 3960 827 4032 κολαζομένων
843 3958 932 4013 τὸν
949 3958 1194 4030 βρυγμὸν
1212 3956 1321 4010 τῶν
1339 3958 1589 4024 ὀδόντων,
1612 3960 1710 4031 τῆς
1728 3960 1909 4032 ψυχῆς

324 4056 557 4126 δύναμιν
590 4051 896 4125 μασητικὴν
919 4048 1175 4121 ἐχούσης,
1197 4050 1319 4120 ἣτις
1348 4053 1407 4102 ὲν
1433 4048 1610 4122 καιρῷ
1635 4050 1730 4104 τοῦ
1759 4051 1912 4121 ἐλέγ-

324 4166 423 4223 χου
464 4148 598 4218 περὶ
635 4146 744 4200 τῶν
783 4142 1199 4214 ἁμαρτημάτων
1231 4140 1375 4195 κατὰ
1405 4142 1496 4195 τὸν
1530 4143 1912 4214 συγκρουσμὸν

326 4243 436 4297 τῶν
455 4241 684 4295 ὀδόντων
710 4237 802 4309 (ὡς
847 4234 1137 4309 ἐφρόνησε)
1196 4232 1378 4304 βρύξει
1411 4235 1537 4298 τοὺς
1562 4233 1800 4297 ὀδόντας.
1837 4235 1912 4288 Τὸ

327 4336 407 4400 δὲ,
446 4331 749 4399 Φοόήθητε
789 4329 895 4384 τὸν
927 4325 1268 4395 δυνάμενον
1303 4326 1400 4380 καί
1434 4325 1649 4396 ψυχὴν
1697 4326 1795 4380 καὶ
1842 4326 1910 4381 τὸ

327 4424 501 4495 σῶμα
531 4422 832 4479 ἀπολέσαι
862 4421 933 4475 ἐν
961 4421 1199 4490 γεέννῃ,
1231 4418 1373 4489 τάχα
1399 4417 1498 4489 μὲν
1524 4418 1908 4483 διδάσκει,·ὅτι

2018 3333 2319 3391 ducaturus
2343 3349 2469 3390 esse
2492 3334 2751 3390 dixerint.
2793 3332 2877 3388 Ad
2904 3332 3019 3388 baec
3046 3332 3277 3389 docendi
3310 3343 3463 3401 sunt,
3481 3351 3594 3393 uon

2007 3426 2192 3481 omnia
2239 3425 2469 3496 perinde
2519 3424 2838 3495 accipienda
2895 3439 3021 3479 esse
3067 3438 3133 3479 ac
3185 3427 3392 3496 scripta
3437 3436 3588 3484 sunt.

2006 3515 2187 3582 Quare
2230 3514 2341 3569 alio
2387 3513 2507 3569 loco
2545 3515 2807 3583 scriptum
2851 3518 2936 3566 εει
2983 3528 2997 3562 ι
3034 3509 3228 3566 Dentes
3257 3520 3593 3581 peccatorum

2020 3603 2313 3660 contrivisti
2326 3602 2384 3667 ⁸3
2409 3603 2535 3656 item
2555 3617 2569 3654 z
2589 3600 2766 3656 Ποίαι
2783 3601 2988 3655 leonum
3008 3602 3263 3671 const-eyia
3278 3602 3534 3659 Dominus
3546 3604 3592 3660 ’.

2020 3693 2156 3749 Nam
2185 3691 2311 3763 quis
2332 3692 2470 3746 adeo
2485 3690 2718 3747 stolidus
2737 3699 2841 3756 est,
2871 3698 2928 3744 ut
2950 3689 3056 3747 sibi
3078 3692 3592 3760 persuadeatDeum

2010 3782 2305 3840 reservatis
2344 3789 2692 3852 peccatorum
2718 3777 3042 3849 corporibus
3076 3779 3225 3835 solos
3243 3778 3437 3836 dentes
3458 3794 3595 3836 con·

2007 3875 2228 3930 terere?
2287 3871 2358 3929 Ut
2404 3873 2574 3943 igitur
2594 3873 2689 3942 qui
2729 3871 2844 3925 baec
2884 3872 2958 3925 ita
3008 3885 3069 3927 se
3113 3870 3318 3927 babere
3347 3873 3496 3936 velit,
3533 3872 3592 3927 in

2008 3964 2289 4036 angustias
2320 3961 2626 4032 conjectus,
2653 3959 2722 4014 ad
2750 3960 3102 4030 allegoricum
3133 3975 3357 4026 sensum
3388 3962 3471 4016 vel
3503 3962 3592 4015 in-
3624 3955 3631 3960 ’

2008 4056 2156 4111 vitus
2183 4053 2448 4107 trabitur:
2497 4052 2578 4106 sic
2616 4049 2686 4105 de
2719 4050 2955 4107 stridore
2986 4049 3232 4107 dentium
3268 4048 3326 4104 in
3373 4050 3461 4104 bis
3495 4049 3592 4120 qui

2011 4142 2294 4215 suppliciis
2315 4140 2646 4206 afficiuntur,
2678 4139 2957 4209 inquirere
2988 4138 3129 4193 idem
3154 4145 3409 4207 oportet;
3444 4154 3586 4209 qua·

2012 4245 2172 4292 tenus
2211 4233 2393 4289 anima
2427 4229 2847 4287 contmandendi
2893 4230 3212 4284 nonnullam
3251 4230 3360 4284 vim
3406 4230 3592 4294 babet.

2008 4343 2116 4399 qua
2145 4325 2340 4380 ultimo
2370 4324 2465 4379 illo
2502 4322 2700 4395 judicii
2751 4330 3018 4393 tempore,
3063 4337 3188 4375 cum
3236 4321 3305 4377 de
3352 4326 3595 4393 peccatis

2008 4418 2238 4489 quraestio
2268 4417 2580 4483 habebitur,
2603 4416 2832 4487 perinde
2860 4423 2921 4471 ut
2949 4415 3135 4471 collidi
3166 4416 3363 4473 dentes
3390 4419 3592 4483 solent.

328 4514 616 4584 ἀσώματος
665 4515 700 4585 η
744 4513 919 4584 ψυχὴ,
972 4511 1114 4581 τάχα
1162 4507 1221 4562 δὲ
1262 4506 1414 4579 δηλοῖ
1469 4509 1563 4561 καὶ
1607 4509 1690 4561 ὅτι
1735 4509 1907 4579 χωρὶς
1939 4552 1984 4607 D
2014 4511 2089 4564 ita
2119 4518 2235 4563 tum
2259 4508 2519 4565 dentibus
2543 4508 2949 4578 quodammodo
2977 4508 3248 4565 stridebit.
3282 4508 3416 4565 lllud
3443 4526 3592 4575 vero,

331 4607 582 4678 σώματος
610 4606 673 4658 οὐ
714 4603 1107 4676 κολασθήσεται
1130 4616 1145 4631 ·
1188 4599 1321 4671 περὶ
1360 4592 1421 4652 οὗ
1461 4599 1907 4668 φυσιολογοῦντες
2018 4600 2215 4656 Timete
2241 4613 2380 4664 eum,
2413 4600 2503 4671 qui
2533 4608 2702 4670 potest
2733 4608 2784 4653 et
2817 4603 3055 4655 animam
3082 4609 3134 4655 et
3167 4619 3356 4670 corpus
3381 4604 3599 4672 perdere

327 4699 400 4753 τά
453 4698 581 4768 περὶ
633 4695 727 4749 τοῦ
774 4694 969 4760 εἴδους,
1017 4694 1114 4747 καὶ
1155 4692 1250 4747 τοῦ
1296 4691 1513 4764 πρώτου
1546 4690 1906 4763 ὑποκειμένου
2016 4694 2072 4748 ist
2096 4690 2442 4764 gehennam&
2491 4689 2632 4747 torte
2671 4690 2726 4746 id
2761 4706 2930 4747 unum
2960 4707 3063 4747 nos
3091 4692 3273 4757 docet.
3314 4706 3595 4764 expertem

330 4791 655 4862 εἰρήκαμεν.

2017 4798 2143 4841 εεεε
2172 4783 2422 4855 corporis
2456 4782 2726 4850 animam3
2776 4790 2872 4838 aut
2909 4783 3042 4839 illud
3078 4784 3327 4855 insuper,
3357 4786 3596 4843 animam

335 4886 452 4939 sine
477 4896 709 4951 corpore
750 4878 931 4935 nullas
957 4892 1150 4949 poenas
1192 4892 1317 4935 esse
1351 4878 1779 4950 persoluturam.
1835 4877 1916 4934 De
1951 4894 2063 4951 quo
2091 4893 2323 4950 corpore
2351 4894 2475 4951 quae
2497 4879 2567 4935 ad
2605 4879 2842 4949 speciem
2871 4894 2937 4935 ac
2963 4881 3195 4951 primam
3257 4882 3420 4954 539
3473 4883 3598 4939 sub·

331 4980 531 5051 jectam
569 4975 849 5031 materiam
899 4974 1237 5040 attinebant,
1292 4975 1457 5044 paulo
1506 4983 1633 5029 ante
1676 4975 1911 5029 naturali
1952 4977 2166 5031 ratione
2189 4975 2572 5031 disseruimus.

407 5067 518 5122 Καὶ
563 5069 624 5122 τὸ
657 5065 808 5137 παρὰ
836 5065 914 5136 τῷ
960 5064 1266 5135 ’Δποστόλῳ
1294 5065 1371 5129 δὲ,
1410 5066 1779 5132 Ζωοποιήσει
1813 5067 1911 5121 καί

336 5161 407 5214 τὰ
433 5158 621 5226 θνητὰ
642 5156 813 5227 ἡμῶν
831 5156 1096 5226 σώματα.
1121 5154 1319 5226 θνητοῦ
1344 5154 1495 5221 ὄντος
1519 5156 1613 5211 τοῦ
1638 5156 1913 5228 σώματος,

338 5254 431 5307 καὶ
450 5253 511 5306 οὐ
549 5250 869 5322 μετέχοντος
887 5248 989 5319 τῆς
1019 5247 1279 5321 ἀληθινῆς
1309 5248 1477 5320 ζωῆς,
1522 5248 1743 5304 δύναται
1771 5267 1916 5323 παρ-

231 5347 238 5352 ’
340 5346 594 5406 ιστάνειν,
607 5343 741 5396 ὅπου
762 5339 825 5395 τὸ
845 5339 1151 5411 σωματικὸν
1180 5335 1339 5405 εἶδος,
1357 5340 1486 5413 περὶ
1505 5333 1567 5394 οὗ
1586 5340 1912 5412 εἰρήκαμεν,

335 5437 403 5504 τῇ
435 5431 595 5501 φύσει
624 5432 817 5505 θνητὸν
844 5431 924 5494 ὃν.
951 5430 1100 5485 ὅταν
1116 5432 1371 5502 Χριστὸς
1394 5430 1708 5501 φανερωθῇ
1735 5433 1775 5501 ἡ
1797 5430 1910 5500 ζωὴ

337 5520 527 5590 ἡμῶν,
558 5521 651 5573 καὶ
677 5521 809 5574 αὐτὸ
836 5520 1161 5592 μεταδάλλει
1188 5520 1298 5575 άπὸ
1323 5520 1419 5574 τοῦ
1452 5515 1591 5574 εἶναι
1627 5520 1786 5590 σῶμα
1811 5521 1911 5575 θα-

336 5611 499 5683 νάτου
525 5609 878 5683 ζωοποιηθὲν,
900 5611 987 5667 &a
1009 5612 1069 5667 τὸ
1089 5610 1314 5685 Πνεῦμα
1331 5611 1393 5665 τὸ
1412 5609 1710 5676 ζωοποιοῦν
1734 5612 1800 5664 ὲκ
1820 5607 1913 5664 τοῦ

2089 5067 2159 5122 At
2186 5081 2316 5122 vero
2339 5066 2548 5122 dictum
2571 5064 2703 5120 illud
2722 5066 3000 5137 Apostoli:
3044 5066 3343 5137 vivificabit
3373 5079 3422 5123 et
3449 5086 3594 5124 mor·

2017 5157 2154 5213 talia
2176 5166 2361 5212 nostra
2385 5160 2671 5226 corpora’;
2695 5172 2820 5211 cum
2843 5166 3091 5213 nostrum
3119 5161 3349 5215 mortale
3376 5162 3450 5215 sit
3473 5177 3597 5216 cor·

2018 5262 2145 5319 pus.
2177 5262 2279 5303 nec
2306 5262 2450 5303 verae
2469 5247 2594 5302 vitae
2619 5247 2910 5319 particeps,
2931 5247 3075 5302 istud
3108 5246 3285 5318 ipsum
3316 5247 3600 5307 declarare

2017 5343 2218 5408 potest,
2257 5351 2578 5407 corpoream
2607 5335 2751 5392 banc
2779 5337 3014 5407 speciem
3040 5337 3109 5393 de
3132 5352 3239 5408 qua
3266 5346 3424 5395 antea
3450 5339 3598 5395 dixi·

2018 5446 2163 5494 mus,
2196 5445 2320 5500 quae
2345 5440 2560 5486 naturae
2596 5430 2842 5486 mortalis
2872 5436 2980 5497 εει,
3019 5446 3138 5483 cum
3161 5428 3407 5488 Christus
3427 5450 3596 5506 appe·

2016 5522 2182 5577 ruerit
2207 5522 2316 5576 vita
2333 5530 2520 5577 nostra
2537 5522 2605 5589 ¹·‚
2627 5531 2682 5579 et
2708 5522 2882 5594 ipsam
2902 5521 3051 5579 abeo
3071 5531 3236 5588 statu,
3253 5539 3366 5595 quo
3386 5524 3596 5596 peccati

2022 5626 2224 5683 corpus
2261 5620 2399 5678 erat,
2441 5626 2567 5669 esse
2597 5612 2952 5681 mutandam3
2999 5621 3354 5687 posteaquam
3387 5605 3593 5673 scilicet

411 5765 430 5799 ¹
455 5763 601 5822 Psal.
634 5781 750 5832 xxi,
775 5765 861 5821 ¹5.
936 5767 958 5798 ²
983 5763 1129 5822 Psal.
1160 5780 1235 5827 vt,
1259 5766 1313 5820 3.
1388 5759 1624 5820 'Ezecln
1652 5778 1858 5829 xxxvii.
1889 5764 1978 5820 ll.
2054 5762 2076 5797 ⁴
2106 5765 2242 5825 ibid.
2315 5766 2338 5801 ⁸
2367 5763 2560 5824 nanu.
2591 5780 2708 5824 vm.
2750 5767 2837 5825 ¹2.
2915 5768 2937 5802 ⁸
2960 5767 3106 5828 Psal.
3148 5786 3232 5839 ιιι,
3260 5769 3298 5826 8
3393 5769 3413 5800 ’
3445 5767 3589 5833 l'sal.

340 5851 476 5904 un,
509 5837 558 5891 7.
648 5835 672 5869 ⁸
697 5834 887 5893 hlattb.
919 5854 973 5903 x,
999 5837 1092 5891 28.
1166 5838 1188 5869 ⁹
1216 5833 1376 5891 Rom.
1417 5850 1535 5900 vm,
1562 5834 1651 5891 1¹.
1728 5834 1919 5909 “thl.
1949 5851 2035 5905 ιιι,
2065 5834 2123 5894 ὁ.
