3850 6517
346 463 441 505 vttt
1414 451 1432 462 ‘
1472 448 1756 508 ΝΟΤΙΤΙΔ
1794 450 1863 508 ΙΝ
1904 450 1964 509 S.
2000 450 2448 510 ssPtPnANtutt.

344 581 643 655 ἀκροατής.
672 580 999 655 Quanquam
1053 598 1183 638 veto
1212 581 1551 655 Epiphanius
1581 599 1761 656 neque
1794 587 1849 642 in
1881 588 2256 646 descrihendis
2287 587 2592 644 haeresibus
2632 585 2711 657 (a)
2746 601 2963 657 semper
2992 588 3130 644 satis
3171 595 3464 647 accuratus
3499 600 3589 649 est

345 681 407 726 ut
432 672 525 742 qni
552 673 764 730 levibus
786 673 1181 732 auditiunculis
1206 673 1536 746 quandoque
1562 675 1723 732 tidem
1758 677 1833 751 (b)
1872 678 2082 747 habuit,
2119 689 2282 752 stque
2314 678 2660 736 adversarios
2688 687 2879 749 gravat
2903 694 3013 735 nou
3041 694 3169 734 raro
3200 682 3488 739 sententiis
3513 683 3606 738 vel

344 768 853 837 consecutionibus,
883 769 951 826 de
975 770 1177 840 quibus
1212 757 1774 846 fortassis⁸nunquam
1811 778 2138 849 cogitarant,
2172 794 2350 849 neque
2383 777 2440 834 in
2499 776 2850 834 confutandis
2893 774 3177 834 erroribus
3200 792 3416 848 semper
3451 795 3609 847 aeque

343 862 473 918 felix
503 871 607 928 est,
641 879 742 920 nec
784 864 976 922 solidis
1004 864 1203 936 ubique
1230 868 1569 936 argumentis
1600 870 1798 926 militat
1819 869 1891 943 (ο)
1923 886 1941 927 2
1981 884 2159 929 tamen
2196 879 2418 943 propter
2446 870 2853 942 quamplurima
2884 879 3070 928 notata
3095 875 3332 946 egregie,
3356 886 3410 931 et
3433 876 3609 932 multa

342 970 408 1011 ex
439 957 544 1012 tide
572 956 755 1029 dignis
785 958 982 1013 hausta
1010 961 1383 1016 monumentis
1410 972 1465 1017 et
1485 962 1887 1034 antiquioribus
1910 965 2273 1038 scriptoribus
2317 963 2633 1021 testimonia
2659 971 2823 1035 atque
2848 962 3286 1031 observationes,
3332 968 3530 1025 merito
3568 982 3601 1023 a

339 1047 474 1104 viris
498 1048 836 1106 doctissimis
865 1052 947 1121 (d)
972 1050 1189 1108 habitus
1211 1053 1541 1124 estquidam
1576 1056 1921 1127 antiquitatis
1965 1056 2355 1114 ecclesiasticae
2383 1056 2703 1122 thesaurus,
2732 1054 2933 1128 dignus
2959 1060 3169 1131 utique,
3191 1061 3245 1118 in
3272 1078 3385 1135 quo
3414 1078 3589 1136 expo-

312 1138 521 1193 ‘nendo
550 1138 797 1195 eruditus
824 1141 1025 1211 aliquis
1057 1155 1111 1202 et
1133 1147 1343 1218 judicio
1374 1150 1583 1221 pollens
1607 1152 1691 1206 vir
1715 1154 1879 1207 etiam
1903 1162 2030 1224 post
2055 1152 2335 1210 Petavium
2361 1151 2675 1222 diligentem
2702 1166 2926 1223 operam
2955 1156 3311 1227 studiumque
3335 1158 3593 1215 coiloeet.

339 1224 419 1282 De
448 1228 726 1299 incompta
758 1240 813 1286 et
841 1233 1120 1293 salebrosa
1144 1244 1393 1296 oratione
1426 1244 1657 1299 multum
1687 1242 1948 1301 Petavius
1974 1254 2031 1300 et
2071 1242 2309 1299 Dallaeus
2333 1243 2408 1314 (e)
2436 1252 2874 1315 conqueruntur,
2901 1254 2956 1301 et
2980 1244 3097 1317 jam
3130 1244 3367 1305 Photius
3392 1250 3609 1306 notavit

334 1317 448 1373 τῶν
475 1321 738 1393 ῥημάτων
768 1326 988 1400 καὶτῆς
1018 1331 1326 1398 συντάξεως
1352 1335 1414 1389 τὸ
1450 1335 1649 1407 ἰδίωμα
1693 1338 1748 1392 in
1784 1337 1875 1394 illo
1902 1339 2087 1393 minus
2120 1337 2363 1409 probari.
2397 1336 2466 1393 Et
2514 1347 2695 1395 tamen
2728 1337 3097 1412 Rieronymus
3127 1356 3180 1399 c.
3210 1342 3314 1399 114
3358 1342 3606 1415 Cataioqi

338 1426 482 1473 etex
512 1434 579 1474 eo
610 1418 813 1478 Suidas
856 1426 1218 1498 scripserunt,
1262 1430 1552 1503 Epiphanii
1579 1434 1859 1490 volumina
1907 1436 1974 1489 ab
2000 1436 2226 1491 eruditis
2275 1445 2494 1508 propter
2525 1453 2629 1503 res,
2673 1454 2707 1491 u
2749 1434 3161 1507 simplicioribus
3189 1447 3403 1509 propter
3452 1437 3609 1495 rerba

336 1504 590 1564 lectitari.
617 1509 677 1565 ln
701 1512 1055 1587 chronologia
1085 1520 1199 1576 sere
1227 1537 1447 1594 semper
1474 1525 1733 1583 insistere
1761 1542 1885 1583 eum
1911 1527 2164 1600 vestigiis
2195 1527 2419 1585 Eusebil
2463 1539 2651 1585 monet
2681 1527 2939 1585 Petavius
2983 1528 3038 1584 in
3083 1528 3249 1597 notis,
3285 1544 3340 1599 p.
3379 1528 3463 1596 16,
3498 1543 3608 1583 non

334 1615 467 1659 raro
489 1614 671 1663 tamen
700 1611 925 1669 turbare
962 1623 1021 1670 et
1057 1615 1412 1687 hallucinari,
1437 1622 1581 1676 idem
1613 1637 1721 1677 non
1750 1638 1862 1679 uno
1895 1622 1953 1678 in
1975 1623 2100 1680 loco
2126 1625 2403 1681 observat.
2430 1624 2509 1680 Ad
2541 1625 2776 1682 haeresln
2810 1640 2863 1680 1.t
2893 1621 3224 1680 conferenda
3256 1621 3460 1693 AEgidii
3500 1620 3610 1677 Bu-

335 1694 508 1750 cherii
530 1695 665 1754 diss.
696 1698 774 1755 De
803 1704 1049 1770 paschati
1078 1705 1393 1763 Iudaeorum
1420 1699 1585 1780 cyclo.
1628 1711 1833 1767 Locum
1864 1712 2058 1770 ltaeres.
2095 1727 2324 1781 txxvttt,
2354 1729 2408 1785 p.
2434 1714 2595 1782 1059,
2624 1714 2785 1770 aliter
2814 1712 2921 1784 legi
2953 1712 3008 1768 in
3033 1726 3137 1767 ms.
3172 1709 3605 1775 vindobonensi,

332 1792 547 1847 notavit
582 1793 935 1862 Lambecius,
965 1798 1050 1867 ΙΙΙ,
1084 1817 1139 1871 p.
1176 1803 1282 1859 196
1322 1802 1396 1876 [p.
1426 1804 1532 1859 486
1565 1822 1649 1876 sq.
1684 1806 1774 1862 ed.
1810 1805 2044 1879 KollarJ.

402 1903 457 1957 5.
505 1904 1023 1976 Ἀνακεφσιλαίωσις,
1055 1910 1282 1967 Panarii
1323 1912 1568 1982 Epitome
1610 1916 1677 1972 ad
1730 1916 1953 1972 eosdem
1995 1919 2358 1990 presbyteros,
2386 1918 2647 1977 Acacium
2685 1929 2740 1976 et
2771 1920 3022 1985 Paulum,
3055 1930 3188 1976 tom.
3221 1917 3288 1985 ΙΙ,
3323 1934 3446 1992 pag.
3482 1917 3604 1975 116.

332 1991 636 2051 Videndum
673 1997 993 2056 diversusne
1025 2001 1096 2056 sit
1124 2002 1281 2072 λόγος
1317 2003 1579 2076 σύντομος
1604 2006 1715 2061 τῶν
1746 2008 2033 2080 αἱρέσεων,
2067 2008 2161 2077 qni
2213 2024 2317 2065 ms.
2362 2008 2466 2065 suit
2504 2012 2647 2082 apud
2681 2011 2894 2070 clariss,
2939 2012 3187 2073 Galeum.
3221 2021 3358 2067 teste
3405 2010 3605 2067 Cavea.

329 2083 497 2141 Fxntt.
530 2118 601 2129 —
627 2088 884 2161 August-‘e
909 2090 1122 2146 Vindel.
1161 2089 1216 2145 in
1245 2092 1366 2146 cod.
1394 2091 1525 2147 bibl.
1560 2094 1709 2162 publ.
1747 2094 1832 2150 bis
1861 2104 2042 2151 exstat
2073 2095 2358 2167 Epiphanii
2399 2102 2642 2172 synopsis
2685 2100 2983 2167 ltoeresecor,
3028 2118 3259 2173 quarum
3308 2111 3509 2157 matres
3554 2110 3610 2157 et

327 2184 600 2255 prototypi
634 2194 871 2255 quatuor
901 2195 1077 2251 erant,
1111 2204 1165 2242 n.
1201 2186 1605 2260 Βαρόαρισμὸς,
1636 2188 1966 2261 Σκυθισμὸς,
2005 2191 2378 2265 Ἑλληνισμὸς,
2406 2195 2755 2268 Ὶουδαῐσμός.
2777 2196 2842 2253 V.
2872 2194 3080 2251 Reiser.
3110 2194 3252 2262 Cat„
3275 2210 3330 2267 p.
3351 2197 3419 2251 ¹5
3437 2205 3490 2252 et
3514 2196 3608 2261 25,

330 2272 383 2328 9.
414 2304 485 2319 --
513 2274 729 2333 Dublini
759 2278 815 2333 in
844 2275 906 2335 B.
939 2280 1130 2351 colleg.
1163 2278 1222 2335 S.
1261 2279 1485 2351 Trinit.,
1514 2282 1637 2341 cod.
1674 2284 1797 2353 157,
1822 2303 1868 2342 s.
1902 2285 1959 2342 in
1993 2285 2171 2343 (ἕαται.
2202 2290 2320 2346 cod.
2353 2291 2580 2363 Anqlioe,
2613 2302 2745 2348 tom.
2776 2291 2856 2359 ΙΙ,
2882 2308 2937 2364 p.
2970 2291 3062 2355 94,
3094 2309 3152 2347 n.
3186 2291 3313 2359 278,
3341 2294 3431 2360 56,
3461 2295 3607 2348 Ana·

327 2367 689 2437 crpbnloeosis.
715 2368 867 2426 Alios
890 2371 1007 2441 J‘am
1042 2372 1110 2427 ad
1143 2387 1198 2427 n.
1231 2373 1253 2427 1
1286 2382 1341 2428 et
1363 2373 1399 2427 Ξ
1426 2384 1590 2445 atque
1618 2376 1911 2433 editionem
1937 2376 2055 2435 Jos.
2084 2378 2220 2436 Mar.
2252 2380 2534 2441 Tltomasii
2560 2384 2630 2440 ad
2655 2399 2710 2439 n.
2745 2381 2772 2436 1
2805 2384 3125 2439 memoravi.
3156 2380 3328 2438 titus.

400 2481 451 2538 4.
492 2485 629 2559 Περὶ
660 2486 874 2560 μέτρων
910 2489 1005 2543 καὶ
1031 2487 1307 2562 σταθμῶν,
1340 2488 1500 2548 Liber
1528 2490 1592 2548 de
1613 2494 1932 2565 ponderibus
1960 2483 2322 2567 et⁸mensuris,
2359 2507 2496 2556 tom.
2527 2497 2592 2566 ll,
2640 2514 2766 2571 pag.
2796 2498 2921 2567 158,
2951 2514 3112 2571 quem
3154 2497 3444 2570 Epiphanii
3482 2514 3609 2555 esse

326 2581 622 2651 genuinum
659 2581 829 2640 fetum
859 2584 1005 2642 haud
1025 2585 1233 2657 dubito,
1262 2588 1392 2647 lieet
1420 2590 1560 2647 levia
1588 2600 1643 2647 et
1668 2592 1850 2664 inepta
1882 2594 2051 2651 multa
2080 2598 2136 2653 in
2165 2611 2231 2652 eo
2249 2594 2655 2666 deprehendere
2679 2595 2784 2652 sibi
2811 2597 2964 2655 visus
2985 2597 3057 2654 sit
3084 2595 3313 2654 Latinus
3339 2596 3610 2665 Latinius,

326 2686 463 2733 tom.
496 2678 537 2733 11
568 2676 765 2751 Epist„
800 2696 925 2754 pag.
958 2682 1085 2739 144.
1114 2683 1327 2740 Partem
1353 2687 1711 2757 posteriorem
1741 2703 1775 2744 a
1804 2705 1925 2762 cap.
1963 2690 2029 2746 2¹
2076 2691 2262 2749 Graece
2288 2698 2345 2747 et
2371 2689 2566 2749 Latine
2601 2691 2844 2765 vulgavit
2887 2691 3199 2765 Stephanus
3241 2692 3292 2747 le
3331 2691 3525 2761 bloyue
3556 2694 3610 2744 in

335 2764 514 2824 V01'1'1'8
544 2769 736 2837 ⁸⁰³3&
769 2778 903 2827 lom·
931 2770 974 2841 l,
1004 2788 1059 2845 p·
1092 2771 1218 2841 470,
1247 2775 1564 2847 subjuncta,
1593 2793 1649 2848 p.
1684 2777 1812 2849 490,
1842 2780 2070 2855 antiqua
2103 2781 2353 2839 versione
2385 2783 2605 2848 Latina,
2630 2794 2760 2839 ante
2805 2785 3033 2840 inedita.
3063 2782 3146 2838 Ad
3185 2784 3365 2837 locum
3417 2792 3538 2847 cap.
3579 2779 3602 2831 1

325 2858 495 2930 buius
525 2861 673 2931 libri,
701 2879 814 2934 quo
842 2875 1004 2923 notas
1035 2866 1273 2925 Biblicas
1306 2869 1532 2940 exponit
1558 2868 1921 2939 Epiphanius,
1945 2873 2294 2939 conjecturas
2331 2888 2484 2927 meas
2515 2872 2814 2940 aliquando
2844 2870 3104 2938 proposui
3139 2870 3202 2924 D.
3239 2867 3476 2940 flayero,
3510 2866 3605 2938 qui

297 2947 418 3011 ‘eas
435 2957 654 3028 probari
676 2958 783 3014 sibi
803 2967 1033 3015 testatus
1053 2970 1138 3018 est
1165 2960 1220 3015 in
1236 2960 1483 3015 Historia
1503 2962 1758 3015 versionis
1773 2959 2103 3015 Germanicae
2115 2961 2411 3014 Bibliorum
2430 2961 2497 3016 D.
2514 2961 2756 3027 Lutlteri,
2781 2976 2838 3031 p.
2852 2962 2980 3016 210.
3000 2958 3180 3015 Locus
3190 2958 3317 3026 (3.4,
3342 2957 3434 3015 ubi
3459 2956 3612 3030 ἀρῶν

326 3050 617 3120 exponitur
635 3054 668 3124 ἡ
686 3051 786 3123 τῆς
802 3049 1067 3125 διαθήκης
1099 3049 1349 3117 κιὸωτός,
1368 3048 1606 3105 illustrat
1629 3049 1795 3105 verba
1819 3049 2098 3106 Anastasii
2130 3048 2354 3105 Sinaitae
2385 3049 2480 3105 tib.
2499 3066 2574 3105 xtt
2589 3050 3012 3121 Anoqoqiearum
3026 3049 3525 3120 contemplationum
3553 3048 3612 3103 in

326 3144 711 3209 Hexuemeron‚
742 3158 865 3214 pag.
890 3142 982 3209 26,
1013 3154 1177 3211 quem
1210 3140 1513 3212 intelligere
1536 3155 1597 3197 se
1625 3149 1785 3214 negat
1807 3140 2061 3199 eruditus
2090 3142 2380 3211 interpres.
2418 3141 2495 3198 De
2534 3142 2796 3213 operibus
2831 3141 2939 3197 illis
2981 3140 3173 3211 viginti
3221 3140 3457 3204 duobus,
3488 3153 3612 3209 quae

326 3250 445 3305 cap.
480 3234 543 3290 21
576 3250 694 3307 seq.
717 3250 747 3290 a
786 3233 898 3291 Deo
926 3232 1148 3290 condita
1174 3233 1366 3292 scribit
1394 3233 1755 3307 Epiphanius,
1786 3251 2021 3307 quaeque
2058 3237 2388 3308 respondere
2419 3237 2537 3292 vult
2570 3235 2794 3291 totidem
2830 3233 2987 3289 libris
3018 3230 3232 3289 Veteris
3270 3231 3610 3287 Testamenti

327 3327 630 3399 litterisque
672 3327 972 3399 alphabeti,
1000 3327 1191 3386 confer
1235 3328 1591 3388 lambecium
1622 3329 1719 3387 lib.
1746 3345 1833 3397 ιιι,
1875 3346 2000 3402 pag.
2036 3330 2129 3398 40,
2165 3332 2265 3387 101
2298 3341 2353 3388 et
2391 3330 2505 3388 196.
2539 3329 2709 3386 rm.
2736 3360 2808 3370 —
2835 3328 2894 3385 ln
2923 3328 3045 3385 eod.
3077 3326 3314 3385 vindob.
3346 3328 3485 3385 Caes.
3517 3328 3610 3390 89,

326 3437 382 3475 ιι.
419 3419 519 3484 19;
551 3418 744 3475 Lamb.
778 3430 910 3476 tom.
939 3419 1027 3487 ill,
1054 3435 1177 3493 pag.
1212 3418 1339 3486 485,
1375 3436 1432 3477 ιι.
1465 3422 1557 3486 19.
1589 3438 1714 3479 cum
1750 3431 1880 3479 nota
1912 3423 2237 3479 Koliarii.—
2265 3422 2655 3494 Fragmentum
2686 3422 2740 3477 in
2773 3420 2970 3479 Lamb.
3002 3420 3324 3487 Comment„
3355 3432 3484 3476 tom.
3520 3418 3609 3487 ΙΙΙ,

325 3527 360 3581 p
406 3511 515 3566 472
536 3522 593 3568 et
618 3512 746 3576 477,
782 3520 898 3567 tum
924 3512 979 3568 in
1003 3511 1129 3580 cod.
1161 3510 1291 3579 282,
1320 3528 1375 3568 n.
1404 3511 1472 3579 53
1496 3512 1623 3581 285,
1655 3530 1712 3570 n.
1744 3514 1836 3581 10,
1866 3524 1921 3571 et
1946 3516 2056 3571 voi.
2082 3513 2197 3578 vtt,
2231 3531 2285 3585 p.
2312 3515 2439 3575 553.
2472 3515 2529 3569 iu
2554 3513 2681 3570 cod.
2719 3514 2844 3577 ¹55,
2873 3530 2932 3568 n.
2957 3514 3051 3581 22,
3081 3515 3178 3571 sed
3204 3516 3275 3569 ab
3302 3515 3390 3569 ed.
3421 3512 3608 3569 Petav.

326 3614 459 3660 tom.
494 3602 558 3670 ΙΙ,
583 3622 639 3678 p.
672 3605 797 3671 158,
827 3606 965 3661 mire
1007 3605 1282 3676 dissentit,
1306 3608 1606 3666 adnotante
1651 3609 1855 3666 Kollar.
1890 3611 1960 3666 ad
1989 3609 2056 3677 V,
2089 3627 2143 3681 p.
2176 3611 2274 3666 471
2311 3609 2374 3677 B,
2407 3619 2462 3665 et
2492 3609 2559 3665 ad
2591 3608 2705 3675 vtt,
2735 3626 2789 3681 p.
2823 3609 2931 3667 533
2958 3610 3025 3665 A.
3077 3609 3136 3665 ln
3178 3611 3300 3667 cod.
3334 3609 3458 3676 127,
3491 3627 3548 3665 n.
3578 3608 3616 3665 5

325 3709 379 3755 et
411 3699 466 3766 8,
493 3714 652 3770 opus,
684 3708 741 3756 at
772 3699 1053 3769 mutilum,
1075 3701 1298 3775 legitur,
1326 3711 1462 3760 teste
1485 3703 1725 3761 Kollario
1768 3706 1825 3761 iu
1875 3705 2143 3777 supplem.
2184 3706 2254 3762 ad
2283 3705 2471 3762 Lamo.
2505 3706 2824 3773 comment„
2855 3723 2909 3778 p.
2944 3707 3050 3762 759
3080 3721 3196 3777 seq.
3231 3736 3304 3750 —-
3334 3705 3610 3762 llontsau-

325 3796 516 3851 con.in
544 3794 803 3866 Putoeoqr.
843 3795 961 3861 Gr„
990 3812 1044 3866 p.
1076 3795 1183 3853 365
1216 3812 1395 3869 seqq„
1426 3799 1649 3869 copiose
1680 3800 1793 3871 agit
1818 3801 1886 3857 de
1923 3800 2070 3857 notis
2101 3816 2482 3857 mensurarum
2513 3815 2580 3856 ac
2608 3799 2937 3871 ponderum,
2971 3798 3119 3856 etde
3153 3798 3300 3855 notis
3328 3798 3609 3869 margina-

326 3890 471 3947 libus
499 3892 759 3946 librorum
784 3912 800 3959 ;
835 3908 957 3963 pag.
990 3892 1096 3947 370
1121 3909 1275 3965 seqq.
1304 3910 1371 3951 ex
1399 3894 1703 3967 Epiphanio
1732 3897 1917 3969 posuit
1940 3904 2106 3969 atque
2128 3896 2387 3968 explicuit
2409 3897 2648 3954 tabulam
2678 3906 2932 3952 notarum
2961 3910 3060 3966 pro
3090 3894 3364 3949 mensuris
3389 3901 3442 3948 et
3468 3909 3609 3963 pon-

323 3984 570 4039 deribus.
606 4015 675 4026 —
710 3982 870 4038 Breve
897 3998 1197 4054 excerptum
1238 3987 1303 4045 de
1348 3992 1631 4053 mensuris,
1656 4000 1786 4058 etc,
1822 3990 1876 4044 in
1911 3989 2035 4046 eod.
2061 3989 2322 4045 Laurent.
2351 3989 2443 4055 58,
2479 4006 2630 4044 num.
2661 3988 2717 4053 8,
2746 3987 2880 4059 plut.
2913 3988 3007 4055 59,
3037 3997 3174 4043 teste
3219 3984 3451 4041 Bandin.
3483 3985 3607 4041 Cat.

326 4075 481 4129 codd.
522 4072 640 4139 Gr„
671 4084 805 4130 tom.
839 4072 903 4139 ΙΙ,
941 4089 1065 4147 pag.
1096 4077 1221 4143 570,
1268 4076 1444 4135 Paris.
1474 4080 1533 4134 ln
1565 4079 1628 4133 B.
1658 4079 1806 4148 publ.
1836 4093 2079 4149 quinque
2105 4079 2265 4134 codd.
2299 4089 2384 4133 est
2408 4078 2604 4147 Epipb.
2633 4078 2729 4134 tib.
2760 4077 2838 4130 De
2870 4077 3116 4147 ponder..
3147 4084 3253 4133 etc.
3289 4073 3356 4131 V.
3393 4074 3506 4130 ind.
3540 4074 3610 4129 ad

326 4168 435 4223 vol.
476 4167 518 4222 tl
572 4169 688 4226 Cat.
715 4168 895 4235 codd„
927 4184 981 4222 v.
1012 4170 1277 4239 Epiphan.
1311 4168 1373 4239 ¹¹¹.
1396 4169 1520 4225 cod.
1560 4168 1662 4224 146
1695 4169 2002 4225 membran.
2031 4175 2116 4225 est
2143 4176 2335 4223 catena
2365 4166 2419 4220 in
2452 4164 2697 4221 Psalmos
2728 4180 2793 4219 ex
2822 4165 3127 4236 Epiphanio
3154 4167 3388 4235 aliisque
3424 4166 3610 4221 multis

328 4260 692 4329 scriptoribus
719 4259 1111 4317 ecclesiasticis
1135 4269 1410 4317 contexta.
1439 4258 1851 4316 Praemittuutnr
1896 4262 2074 4316 instar
2102 4258 2410 4331 Prolegom.
2447 4258 2467 4311 1
2493 4299 2508 4324 ,
2556 4256 2822 4326 Excerpta
2844 4272 2910 4311 ex
2938 4253 3217 4327 Epipb.2de
3243 4254 3397 4309 LXX
3429 4253 3607 4310 Inter-

327 4347 584 4418 pretibus,
607 4351 831 4419 aliisque
858 4351 1131 4406 uariarum
1149 4351 1444 4405 versionum
1467 4349 1798 4417 auctoribus,
1834 4358 1911 4417 et,
1939 4351 1977 4403 Ξ
2001 4365 2168 4406 anon.
2193 4350 2262 4406 de
2288 4349 2479 4407 eodem
2505 4356 2829 4420 argumento
2850 4358 3124 4417 excerpta.
3158 4344 3366 4406 Pariter
3401 4348 3454 4403 in
3478 4349 3602 4404 eod.

325 4437 527 4495 Medic.
562 4436 618 4505 ὅ,
662 4441 797 4511 plut.
846 4440 902 4506 6,
930 4440 1027 4511 qui
1055 4440 1301 4497 continet
1330 4438 1521 4495 Caten.
1551 4438 1781 4496 Patrum
1830 4441 1887 4495 in
1937 4438 2207 4505 psalmos,
2250 4438 2598 4511 praemittitur
2631 4436 2825 4508 Epiph.
2850 4425 3103 4491 de'LXX
3136 4435 3445 4505 Interpret.,
3475 4446 3606 4501 etc„

327 4534 446 4590 sive
471 4536 653 4605 potius
696 4536 936 4607 epitome
961 4548 1154 4590 eorum
1182 4550 1304 4604 quae
1332 4534 1527 4606 Epiph.
1558 4535 1616 4591 in
1663 4535 1806 4591 libro
1835 4533 1914 4590 De
1942 4533 2283 4606 ponderibus,
2315 4541 2446 4600 etc..
2472 4531 2754 4588 memoriae
2784 4527 3049 4600 prodidit,
3079 4528 3257 4584 indice
3287 4528 3517 4584 Bandin.
3552 4528 3607 4583 in

328 4627 453 4685 Cat.
476 4627 633 4681 codd.
659 4625 753 4683 Gr.
778 4628 972 4691 Laut..
1000 4625 1040 4694 l,
1066 4642 1121 4699 p.
1149 4625 1240 4682 87.
1265 4626 1427 4698 Atqui
1453 4625 1803 4683 montfaucon
1831 4636 1871 4683 t.
1901 4628 1922 4683 1
1960 4628 2184 4697 Hexapl.
2221 4624 2464 4697 Oriqenis
2491 4621 2706 4695 (Paris.
2724 4620 2883 4687 1715,
2909 4619 3054 4693 soh),
3080 4636 3132 4692 p.
3157 4620 3227 4677 86
3247 4635 3398 4690 seqq.
3426 4619 3609 4690 prole·

328 4735 544 4793 gumen.
574 4720 664 4785 (in
698 4718 941 4776 Baltrdtii
975 4720 1063 4777 ed.
1093 4729 1131 4777 t.
1168 4719 1208 4781 Ι.
1240 4733 1365 4791 pag.
1399 4718 1683 4790 ¹77-182),
1719 4734 1789 4774 ex
1819 4720 1944 4774 cod.
1981 4734 2093 4789 reg.
2121 4718 2294 4773 Paris.
2325 4714 2452 4779 146,
2479 4729 2545 4769 ac
2568 4712 2830 4771 Vaticano
2853 4711 3042 4777 edidit,
3065 4709 3126 4766 S.
3147 4709 3436 4780 Epiphanii
3464 4711 3607 4778 Περὶ

326 4810 448 4864 τῶν
471 4814 529 4865 θ’
564 4810 978 4880 Ἐρμηνευτῶν
999 4810 1099 4865 καὶ
1129 4808 1246 4862 τῶν
1262 4806 1907 4878 παρερμηνευσάντων,
1950 4807 2030 4865 De
2055 4807 2210 4862 LXX
2241 4804 2618 4876 [interpretibus
2650 4816 2698 4861 et
2725 4805 2792 4860 de
2812 4804 2937 4859 aliis
2956 4803 3050 4873 qui
3085 4818 3234 4856 secus
3269 4803 3605 4872 interpretati

328 4912 473 4968 sunt,
500 4902 777 4972 epitomen
810 4917 1027 4965 eorum,
1053 4902 1146 4958 scd
1181 4898 1519 4955 differentem
1552 4900 1606 4954 in
1639 4900 1993 4970 quibusdam,
2028 4914 2152 4969 quae
2182 4898 2235 4952 in
2264 4896 2552 4969 Epipltanii
2580 4896 2719 4952 libro
2753 4895 2826 4949 De
2856 4892 3172 4966 ponderibus
3214 4908 3277 4946 uc
3319 4893 3602 4960 mensuris,

329 4996 399 5062 de
428 4998 618 5052 eodem
648 5006 974 5067 argumento
1010 4996 1283 5064 leguntur.
1316 4991 1393 5046 De
1430 4992 1654 5065 Syriaca
1680 4992 1916 5063 epitome
1951 4990 2286 5046 narrationis
2316 4987 2586 5059 Epiphan.
2621 5004 2674 5042 v.
2708 4986 2883 5041 Bruns
2918 4985 2972 5040 in
3003 4983 3320 5041 Eielthornii
3348 4984 3603 5051 Reperto-

335 5085 412 5139 re'o
436 5085 526 5153 [tir
552 5084 682 5141 bibl.
718 5102 773 5142 u.
803 5082 1293 5155 morgenluudisclte
1324 5081 1640 5149 Litterutur,
1672 5090 1813 5154 part.
1846 5098 1958 5146 xiv,
1986 5097 2041 5153 p.
2071 5080 2177 5136 591
2206 5096 2360 5151 seqq.
2396 5078 2555 5135 Cont'.
2586 5094 2774 5149 supra,
2802 5079 2911 5133 vol.
2941 5075 3032 5143 ΙΙΙ,
3058 5092 3182 5148 pag.
3209 5076 3316 5133 690
3344 5091 3495 5147 seqq.
3534 5106 3606 5118 —-

404 5352 482 5421 (o)
524 5349 945 5417 Melanchtbon,
982 5368 1057 5420 tv,
1106 5351 1265 5421 epist.
1300 5350 1393 5417 89,
1430 5352 1498 5407 ad
1528 5351 1834 5413 cameram
1867 5368 1921 5405 a.
2020 5359 2182 5405 sertoe
2207 5360 2355 5413 sunit,
2377 5358 2429 5404 et
2454 5347 2653 5403 alieubi
2682 5330 3002 5418 neq'tiqenter
3030 5346 3355 5415 perseriptoe.
3451 5416 3462 5425 ·

333 5424 475 5480 ⁴522)
504 5442 517 5477 :
566 5422 740 5476 Attuli
764 5439 798 5475 a
831 5420 1014 5491 Longo
1043 5426 1143 5478 leuc
1185 5421 1477 5493 Epiphanii
1512 5421 1724 5477 Groecos
1759 5420 1926 5475 libros
2098 5422 2176 5484 (b)
2212 5418 2280 5473 Ι).
2314 5419 2664 5477 Christianus
2694 5417 3009 5473 Kortboltus
3037 5427 3183 5471 not-s
3220 5418 3284 5471 ad
3325 5415 3602 5471 Justtnum

331 5492 472 5565 Περὶ
498 5493 787 5573 utpium.
815 5494 906 5559 qui
940 5495 1072 5549 milei
1101 5493 1252 5549 valde
1278 5495 1507 5563 placent.
1537 5491 1926 5560 Propemodum
2022 5496 2353 5563 martyrem',
2392 5506 2447 5561 p.
2475 5491 2574 5555 41;
2604 5487 2840 5544 Duliaeus
2871 5487 2948 5541 De
2974 5503 3074 5539 usu
3112 5484 3360 5546 Puerum,
3391 5503 3444 5556 p.
3472 5485 3600 5542 272.

332 5565 619 5618 historicon
666 5564 854 5619 veteris
887 5561 1145 5619 Ecclesia·
1170 5566 1457 5619 continent.
1498 5562 1580 5618 Ex
1610 5562 1692 5616 Itis
1720 5562 1929 5618 decrevi
2097 5562 2173 5631 (c)
2213 5560 2477 5623 Photius.
2524 5561 2647 5617 cod.
2711 5558 2849 5637 ¹2)-
2894 5556 3154 5637 Ἀσθενὴς
3183 5556 3240 5609 δὲ
3274 5558 3338 5608 ὲκ
3371 5556 3465 5610 τοῦ
3509 5558 3604 5611 ἐπὶ

332 5648 608 5717 effcerpere
652 5634 943 5703 ἐπιτομήν.
967 5631 1246 5716 οΕιιρίςι.
1281 5635 1351 5691 90
1379 5655 1394 5690 :
1430 5632 1709 5719 fle-coptu&
1738 5633 1794 5687 in
1831 5633 1925 5687 illo
2025 5631 2280 5686 πλεῖστον
2307 5634 2366 5686 ἐν
2390 5635 2512 5696 ταῖς
2545 5627 2691 5686 κατὰ
2716 5644 2826 5681 των
2853 5627 3130 5681 δυσσεὸων
3164 5627 3429 5697 αἱρέσεων
3462 5643 3603 5699 sup.-
3673 5691 3684 5704 ·

333 5704 1920 5845 &ignava'up‘clttaerzhetqmazzgzaeiat‘gaaggffitletezhwz
2026 5706 2478 5844 πλῗιῧαίδςὲιιϋςει.
2524 5771 2594 5828 ad
2636 5768 2839 5850 Ense-b.
2881 5775 2954 5850 et·
2991 5768 3048 5824 in
3109 5766 3487 5839 Scuiiqeriunis
3508 5810 3522 5837 ,
3547 5777 3604 5824 ct

339 5848 413 5898 tio
450 5855 623 5900 autent
666 5845 825 5914 hujus
872 5843 1105 5899 auctoris
1140 5846 1267 5915 περὶ
1307 5846 1595 5917 δογμάτων
1624 5856 1673 5899 et
1705 5844 1917 5914 lattyui-
2028 5842 2249 5898 Elenci«.
2281 5844 2566 5908 trinitus„
2596 5858 2647 5896 c.
2679 5840 2744 5894 15
2772 5856 2785 5900 ;
2817 5836 2884 5892 15.
2916 5837 3294 5906 Lasauborttss,
3321 5849 3427 5893 etc.

341 5918 460 5974 dior
488 5927 603 5987 est,
634 5928 681 5976 et
727 5917 835 5976 itta·
875 5918 1035 5974 etiam
1074 5915 1408 5972 ttart·ationes
1455 5932 1559 5973 non
1608 5916 1795 5989 ubique
1834 5916 1917 5968 di·
2097 5918 2168 5987 (e)
2208 5913 2440 5972 Duil-xus
2469 5913 2548 5969 De
2577 5928 2675 5968 usu
2705 5908 2955 5980 Putrem,
2986 5924 3041 5981 p.
3087 5906 3212 5964 158.
