3850 6517
1180 404 1210 441 x

403 504 506 559 207

1813 500 1871 554 S.
1912 496 2257 552 Epiruma

3553 505 3659 568 208

401 643 509 699 que
549 623 809 696 vertigine
851 623 1048 693 raptim
1083 620 1243 678 ‘velut
1284 620 1511 675 flexuosi
1555 619 1700 673 illius
1755 620 1981 689 spiritus
2014 624 2053 679 Α
2084 618 2295 687 ἄστρων
2346 616 2419 680 ώς
2462 617 2569 670 ἀπὸ
2621 616 2713 670 τοῦ
2783 617 3219 688 δρακοντοειδοῦς
3274 621 3353 675 ἔτι
3386 622 3454 678 τὰ
3483 626 3659 682 πάντα

407 718 704 789 agitatione
735 715 958 784 corripi.
997 712 1123 769 Haec
1152 728 1252 769 nos
1284 713 1352 768 de
1378 715 1606 768 istorum
1628 711 1976 781 dogmatibus

400 809 579 865 obiter
604 807 871 862 duntaxat
897 804 1197 875 attigimus.

445 896 530 952 ·ll.
582 896 740 953 Nunc
803 905 862 950 ut
915 894 1218 951 lectoribus
1271 894 1538 950 brevitate
1588 895 1975 959 consulamus,

400 997 637 1059 quatuor
674 986 840 1043 simul
865 985 950 1040 ba:
980 994 1143 1040 sectae
1168 986 1421 1041 oratione
1450 991 1639 1040 nostra
1665 983 1979 1050 refellendae

400 1087 549 1137 sunt.
587 1078 670 1133 Ab
700 1077 786 1133 bis
822 1076 966 1132 enim
1004 1076 1342 1147 primordiis,
1372 1077 1455 1131 vel
1486 1084 1611 1131 ante
1647 1075 1762 1130 baec
1785 1075 1973 1140 etiam,

369 1178 460 1225 -ut
480 1169 634 1223 initio
646 1167 906 1233 diximuS,
928 1176 1120 1238 poetae,
1138 1166 1409 1230 historici,
1427 1165 1729 1235 reliquique
1745 1164 1979 1235 scripto-

399 1273 509 1320 res,
540 1255 867 1320 astronomi,
900 1254 1083 1309 caeteri
1112 1254 1353 1325 denique
1378 1253 1587 1309 erroris
1631 1253 1870 1308 artifices
1911 1265 1977 1306 ac

399 1348 668 1420 magistri,
707 1347 799 1417 qui
814 1346 892 1401 ad
929 1358 1187 1402 sexcenta
1226 1362 1412 1402 rerum
1453 1346 1741 1402 statuenda
1768 1343 1977 1414 princi·

400 1443 511 1512 pia,
550 1441 928 1511 pessimasque
964 1453 1162 1494 causas
1206 1438 1472 1508 impulere
1497 1438 1810 1492 mortalium
1855 1435 1978 1489 ani-

399 1549 541 1598 moS,
572 1529 957 1587 communibus
984 1529 1202 1600 generis
1229 1529 1455 1584 humani
1487 1529 1740 1586 sensibus
1769 1528 1979 1583 densis-

400 1626 569 1682 simas
599 1625 856 1680 tenebras
897 1623 1231 1679 offuderunt.
1274 1621 1452 1693 Atque
1485 1610 1581 1678 bic
1613 1609 1832 1677 demum
1865 1622 1978 1691 pri-

399 1735 520 1776 mus
562 1734 718 1775 error
747 1719 981 1780 exstitit,
1034 1715 1308 1773 idolorum
1355 1716 1666 1787 excogitata
1708 1717 1972 1786 supersti-

400 1813 498 1876 tio,
540 1809 836 1880 infelixque
888 1808 980 1863 illa
1016 1807 1327 1879 disciplina.
1377 1807 1547 1862 Erant
1597 1813 1713 1860 tum
1744 1807 1882 1860 duas
1921 1805 1975 1858 in

399 1901 668 1955 sactiones
706 1898 965 1954 universa
1005 1897 1323 1960 distributa,
1355 1897 1636 1967 gentilium
1662 1910 1727 1949 ac
1755 1894 1973 1950 δυόωσ-

2081 708 2397 762 ὲλαύνεσθαι
2442 707 2768 779 πνεύματος.
2822 711 2960 764 Kat·
2992 711 3099 765 άπὸ
3147 713 3350 785 μέρους
3394 716 3493 771 μὲν
3533 721 3660 792 περὶ

2078 797 2284 850 τούτων
2316 796 2547 868 ἔφημεν.

2156 887 2235 940 Β’.
2269 887 2358 957 Τῷ
2376 886 2433 940 δὲ
2458 885 2607 958 αύτῷ
2629 887 2814 960 τρόπῳ
2845 888 2946 954 τὰς
2970 890 3240 964 τέσσαρας
3275 893 3476 958 ταύτας
3507 891 3660 969 αἱρέ-

2080 996 2194 1043 σεις
2216 978 2585 1050 ἀνατρεπτέον
2609 979 2697 1033 διὰ
2729 981 2828 1052 τὴν
2852 984 3144 1054 συντομίαν
3157 986 3257 1056 τῆς
3276 984 3655 1056 ἀναγνώσεως.

2091 1070 2369 1160 Ἐντεῦθεν
2422 1069 2516 1123 καὶ
2562 1071 2819 1143 ἀνωτέρω
2859 1073 3066 1140 λοιπὸν,
3100 1076 3176 1140 ώς
3216 1076 3374 1149 ἔφην,
3415 1081 3655 1148 ποιηταὶ,

2080 1161 2521 1234 ἱστοριογράφοι,
2550 1160 2897 1234 λογογράφοι,
2922 1167 3245 1239 ἀστρονόμοι
3292 1184 3350 1221 τε
3388 1169 3480 1223 καὶ
3506 1170 3554 1222 ol
3590 1170 3659 1224 τὰ

2079 1253 2213 1306 ἄλλα
2238 1253 2335 1322 τῆς
2366 1252 2575 1322 πλάνης
2596 1255 3043 1327 εἰσηγησάμενοι,
3062 1259 3114 1311 οἱ
3140 1261 3659 1330 παρασκευάσαντες

2077 1343 2167 1397 τὸν
2227 1342 2350 1396 νοῦν
2399 1344 2492 1396 ἐπὶ
2518 1345 2720 1417 μυρίας
2773 1347 2950 1410 κακὰς
2991 1348 3172 1412 αἰτίας
3205 1352 3302 1403 καὶ
3342 1351 3657 1420 άναγωγάς,

2081 1435 2396 1490 έσκότωσαν
2458 1435 2555 1490 καὶ
2619 1435 2891 1492 ὲθόλωσαν
2937 1440 3037 1511 τὴν
3086 1441 3184 1511 τῆς
3240 1442 3658 1515 άνθρωπότητος

2081 1525 2364 1597 ὑπόληψιν.
2408 1527 2519 1581 Καὶ
2545 1527 2767 1596 γέγονεν
2805 1528 2943 1601 αὕτη
2983 1531 3174 1607 πρώτη
3209 1532 3406 1604 πλάνη,
3447 1534 3657 1592 ἐπίνοια

2080 1615 2335 1682 εἰδώλων,
2400 1617 2494 1670 καὶ
2545 1610 2937 1690 κακοδαιμονξα
2983 1620 3347 1687 διδασκαλίας.
3374 1619 3481 1677 Ἦν
3513 1624 3571 1678 δὲ
3591 1627 3658 1679 τὸ

2081 1706 2260 1761 πάντα
2328 1708 2728 1778 μεμερισμένα,
2792 1709 3144 1783 Ἑλληνισμός
3191 1729 3251 1766 τε
3298 1713 3392 1767 καὶ
3448 1715 3660 1769 Ἰουδαῖ-

2081 1797 2217 1868 σμός
2237 1813 2250 1826 ·
2289 1797 2617 1869 Ἰουδαῖσμδς
2654 1798 2808 1854 οὔπω
2848 1802 3112 1874 πρότερον
3141 1804 3497 1876 καλούμενος,
3524 1807 3659 1862 ἀλλὰ

2078 1888 2165 1942 διὰ
2185 1887 2277 1940 τοῦ
2316 1889 2531 1960 Ἰσραὴλ
2554 1889 2615 1943 τὸ
2632 1890 2917 1964 ἐπώνυμον
2934 1894 3033 1965 τῆς
3057 1894 3341 1960 θεοσεδοῦς
3363 1896 3660 1969 θρησκείας

398 2007 542 2046 rum.
579 1989 776 2045 Verum
808 1987 1036 2044 Jttdaica
1064 1997 1210 2043 secta
1241 1999 1587 2058 nequaquam
1623 1986 1779 2040 initio
1813 2000 1974 2039 voca·
2005 1966 2048 2021 Β
2077 1975 2527 2044 ἐπικεκλημένθς,
2550 1975 2653 2040 ἕως
2672 1978 2760 2031 ὅτε
2785 1977 3023 2050 διαδοχαὶ
3050 1984 3424 2054 γεγέννηνται.
3464 1974 3522 2039 Ὅ
3551 1986 3659 2058 γάρ

398 2082 583 2144 batur,
618 2080 715 2135 sed
757 2079 920 2136 lsrael
946 2079 1149 2134 divinae
1181 2079 1309 2133 buie
1350 2077 1596 2148 religioni
1643 2090 1976 2147 cognomen·

399 2179 515 2225 tum
548 2178 659 2226 era*
684 2187 700 2236 ;
735 2169 913 2224 donec
941 2184 1202 2240 generum
1233 2176 1317 2223 est
1347 2175 1641 2238 piopagata
1674 2167 1973 2222 successio.

397 2260 611 2317 Etenim
653 2259 922 2324 Naasson,
973 2259 1068 2329 qui
1100 2259 1277 2313 tribus
1307 2255 1461 2312 luda:
1490 2257 1745 2328 princeps
1791 2257 1845 2312 in
1875 2255 1971 2311 de·

399 2360 548 2408 serto
569 2353 905 2407 constitutus
931 2357 1037 2418 est,
1064 2347 1295 2403 Salmon
1316 2348 1527 2418 genuit,
1557 2344 1780 2403 Salmon
1801 2346 1972 2413 Boos;

396 2442 541 2498 Boos
574 2441 748 2500 Obed.
780 2439 931 2496 Obed
962 2437 1116 2495 Iesse
1148 2458 1162 2495 ε
1196 2454 1321 2494 cum
1372 2441 1466 2509 qui
1509 2439 1760 2509 religiose
1805 2436 1977 2492 Deum

399 2533 639 2589 colerent
686 2530 864 2586 adbuc
908 2528 1168 2586 lsraelitae
1213 2529 1548 2585 dicerentur.
1586 2527 1792 2582 Deinde
1820 2524 1978 2582 «lesse

399 2625 655 2681 Davidem
699 2623 908 2695 genuit,
955 2622 1047 2691 qui
1075 2622 1287 2692 primus
1327 2635 1360 2676 e
1389 2618 1535 2674 tribu
1562 2615 1716 2672 Judae
1747 2631 1974 2687 regnum

398 2716 653 2771 obtinuit.
689 2714 863 2782 Cujus
884 2712 954 2767 ab
974 2712 1146 2781 stirpe
1169 2710 1431 2781 deinceps
1466 2715 1731 2780 perpetua
1759 2713 1999 2762 succes-'

398 2806 557 2863 sione
590 2820 745 2875 reges
764 2803 1001 2873 imperio
1032 2802 1194 2872 potiti
1235 2809 1385 2857 sunt.
1419 2798 1523 2855 Sed
1558 2805 1686 2853 ante
1714 2793 1974 2851 Davidem

398 2898 610 2968 primus
643 2895 1001 2950 lsraeliticum
1025 2908 1249 2964 regnum
1279 2891 1477 2944 Saulus
1506 2895 1759 2944 tenuerat
1782 2902 1814 2941 e
1843 2886 1977 2941 Beu-

395 2988 590 3059 jamini
619 2986 783 3050 tribu,
809 2985 972 3041 Ceiso
996 2995 1151 3055 patre
1179 2983 1395 3051 genitus
1425 3000 1437 3036 :
1461 2981 1567 3052 16
1590 2993 1689 3033 nec
1716 2978 1768 3033 ei
1791 2985 1976 3031 tamen

399 3078 545 3134 lilius
574 3077 875 3142 successit;
912 3076 1008 3131 sed
1056 3075 1126 3130 ad
1167 3074 1370 3128 tribum
1392 3071 1546 3127 Judae
1580 3085 1681 3140 per
1715 3066 1974 3122 Davidem

402 3167 693 3240 imperium
719 3167 1046 3221 translatum
1078 3172 1181 3220 est.
1206 3163 1378 3234 Igitur
1399 3160 1645 3240 ‘lacobus
1677 3159 1975 3215 liberorum

2077 2063 2344 2118 Ναασσών
2376 2066 2405 2118 ὁ
2434 2066 2492 2118 ὲν
2515 2069 2579 2137 τῇ
2628 2068 2819 2138 ἐρήμῳ
2852 2070 3090 2139 γεγονὼς
3122 2073 3397 2146 φύλαρχος
3420 2062 3521 2146 τῆς
3559 2095 3658 2148 φυ·

2078 2158 2176 2228 λῆς
2237 2157 2409 2211 Ἰούδα
2466 2159 2630 2229 γεννᾷ
2676 2159 2771 2213 τὸν
2804 2159 3067 2232 Σαλμών·
3110 2164 3340 2237 Σαλμὼν
3370 2169 3535 2239 γεννᾷ
3568 2168 3658 2222 τὸν

2078 2249 2207 2313 Βοός
2232 2267 2245 2280 ·
2274 2247 2408 2312 Boe<
2439 2250 2604 2319 γεννᾷ
2633 2248 2721 2302 τὸν
2766 2251 2928 2322 Ὠδήδ
2951 2269 2964 2282 ·
3009 2253 3165 2324 ’osi—,6
3197 2258 3362 2328 γεννᾷ
3392 2258 3483 2311 τὸν
3528 2260 3655 2312 Ἰεσ-
3715 2260 3720 2264 ’

2080 2343 2169 2396 σαὶ
2217 2342 2311 2395 ἐπὶ
2361 2340 2467 2394 τῶν
2520 2341 2787 2396 θεοσεόῶν
2866 2346 3216 2417 Ἰσραηλιτῶν
3268 2350 3612 2422 καλουμένων
3639 2368 3651 2380 ·

2090 2434 2288 2488 Ἰεσσαὶ
2313 2436 2479 2507 γεννᾷ
2504 2436 2594 2488 τὸν
2623 2437 2785 2489 Δαθῖιδ
2833 2437 2924 2491 τὸν
2947 2437 3187 2508 βασιλέα,
3213 2428 3271 2505 ὃς
3296 2431 3506 2514 πρῶτος
3528 2436 3639 2494 ἐδα-

2079 2525 2323 2579 σίλευσεν
2341 2527 2406 2579 ὲκ
2445 2525 2616 2598 φυλῆς
2663 2527 2852 2582 Ἰούδα.
2890 2527 2980 2594 Ἐξ
3007 2514 3067 2584 οὗ
3096 2530 3283 2585 λοιπὸν
3310 2536 3359 2588 οἱ
3383 2532 3519 2588 κατὰ
3540 2531 3647 2586 δια-

2076 2615 2237 2688 δοχὴν
2274 2616 2535 2688 βασιλεῖς,
2569 2619 2634 2671 ἐκ
2675 2620 2769 2673 τοῦ
2825 2622 3144 2694 σπέρματος
3175 2612 3364 2693 αὑτοῦ,
3396 2617 3509 2692 υἰδς
3545 2626 3652 2680 δια·

2074 2707 2363 2778 δεχόμενος
2418 2708 2650 2781 πατέρα,
2709 2711 2946 2785 καθεξῆς
3010 2718 3421 2789 συνεστήκασιν.
3453 2714 3561 2770 Ἦν
3602 2713 3660 2769 δὲ

2077 2799 2183 2870 πρὸ
2197 2799 2362 2854 αὐτοῦ
2391 2801 2485 2855 τοῦ
2516 2802 2682 2857 Aeeta
2718 2807 2747 2857 ό
2776 2805 2935 2873 φύσει
2980 2809 3194 2881 πρῶτος
3231 2805 3557 2876 βασιλεύσας
3596 2801 3658 2857 ἑν

2091 2889 2306 2961 Ἰσραὴλ
2320 2890 2492 2944 Σαοὺλ
2512 2891 2624 2955 υἱὸς
2645 2893 2776 2956 Κεὶς
2796 2894 2860 2946 ὲκ
2877 2895 3049 2966 φυλῆς
3064 2895 3337 2967 Βενιαμίν·
3360 2895 3455 2948 καὶ
3469 2891 3657 2948 οὐκέτι

2079 2980 2245 3035 αὐτὸν
2274 2979 2542 3046 διεδέξατο
2573 2983 2684 3046 υἱός
2708 2999 2721 3012 ·
2764 2982 2898 3035 ἀλλὰ
2930 2987 3161 3057 μετέστη
3185 2985 3247 3040 τὸ
3273 2969 3544 3058 βασίλειον
3569 2982 3658 3039 διὰ

2077 3071 2239 3125 Aes-,6
2292 3070 2508 3144 πρώτου
2565 3076 2646 3137 εἰς
2693 3071 2791 3143 τὴν
2838 3072 3009 3143 φυλὴν
3054 3075 3245 3129 Ἰούδα.
3288 3075 3515 3147 Πρῶτος
3547 3071 3661 3145 γάρ

2076 3161 2225 3233 αὐτῷ
2253 3163 2329 3233 τῷ
2371 3156 2566 3217 ‘lambe
2604 3165 2731 3226 παῖς
2758 3163 2961 3232 γίνεται
3003 3162 3242 3234 Ῥουὸὶμ,
3272 3163 3525 3235 δεύτερος
3556 3163 3659 3217 Συ·

402 3260 639 3330 primum
665 3257 911 3313 omnium
951 3255 1241 3310 Rubenum
1268 3252 1518 3323 suscipit;
1540 3248 1737 3307 deinde
1763 3249 1975 3305 Simeo-
2002 3294 2044 3352 C
2081 3252 2245 3323 μεὼν,
2262 3255 2444 3326 τρίτος
2476 3254 2662 3319 Λευῒς,
2690 3253 2950 3324 τέταρτος
2971 3253 3188 3320 Ἰούδας,
3206 3254 3266 3322 ἐξ
3283 3244 3344 3310 οὗ
3369 3253 3659 3310 καλοῦνται

402 3362 526 3405 nem
559 3368 573 3405 ε
619 3349 840 3404 tertium
875 3345 1024 3410 Levi,
1060 3353 1336 3415 quartum,
1364 3342 1632 3405 Juda1n,a
1667 3355 1776 3411 quo
1802 3338 1975 3394 Judaei

399 3439 771 3513 cognominati
797 3445 946 3504 sunt,
974 3437 1045 3492 ob
1067 3434 1220 3489 Judae
1258 3433 1488 3499 tribum,
1523 3432 1615 3503 qui
1655 3447 1723 3486 ex
1752 3429 1974 3500 religio-

399 3542 590 3587 sorum
615 3527 896 3583 hominum
927 3540 1124 3597 genere
1159 3522 1452 3593 prodierat,
1488 3522 1556 3576 ad
1588 3535 1707 3577 eam
1734 3520 1976 3590 appella-

398 3620 605 3675 tionem
635 3617 895 3673 traducti.
949 3614 1231 3685 Siquidem
1272 3611 1533 3668 israelitae
1562 3610 1834 3680 principio
1880 3624 1977 3663 vo-

398 3711 510 3767 cati
534 3718 685 3775 sunt,
707 3709 801 3779 qui
826 3705 1003 3762 Judaei
1034 3705 1196 3761 inodo
1232 3705 1508 3759 dicuntur.

471 3799 563 3859 ill,
602 3798 1034 3868 Ad‘bocusque
1072 3803 1286 3876 tempus
1324 3801 1562 3864 quatuor
1593 3792 1648 3847 in
1697 3792 1856 3848 terris
1885 3791 1976 3846 ho-

398 3895 609 3950 minum
632 3905 836 3964 genera
878 3888 1140 3960 perducta
1179 3894 1330 3954 sunt,
1360 3901 1594 3956 quorum
1631 3881 1976 3953 unumquod-

392 3997 505 4059 que
536 4001 638 4042 suo
669 3992 913 4054 tempore
936 3981 1233 4050 separatim
1262 3978 1485 4041 coaluit,
1515 3977 1584 4032 ad
1615 3991 1737 4033 eam
1756 3982 1973 4031 aetatem

394 4087 453 4134 et
498 4077 662 4140 ultra,
719 4087 884 4145 quam
924 4072 1171 4143 proxime
1222 4069 1671 4142 significavimus.
1723 4066 1857 4121 Nam
1902 4065 1973 4120 ab

392 4165 606 4222 'Adamo
628 4163 696 4219 ad
722 4162 986 4219 Noemum
1009 4161 1393 4216 Barbarismus
1415 4155 1670 4212 obtinuit.
1699 4157 1744 4210 A
1763 4154 1972 4211 Noemo

399 4257 467 4312 ad
498 4255 670 4311 turris
714 4253 1153 4316 aedificationem,
1198 4260 1254 4305 et
1295 4249 1525 4306 Seruchi
1565 4255 1834 4318 tempora,
1874 4245 1971 4317 qui

387 4345 562 4400 tertia
594 4355 716 4416 post
756 4344 903 4398 illam
941 4348 1099 4397 aetate
1129 4340 1281 4406 vixit,
1333 4338 1588 4411 Scythica
1626 4336 1967 4408 superstitio.

397 4439 443 4491 A
491 4437 661 4491 turris
711 4433 1081 4491 exstructione
1116 4471 1130 4496 ,
1189 4440 1244 4489 et
1295 4429 1542 4486 Serucbo
1570 4470 1585 4495 ,
1648 4445 1861 4486 necnon
1915 4437 1971 4486 et

396 4528 620 4591 Aramo,
657 4525 735 4580 ad
785 4522 1176 4586 Abrabamum,
1203 4523 1422 4594 gentilis
1469 4529 1618 4578 secta
1664 4521 1855 4592 iiguit.
1888 4522 1971 4578 Ab

2089 3345 2349 3408 Ἰουδαῖοι,
2365 3344 2453 3399 διὰ
2482 3345 2581 3418 τὴν
2611 3345 2783 3418 φυλὴν
2816 3344 2987 3400 Ἰούδα
3010 3345 3101 3400 τοῦ
3124 3347 3188 3400 ὲκ
3215 3340 3311 3400 τοῦ
3331 3345 3526 3416 γένους
3551 3345 3660 3404 τῶν

2077 3435 2365 3502 θεοσεόῶν,
2421 3438 2472 3490 οἱ
2531 3439 2611 3501 εἰς
2666 3437 2729 3490 τὸ
2784 3436 2957 3510 δνομα
3012 3438 3169 3492 τοῦτο
3235 3438 3658 3510 μεταπεσόντες.

2089 3526 2413 3582 Ἐκαλοῦντο
2468 3526 2599 3596 γοῦν
2649 3531 2841 3599 πρώην
2902 3528 3259 3600 Ἰσραηλῖται,
3291 3525 3368 3583 οἱ·
3394 3529 3490 3584 καὶ
3526 3530 3656 3583 Ἰου-
3739 3582 3748 3597 ,

2075 3618 2234 3673 δαΐοι.

2146 3796 2220 3853 Γ.
2252 3799 2397 3863 Ἕως
2438 3798 2626 3853 τούτου
2679 3797 2773 3852 τοῦ
2815 3797 3007 3872 χρόνου
3056 3799 3405 3871 συνήφθησαν
3448 3801 3504 3853 αἱ
3537 3801 3657 3856 τέσ-

2079 3907 2245 3962 σαρες
2301 3888 2489 3959 γενεαὶ
2540 3889 2642 3959 τῆς
2694 3889 2798 3959 γῆς
2840 3887 2948 3942 τῶν
2994 3889 3276 3967 τεσσάρων
3330 3889 3656 3960 τμημάτων.

2074 3981 2292 4035 Τούτων
2349 3979 2731 4052 διαιρεθέντων
2793 3980 2933 4035 κατὰ
2985 3978 3111 4044 τοὺς
3166 3980 3390 4052 χρόνους
3429 3980 3537 4045 ἓως
3562 3977 3658 4036 τοῦ

2074 4070 2268 4140 καιροῦ
2312 4062 2518 4124 ιτούτου
2573 4068 2667 4122 τοῦ
2721 4061 2958 4125 ἐνταῦθα
3005 4087 3095 4141 μοι
3151 4070 3525 4143 δεδηλωμένου
3562 4069 3656 4125 καὶ

2072 4161 2366 4215 ἐπέκεινα·
2418 4159 2697 4213 τουτέστιν
2728 4161 2836 4212 ἀπὸ
2884 4161 3054 4233 Ἀδὰμ
3082 4161 3187 4226 ἕως
3220 4162 3312 4216 τοῦ
3361 4163 3487 4216 Νῶε
3524 4162 3651 4236 βαρ·

2073 4251 2341 4324 ὀαρισμός
2364 4267 2378 4282 ·
2415 4249 2522 4304 άπὸ
2545 4249 2639 4303 τοῦ
2662 4249 2785 4303 Νῶε
2819 4250 2924 4316 ἐ’ως
2946 4252 3041 4306 τοῦ
3074 4242 3283 4324 πύργου
3312 4255 3404 4306 καὶ
3426 4255 3656 4329 Σερούχ,

2075 4343 2213 4414 μετὰ
2232 4341 2324 4396 δύο
2350 4341 2541 4412 γενεὰς
2558 4342 2652 4396 τοῦ
2682 4341 2945 4414 πύργουὴ
2972 4342 3214 4416 Σκυθικὴ
3242 4344 3654 4417 δεισιδαιμονὲα,

2071 4435 2165 4488 καὶ
2223 4432 2518 4504 μετέπειτα
2560 4433 2669 4504 ἀπὸ
2727 4432 2822 4486 τοῦ
2875 4433 3085 4504 πύργου
3152 4435 3247 4487 καὶ
3303 4435 3508 4507 Σεροῦχ
3560 4436 3654 4493 καὶ

2083 4527 2260 4600 Ἀρὰμ
2291 4527 2401 4598 (55)
2433 4527 2537 4591 ἕως
2591 4526 2684 4580 τοῦ
2725 4526 2977 4598 Ἀδραὰμ
3024 4529 3052 4580 ό
3092 4526 3464 4599 Ἑλληνισμός.
3519 4523 3655 4585 ’Ant

394 4615 707 4672 Abralimno
744 4613 979 4684 denique
1023 4620 1077 4667 et
1113 4613 1233 4683 ejus
1259 4613 1491 4682 posteris
1534 4612 1748 4668 sincera
1779 4612 1969 4685 religio
2001 4623 2045 4682 Ι)
2072 4618 2261 4673 τούτου
2314 4619 2407 4674 καὶ
2461 4617 2570 4671 τῶν
2601 4619 2896 4688 μετέπειτα
2936 4618 3217 4672 θεοσέδεια
3271 4622 3651 4694 συναπτομένη

394 4704 621 4777 prodiit,
649 4717 771 4774 quse
785 4703 864 4758 -ab
888 4702 1120 4772 ipsomet
1151 4700 1464 4756 Abrabamo
1486 4712 1686 4771 coepta,
1717 4716 1812 4772 per
1844 4702 1965 4772 ejus

397 4796 624 4867 stirpem
660 4802 746 4850 est
790 4793 1152 4859 tmnsuiissa;
1200 4791 1461 4862 Judaeque
1499 4793 1821 4863 cumprimis
1868 4792 1966 4847 tri-

396 4889 548 4951 bum,
576 4884 718 4939 unde
742 4882 1058 4938 Judaismus
1083 4897 1283 4938 nomen
1310 4882 1536 4951 accepit.
1559 4881 1716 4947 Quod
1742 4883 1961 4952 quidem

395 4994 427 5031 a
456 4991 544 5031 me
581 4988 706 5031 vere
741 4989 865 5030 esse
892 4973 1100 5027 dietum
1129 4973 1297 5027 divini
1347 4972 1793 5042 sanctissimique
1838 4987 1965 5042 apo·

394 5071 522 5126 stoli
558 5067 716 5123 Pauli
766 5067 1078 5124 testimonio
1125 5073 1360 5130 constat,
1414 5080 1539 5120 cum
1594 5068 1665 5120 ita
1700 5067 1968 5137 disputat:

395 5161 462 5216 In
485 5155 694 5216 Christo
719 5159 849 5213 Jesu
871 5174 1029 5229 neque
1058 5156 1338 5221 barbarus,
1366 5173 1526 5226 neque
1556 5156 1774 5227 Scytha,
1798 5173 1959 5228 neque

394 5248 630 5313 Groecus,
684 5266 843 5318 neque
895 5248 1117 5303 Judoeus
1166 5257 1265 5309 est,
1320 5245 1410 5301 sed
1455 5263 1587 5300 nova
1645 5256 1890 5301 creatura
1918 5249 1956 5303 ¹.

393 5337 841 5408 Quandoquidem
869 5339 1028 5393 etiam
1065 5338 1242 5400 initio,
1275 5352 1400 5391 cum
1441 5336 1674 5406 primum
1705 5346 1961 5392 creatura

391 5429 611 5485 condita
655 5437 760 5494 est,
806 5445 945 5485 nova
989 5431 1168 5484 adbuc
1214 5429 1503 5492 exsistens,
1548 5428 1759 5483 nullum
1793 5445 1960 5500 pecu·

391 5519 527 5576 liare
549 5533 614 5573 ae
643 5517 960 5574 distinctum
993 5533 1187 5574 nomen
1219 5518 1426 5575 babuit.
1459 5516 1556 5574 llis
1588 5530 1957 5576 consentanea

461 5703 481 5729 ⁸
512 5694 722 5750 coloss.
748 5707 831 5759 nt,
862 5692 918 5746 li
945 5709 961 5759 ;
992 5689 1167 5747 Galat.
1191 5707 1266 5759 w,
1293 5691 1379 5746 ¹5.

2067 4707 2146 4778 τῷ
2175 4707 2325 4779 αὐτῷ
2353 4706 2623 4780 Ἀδραὰμ,
2654 4706 2871 4761 ἀπὸτοῦ
2888 4705 3030 4760 κατὰ
3059 4705 3307 4780 διαδοχὴν
3335 4710 3651 4781 σπέρματος

2068 4798 2253 4863 αὑτοῦ,
2300 4799 2547 4852 τουτέστι
2572 4797 2669 4852 τοῦ
2721 4798 2913 4862 Ἰούδα,
2955 4797 3048 4866 ἀφ’
3075 4791 3246 4870 οὗπερ
3289 4800 3646 4872 Ἰουδαῖσμός·

2066 4889 2142 4954 ώς
2178 4889 2260 4944 ἔτι
2310 4893 2582 4962 μαρτυρεῖ
2629 4909 2719 4962 μοι
2775 4891 2805 4943 ό
2843 4890 3293 4961 πνευματοφόρος
3350 4893 3444 4946 καὶ
3495 4894 3651 4962 ἅγιος

2068 4983 2163 5038 τοῦ
2190 4983 2325 5038 Θεοῦ
2365 4984 2664 5049 ἀπόστολος
2704 4983 2946 5050 Παῦλος,
2999 4978 3103 5039 ὧδέ
3153 5004 3271 5051 πως
3317 4981 3514 5055 λέγων,
3566 4988 3649 5042 ὄτι

2083 5075 2179 5128 Ἐν
2214 5074 2447 5143 Χριστῷ
2482 5075 2674 5143 Ἰησοῦ
2717 5062 3218 5147 οὑβᾶρὸαρος,οὺ
3246 5074 3505 5146 Σκύθης,
3532 5082 3645 5149 οὐχ

2074 5165 2331 5233 ”Ελλην,
2354 5168 2464 5220 οὐκ
2480 5165 2776 5232 Ἰουδαῖος,
2797 5167 2959 5221 ἀλλὰ
2983 5159 3162 5238 καινὴ
3191 5168 3407 5234 κτίσις.
3425 5170 3645 5243 Ἐπειδὴ

2070 5252 2129 5316 ἐξ
2151 5254 2402 5324 ὑπαρχῆς
2433 5254 2521 5306 ὅτε
2554 5252 2769 5308 ἔκτιστο
2797 5259 2830 5327 ἠ
2865 5256 3074 5321 κτίσις,
3107 5257 3267 5329 καινὴ
3301 5254 3456 5325 οὖσα,
3492 5262 3645 5314 οὐδέν

2067 5359 2121 5394 τι
2165 5341 2560 5415 διαφορώτερον
2616 5343 2774 5414 ἔσχεν
2826 5344 3017 5416 δνομα.
3065 5346 3282 5417 Συνῳδὰ
3332 5346 3388 5400 δὲ
3434 5349 3646 5413 τούτοις

2068 5432 2230 5486 πάλιν
2261 5433 2318 5485 ὲν
2348 5432 2518 5504 ἑτέρῳ
2547 5435 2698 5505 τόπῳ
2727 5433 2874 5503 λέγει
2909 5433 3082 5499 οὕτως
3109 5450 3125 5467 ·
3167 5435 3503 5506 Ὁφειλέτης
3527 5440 3646 5512 εἰμὶ

2069 5523 2326 5592 Ἕλλησί
2341 5541 2406 5579 τε
2420 5525 2518 5580 καὶ
2535 5518 2882 5595 βαρόάροις,
2896 5526 3112 5597 σοφοῖς
3132 5544 3196 5582 τε
3211 5527 3310 5583 καὶ
3337 5529 3643 5603 ἀνοήτοις·

373 5918 377 5922 .
469 5869 577 5943 (55)
627 5869 770 5927 Ἀπὸ
833 5869 937 5925 τοῦ
987 5870 1210 5942 Σεροὺχ
1254 5870 1351 5927 καὶ
1392 5872 1580 5941 Ἀράμ.
1625 5872 1728 5929 Pro
1773 5871 1953 5944 Ἀράμ
1991 5885 2135 5930 corr.
2165 5866 2334 5946 Θαρά.
