3850 6517
293 511 397 568 115
1315 512 1373 566 S.
1404 509 1749 565 EPttthMt
1781 509 1961 564 ACTA
2002 508 2497 565 BOLLANDtANA.
3424 509 3525 564 ΗΘ

292 629 552 694 reliquias
577 627 749 686 sancti
771 635 826 682 et
846 627 984 684 beati
1017 627 1194 684 Patris
1224 629 1395 684 nostri
1415 637 1470 682 et
1498 628 1737 697 episcopi
1762 627 2066 697 Epiphanii,
2098 637 2153 683 et
2187 644 2310 683 cnm
2340 629 2488 684 omni
2526 629 2730 684 bonore
2757 643 2851 684 eas
2885 628 2936 681 in
2965 626 3168 681 eoloco
3200 630 3520 696 deposuere.

366 697 553 754 Lxxt.
596 697 751 752 Mane
783 708 966 753 antem
1006 698 1189 753 statim
1217 699 1559 753 venerandus
1587 698 1781 759 Draco,
1808 697 2089 753 accersitis
2115 699 2370 753 omnibns
2401 699 2611 755 clericis
2651 713 2775 753 cum
2826 698 3014 752 multis
3043 695 3525 767 patribusfamilias

296 768 554 832 civitatis,
583 768 782 823 obtulit
852 783 1001 822 reces
1036 766 1371 848 imperatori.
1399 765 1548 823 Missi
1579 784 1707 821 vern
1740 776 1871 821 sunt
1897 775 2007 824 tres
2036 769 2239 833 clerici,
2267 777 2320 821 et
2351 775 2461 822 tres
2491 767 2926 839 patresfamilias.
2962 766 3038 821 Ex
3085 766 3298 820 clericis
3329 768 3382 820 in
3411 767 3524 836 pri-

297 836 405 894 mis
435 837 786 893 honorandus
854 837 1050 891 abinus
1077 837 1358 902 (baconus,
1389 847 1443 891 ct
1475 838 1708 892 maxime
1734 837 2084 893 honorandus
2110 839 2372 892 diaconus
2408 836 2610 893 Paulus
2652 838 3011 894 consobrinus
3037 835 3315 898 Draconis.
3347 847 3400 889 et
3427 837 3525 889 bo·

296 907 576 962 notandus
600 906 860 963 diaconus
890 906 1243 961 Athanasius.
1277 904 1352 960 Ex
1383 908 1625 977 patribus
1649 916 1829 961 autem
1862 904 2095 962 familias
2125 907 2453 963 reverendus
2479 907 2755 963 Marianus
2799 907 2965 962 frater
3006 905 3238 976 Synesii,
3279 915 3330 958 et
3375 920 3526 960 reve-

301 978 501 1033 rendus
522 975 760 1031 loannes
789 975 908 1044 ejus
933 976 1316 1037 consobrinus,
1344 986 1400 1031 et
1432 977 1574 1031 iilius
1601 975 1885 1038 Draconis,
1915 977 2007 1044 qui
2038 976 2153 1045 ipse
2182 992 2399 1046 qttssque
2427 979 2721 1032 vocabatur
2752 978 2941 1037 Draco.
2970 985 3025 1030 et
3044 991 3205 1045 ιμιοιιι
3235 973 3325 1028 Dei
3353 976 3524 1044 gratia

298 1047 511 1101 curavit
537 1044 876 1114 Epiphanius
905 1061 934 1099 a
969 1045 1157 1099 inorbo
1186 1047 1529 1115 gravissimo.
1559 1045 1621 1098 tii
1652 1056 1831 1102 antem
1861 1046 2076 1100 iverunt
2120 1047 2173 1100 in
2213 1047 2483 1101 civitatem
2528 1048 2751 1116 regiam,
2778 1057 2831 1102 et
2859 1046 3171 1100 obtulerunt
3198 1059 3383 1113 preces
3420 1045 3524 1099 itn-

298 1115 554 1183 peratori.
589 1113 887 1184 ltnperator
926 1129 1056 1169 vero
1101 1113 1387 1182 Arcadius,
1423 1130 1546 1171 cum
1579 1131 1766 1184 preces
1813 1117 2113 1186 accepisset
2158 1126 2211 1170 et
2257 1116 2490 1187 legisset,
2522 1117 2678 1171 valde
2713 1131 2911 1185 niagno
2936 1115 3118 1170 ‹lolorc
3158 1124 3240 1167 est
3281 1113 3525 1179 affectus,

294 1184 449 1252 qnod
473 1199 504 1239 e
531 1183 639 1237 vita
666 1184 992 1239 excessisset
1024 1182 1361 1253 Epiphanius
1393 1195 1488 1240 :et
1522 1185 1661 1240 elisit
1689 1187 1770 1241 eis
1811 1185 1905 1254 qui
1952 1200 2140 1253 preces
2185 1186 2287 1240 sibi
2339 1186 2690 1248 obtulerant:
2724 1185 2915 1240 Sem-re
2956 1185 3011 1239 in
3061 1185 3158 1237 bac
3208 1184 3340 1238 urbe
3381 1183 3527 1254 regia

299 1254 661 1323 qnadraginta
683 1252 822 1320 dies,
848 1264 908 1308 ut
934 1253 1145 1322 lugeam
1176 1269 1358 1308 meum
1387 1254 1624 1320 Patrem,
1654 1263 1710 1310 et
1740 1270 1837 1310 vos
1871 1255 2080 1310 inittam
2110 1255 2163 1310 in
2191 1270 2341 1324 pace.
2377 1255 2455 1310 lili
2485 1266 2664 1312 autem
2696 1255 2778 1311 sic
2817 1255 3076 1310 lecerunt.
3106 1252 3168 1305 Et
3200 1253 3334 1306 luxit
3361 1254 3532 1309 Arca-

301 1322 426 1378 dius
460 1322 530 1376 im
605 1332 752 1377 rator
776 1331 976 1379 sanctae
1007 1323 1283 1378 memoriae
1306 1333 1512 1395 patrem
1540 1335 1783 1380 nostrum
1811 1335 1865 1379 et
1886 1325 2203 1395 episcopum
2226 1324 2585 1395 Epiphanium
2609 1325 2965 1395 qnadraginta
2996 1324 3133 1377 dieS.
3155 1321 3286 1376 Post
3321 1323 3526 1378 luctum

300 1401 483 1446 autem
543 1390 649 1446 ecit
675 1391 1142 1469 constitutionem,
1173 1400 1228 1448 et
1257 1396 1406 1448 misit
1447 1411 1569 1448 enin
1605 1395 1685 1450 eis
1719 1395 1896 1448 virum
1924 1392 2072 1464 pium
2103 1395 2442 1451 militantem.
2476 1396 2696 1449 nornine
2730 1395 3038 1449 Maximum.
3078 1391 3128 1446 is
3160 1392 3390 1447 babebat
3415 1392 3530 1474 spi-

301 1461 467 1514 rltum
501 1458 861 1515 immundum.
892 1461 1030 1517 Cum
1077 1463 1115 1516 ii
1165 1472 1344 1518 autem
1391 1465 1765 1534 pervenissent
1791 1463 2189 1529 Constantiam,
2223 1466 2405 1520 statim
2430 1464 2695 1520 Maximus
2739 1472 2957 1535 accepta
3003 1461 3412 1524 constitutione,
3445 1479 3531 1516 in·

299 1542 523 1598 gressus
546 1538 635 1586 est
657 1530 712 1584 iu
741 1530 943 1595 locum,
975 1531 1069 1589 ubi
1115 1543 1251 1588 sunt·
1275 1534 1463 1605 positae
1492 1534 1733 1602 reliquiae
1762 1534 1935 1588 sancti
1981 1533 2159 1590 Patris
2190 1536 2383 1590 nostri.
2407 1533 2656 1600 Cumque
2683 1549 2887 1604 pronus
2914 1532 3197 1587 cecidisset
3227 1531 3279 1585 in
3312 1531 3527 1594 faciem,

299 1607 354 1652 et
381 1613 572 1669 preces
591 1601 873 1681 posuisset
899 1616 1064 1672 supra
1095 1601 1330 1663 thecam,
1359 1604 1496 1658 dixit
1533 1622 1547 1658 ε
1577 1602 1685 1659 Deo
1713 1605 1875 1672 (ligne
1903 1613 2090 1661 sancte
2116 1602 2404 1673 Epiphani,
2426 1604 2633 1674 expelle
2659 1621 2689 1657 a
2724 1619 2811 1659 me
2851 1603 3148 1672 malignum
3173 1601 3444 1670 spiritum,
3466 1609 3530 1654 et

302 1675 434 1723 tunc
459 1683 488 1721 a
562 1684 696 1723 riam
733 1668 872 1724 batte
903 1667 1189 1724 formatam
1214 1674 1539 1742 scripturam
1563 1687 1687 1727 cnm
1725 1688 1917 1744 magna
1949 1674 2246 1742 gratiarum
2277 1674 2509 1729 actione.
2544 1673 2848 1743 Statimque
2871 1672 3003 1725 exiit
3032 1672 3344 1726 innnundus
3370 1670 3532 1740 spiri-

286 1747 389 1793 ·tus
416 1751 448 1793 a
531 1738 733 1793 aximo.
759 1739 1025 1809 uanoque
1056 1737 1324 1808 patefacta
1357 1741 1458 1796 suit
1485 1743 1753 1813 scriptura
1783 1743 2015 1798 l'otntata
2047 1745 2101 1799 in
2125 1743 2249 1798 loco
2277 1744 2514 1813 pul-lico,
2541 1754 2593 1797 et
2622 1758 2812 1798 omncs
2853 1750 3132 1810 propterea
3176 1755 3370 1810 magna
3405 1748 3533 1794 sunt

298 1805 476 1862 attecu
507 1806 710 1862 letitia.
742 1807 1013 1864 Formam
1038 1817 1219 1864 auto-m
1247 1811 1530 1881 scripturae
1568 1813 1677 1866 vim
1722 1813 1903 1867 insero
1950 1815 2002 1867 in
2047 1828 2166 1869 mea
2196 1813 2448 1882 epistola,
2478 1829 2641 1883 qnam
2673 1814 2738 1868 ad
2771 1819 3005 1866 vestram
3048 1810 3206 1863 mitto
3231 1813 3480 1878 pietatem
3514 1826 3529 1862 ε

298 1891 422 1947 quae
462 1876 517 1930 in
549 1893 707 1932 vctsu
742 1877 981 1934 seeundo
1007 1879 1086 1935 sic
1111 1880 1369 1936 oentiuct.
1415 1881 1506 1937 Sic
1537 1882 1681 1936 etiint
1711 1882 1843 1935 dicit
1877 1883 2175 1951 imperator
2206 1884 2475 1939 Arcadius
2507 1885 2574 1937 de
2608 1892 2795 1937 sancto
2841 1879 2999 1934 Pan-e
3034 1897 3048 1934 z
3077 1879 3236 1944 Eum,
3272 1881 3364 1949 qui
3400 1879 3535 1932 visit

297 1960 464 2014 supra
488 1957 625 2002 nost·
640 1963 701 2001 as
729 1946 891 2017 legi-s,
921 1948 1177 2002 nolunins
1203 1949 1387 2014 iacere
1413 1951 1796 2006 ionvenienter
1837 1953 2039 2006 nostris
2088 1952 2318 2021 legibus.
2353 1951 2489 2007 Ecce
2520 1969 2671 2022 ergo,
2700 1970 2734 2005 n
2762 1959 2946 2005 sancte
2987 1947 3145 2002 Pater
3168 1946 3375 2020 Polybi,
3411 1948 3534 2002 uni-

296 2029 507 2070 versam
543 2016 1010 2087 consequentiam,
1040 2031 1163 2087 quae
1188 2015 1291 2073 luit
1325 2027 1434 2073 tam
1465 2020 1644 2075 verbis·
1672 2035 1834 2089 quiam
1873 2019 2049 2082 iactis,
2087 2022 2313 2090 exposui
2351 2033 2543 2076 vestroe
2575 2022 2715 2091 apnd
2747 2020 2915 2075 Deinn
2952 2019 3228 2073 honorata:
3252 2028 3306 2073 et
3331 2026 3534 2071 sancite

294 2086 493 2165 auium
519 2100 616 2154 per
641 2085 869 2150 litteras,
898 2101 1018 2154 qua
1044 2102 1074 2141 a
1104 2087 1261 2143 nobis
1291 2089 1473 2144 missae
1499 2099 1626 2145 snm
1657 2105 1751 2158 per
1777 2095 2144 2145 venerantium
2177 2090 2465 2144 diaconum
2495 2090 2802 2160 Calippnm.
2829 2087 2977 2142 Habe
3005 2098 3183 2142 autent
3218 2096 3532 2158 perpetuant

297 2169 403 2210 met
436 2157 753 2210 memoriam
790 2155 843 2209 in
875 2156 984 2212 tuis
1009 2155 1074 2209 ad
1101 2154 1272 2211 Deum
1301 2157 1661 2224 orationibus,
1695 2168 1882 2213 sancte
1916 2158 2098 2216 Pater.
2132 2158 2308 2213 Tuum
2353 2175 2482 2215 vero
2506 2171 2755 2215 sanctuni
2789 2161 2991 2215 clerum
3041 2173 3161 2212 tneo
3191 2159 3412 2214 nomine
3443 2170 3536 2210 sa-

292 2220 467 2279 lutare
493 2224 804 2314 pignerism
829 2224 991 2296 digne
1012 2226 1342 2295 sacerdotio,
1357 2237 1546 2285 sancte
1572 2224 1753 2282 Pater.
1771 2224 1877 2281 Ora
1904 2242 2004 2297 pro
2030 2245 2135 2294 nte,
2164 2244 2198 2284 o
2224 2229 2306 2284 vir
2333 2229 2566 2284 maxime
2586 2227 2719 2302 pie.]

955 2487 1452 2647 ACTA
1590 2484 1748 2644 s,
1873 2491 2851 2652 EPIPHANII

1276 2751 1604 2813 suc-rotis
1638 2756 1705 2810 n.
1737 2757 1800 2814 Ρ.
1846 2759 2006 2817 nm.
2039 2722 2539 2821 bsmsnoctno.

939 2914 1079 2976 (Atta
1102 2921 1379 2967 :mauram
1400 2914 1661 2976 cottana„
1679 2916 1793 2969 κου
1837 2925 1956 2970 tom.
1980 2912 2068 2994 tit,
2091 2919 2175 2969 dte
2199 2919 2273 2979 12,
2295 2932 2345 2980 p.
2366 2918 2444 2968 ss.
2473 2919 2716 2977 Venetus,
2738 2917 2894 2978 1758.)

793 3169 1028 3229 CAPUT
1054 3170 1356 3249 PRffllffl-
1887 3185 2119 3245 Αμῑφα
2179 3166 2489 3239 appellant)
2563 3166 2709 3237 quod
2777 3164 2908 3219 olim
2972 3165 3361 3236 patriarchium
3411 3165 3540 3222 luit.

291 3283 480 3342 cium
513 3283 654 3355 opud
696 3281 908 3339 Groecos
947 3292 999 3337 et
1037 3282 1283 3339 Latinos.
1325 3281 1449 3338 Vita
1485 3284 1581 3339 aab
1619 3286 1870 3342 ementito

594 3354 978 3422 discipulorum
1009 3353 1219 3407 nomine
1245 3353 1555 3424 compilato.

369 3445 423 3500 l.
459 3442 700 3500 Salamis
738 3443 898 3515 Cypri
949 3441 1097 3513 (nam
1144 3443 1249 3497 alia
1293 3442 1457 3513 buius
1503 3445 1740 3502 nominis
1783 3455 1869 3502 est

292 3534 470 3592 insula
494 3544 548 3592 et
578 3535 715 3593 urbs
745 3536 893 3591 circa
935 3532 1197 3606 Atticam)
1233 3533 1555 3592 Constantia
1585 3535 1872 3593 dicebatur

296 3624 610 3701 ”ieronymi
646 3634 824 3693 aetate,
875 3634 934 3681 ut
977 3625 1055 3681 ait
1098 3625 1217 3695 ipsc
1259 3625 1312 3680 in
1367 3614 1632 3695 epitaphio
1679 3623 1911 3682 Pauloe·

292 3720 455 3792 epist.
499 3719 593 3775 rt.
631 3717 788 3774 Nunc
830 3726 1125 3786 utrumque
1168 3730 1371 3772 nornen
1398 3716 1581 3781 desiit,
1630 3727 1688 3772 et
1727 3717 1870 3772 dun·

294 3821 447 3878 taxat
469 3808 793 3881 oppidulum
819 3806 934 3863 fere
956 3806 1203 3864 dirutum
1229 3813 1499 3877 superest,
1535 3807 1682 3877 quod
1709 3806 1870 3864 Veto-

291 3920 408 3961 rem
436 3899 828 3970 ramaguuam
859 3908 1059 3955 vocant
1087 3898 1303 3962 incolae,
1332 3908 1624 3970 postquam
1655 3914 1722 3956 es
1745 3899 1868 3971 elus

294 3993 472 4049 ruinis
504 4006 647 4047 nova
692 3989 952 4056 surrexit,
987 4003 1111 4059 quai
1142 3987 1323 4044 adhuc
1363 3989 1512 4060 regia
1543 3997 1646 4054 est,
1684 4003 1856 4059 regno

291 4085 420 4140 lieet
469 4082 742 4138 exstineto
788 4079 893 4134 sub
937 4077 1236 4133 'furcarum
1293 4077 1600 4148 tyrannide.
1655 4076 1858 4132 Eadem

296 4171 619 4244 metropolis
672 4169 866 4226 iusulae
892 4168 1062 4224 totius
1117 4167 1243 4232 luit,
1296 4178 1351 4222 et
1405 4167 1608 4222 saecnlo
1658 4166 1863 4222 Christi

293 4275 491 4336 quarto
514 4263 834 4334 episcopum
878 4261 1068 4317 babuit
1117 4278 1137 4311 ι
1175 4256 1238 4316 S.
1274 4258 1661 4329 Epiphanium,
1688 4275 1853 4330 quem

295 4374 406 4416 uon
449 4357 625 4414 solum
664 4356 791 4412 vitae
827 4354 1175 4410 conversatio
1220 4352 1490 4408 illustrem
1526 4353 1597 4408 oh
1634 4354 1864 4409 virtutes

293 4448 559 4515 reddidlt;
602 4462 796 4503 rernm
832 4444 998 4501 etiam
1051 4443 1342 4509 miracula,
1393 4460 1518 4516 qnae
1565 4443 1730 4512 Deus,
1766 4446 1868 4501 ho·

2043 3261 2100 3315 2.
2138 3256 2359 3314 Etenim
2399 3256 2565 3311 etiam
2604 3254 3229 3325 Constantinopolitana
3258 3255 3539 3323 Ecctesioe,

1976 3366 2130 3422 aeque
2177 3363 2243 3404 ac
2281 3347 2382 3403 toti
2424 3345 2633 3401 Orienti
2666 3345 2769 3398 suit
2811 3346 2862 3399 in
2912 3345 3147 3399 maxima
3193 3346 3541 3401 veneratione

1973 3441 2345 3514 Epiphanius3
2387 3438 2546 3509 cujus
2602 3438 2824 3510 synaxis
2869 3437 2963 3507 (nt
2997 3437 3198 3492 babent
3237 3437 3442 3494 Mettaea
3473 3437 3539 3493 ad

1974 3532 2124 3587 hunc
2152 3529 2221 3586 Β
2252 3528 2418 3600 Maii)
2454 3527 2509 3583 in
2539 3529 2688 3599 regia
2732 3527 2821 3582 illa
2862 3527 2993 3582 urbe
3024 3546 3044 3580 r
3080 3527 3457 3584 celebrabatur
3485 3528 3541 3585 iu

1973 3620 2319 3681 sanctissima
2342 3619 2465 3690 ejus
2488 3616 2602 3672 aetle
2632 3635 2652 3669 s
2692 3632 2786 3672 sen
2812 3615 3046 3681 sacello,
3082 3633 3101 3665 ι
3138 3630 3262 3686 qua
3285 3624 3372 3672 cst
3396 3615 3541 3675 intra

1972 3709 2231 3780 templum
2282 3708 2468 3764 Sancti
2521 3705 2882 3772 Philemonis,
2936 3724 2957 3758 ι
3006 3708 3185 3776 quod,
3222 3706 3434 3764 Codino
3486 3708 3542 3764 ia

1973 3799 2283 3872 Oriqinittus
2326 3797 2932 3868 constantinopolitanis
2985 3804 3294 3862 attestante,
3351 3815 3372 3850 r
3432 3795 3539 3852 Eu-

1970 3892 2169 3950 doxius
2221 3891 2569 3948 Constantini
2618 3889 2799 3960 Magni
2847 3889 3112 3961 patricius
3151 3899 3207 3943 et
3252 3888 3539 3960 praelectus

1969 3982 2236 4041 condidit.
2274 4002 2296 4035 ι
2333 3982 2544 4038 Colitur
2574 3990 2755 4038 autem
2785 3980 2861 4035 ibi
2884 3991 2932 4034 et
2956 3978 3084 4034 alibi
3112 3978 3169 4035 S.
3203 3977 3538 4049 Epiphanius

1970 4074 2201 4128 solemni
2240 4074 2408 4129 totius
2430 4073 2537 4128 diei
2571 4070 2781 4137 Olllcio,
2832 4072 3112 4129 communi
3152 4074 3371 4145 quidem
3413 4087 3537 4132 cum

1972 4159 2031 4216 S.
2082 4161 2356 4216 Germano
2400 4161 2711 4230 patriarcba
2749 4161 3393 4235 Cottstaittinopolitan03
3444 4164 3540 4223 sed

1971 4253 2345 4324 principaliori
2371 4251 2493 4308 loco
2519 4271 2534 4307 ε
2562 4252 2839 4324 quomodo
2864 4254 3028 4309 etiam
3063 4264 3285 4312 notatur
3317 4257 3373 4312 iu
3408 4257 3543 4329 ligo·

1971 4346 2108 4402 ratis
2130 4344 2513 4401 Rutbenorum
2557 4362 2652 4402 sen
2688 4344 2998 4403 Moscorum
3041 4348 3404 4408 Kalendariis.
3435 4350 3540 4407 So-

1972 4439 2085 4494 lum
2118 4447 2297 4493 autem
2329 4438 2481 4493 illum
2507 4447 2716 4510 spectat
2740 4454 2920 4495 canon
2954 4456 3132 4510 sacer,
3158 4442 3263 4500 boc
3282 4442 3373 4501 die
3402 4460 3542 4518 prae-

295 4556 429 4596 nore
452 4539 607 4596 illum
638 4536 850 4594 allicere
875 4535 1086 4601 volens,
1118 4536 1239 4606 ipso
1285 4536 1466 4593 adbuc
1497 4537 1789 4606 superstite
1813 4548 1869 4595 et
1898 4538 1941 4595 Β
1969 4528 2206 4600 scriptus
2240 4530 2344 4585 snb
2374 4529 2476 4585 bae
2505 4528 2900 4587 acrostichide:

295 4639 418 4701 post
441 4629 650 4685 obitum
681 4627 804 4698 ejus
830 4625 1020 4684 edidit.
1057 4623 1279 4682 Mortuo
1305 4628 1451 4681 enim
1477 4627 1594 4691 illo,
1629 4627 1680 4683 id
1713 4629 1862 4699 qtiod

294 4720 499 4776 viventi
531 4734 642 4775 non
663 4717 983 4785 contigerat,
1011 4717 1079 4772 ad
1100 4717 1416 4786 sepulcrum
1443 4717 1564 4787 ejus
1587 4718 1864 4774 ‹laemones

293 4811 596 4867 etiamnum
646 4807 848 4878 rugari,
904 4817 955 4862 et
987 4807 1161 4862 morbi
1205 4805 1427 4878 quidam
1458 4807 1640 4862 curari
1667 4808 1862 4864 dicun·

2107 4619 2429 4690 Ἐπιφανίου
2463 4621 2527 4675 τὸ
2555 4621 2717 4687 κῦδος
2744 4621 2948 4694 ἔπλησε
2980 4623 3168 4695 χθόνα.

2110 4712 2331 4768 Terram
2366 4713 2576 4781 replevit
2604 4711 2890 4784 Epiphanii
2922 4715 3102 4769 decus.

1969 4804 2133 4863 Solus
2154 4803 2318 4860 etiam
2353 4802 2443 4858 hic
2464 4802 2521 4858 in
2553 4803 2914 4874 pretneride
2938 4804 3163 4860 metrica
3190 4806 3537 4875 nominatur,

295 4914 404 4958 tor.
461 4921 484 4954 ι
515 4901 596 4956 lta
634 4900 733 4957 lib.
785 4914 839 4953 vt
877 4894 1025 4953 Birt.
1064 4898 1274 4964 eccles„
1317 4915 1440 4969 cap.
1479 4898 1570 4965 27,
1615 4898 1866 4957 Hermias
1963 4897 2259 4966 etquidem
2298 4905 2559 4964 tanquam
2589 4898 2691 4951 hac
2710 4895 2800 4950 die
2822 4906 3111 4951 mortuus:

296 4995 661 5056 Summanus,
704 4991 826 5061 ipso
862 4990 1023 5060 cajus
1055 4989 1324 5060 principio
1357 4990 1448 5045 ille
1479 4991 1618 5045 obiit
1657 4991 1863 5047 saeculo

294 5085 488 5155 quinto
507 5083 730 5139 florens.
762 5079 900 5137 ilinc
939 5079 1167 5148 lactum,
1199 5083 1341 5138 sicut
1369 5083 1613 5156 synodus
1640 5083 1861 5139 Nicaena

297 5191 335 5230 n
373 5173 572 5231 saeculo
623 5172 829 5230 Christi
874 5186 1070 5229 octavu
1113 5172 1408 5242 celebrata,
1457 5182 1562 5228 act.
1611 5174 1645 5228 6
1681 5171 1861 5241 docet,

294 5264 441 5336 quud
473 5280 494 5316 ι
531 5260 792 5333 ιοὲημιιιη
812 5263 1203 5319 dedicaverunt
1238 5262 1291 5316 in
1328 5261 1655 5335 Cypriorum
1680 5263 1861 5319 insula

292 5356 415 5425 ejus
450 5351 726 5422 discipuli,
775 5359 1154 5421 ntincupantes
1196 5347 1332 5403 illud
1379 5349 1622 5418 ejusdem
1679 5346 1860 5406 Patris

294 5445 587 5508 vocabulo,
616 5451 670 5498 et
713 5454 838 5498 cum
883 5441 1072 5496 multis
1115 5439 1240 5496 aliis
1274 5438 1594 5495 titularibus
1627 5439 1861 5511 picturis

294 5535 590 5606 imaginem
620 5533 743 5602 eius
783 5532 839 5586 in
875 5530 995 5602 ipso
1031 5529 1390 5594 collocarunt,
1430 5548 1453 5583 a
1493 5530 1711 5602 qualem
1745 5532 1858 5586 sci·

294 5626 421 5682 licet
460 5624 643 5679 videre
680 5622 808 5678 licet
852 5630 978 5676 ante
1027 5636 1215 5691 opera,
1254 5619 1478 5679 Petavio
1527 5635 1714 5679 nostro
1756 5639 1857 5680 eu·

294 5723 450 5773 rante
495 5714 641 5770 edita
689 5732 710 5767 ι
765 5727 830 5768 ex
880 5721 1193 5784 pervetusto
1244 5712 1480 5784 quodam
1541 5716 1860 5786 exemplari,

294 5804 438 5870 ⁴ruod
482 5810 661 5860 exstat
729 5801 786 5858 in
866 5798 1473 5875 Constantinopolitano
1546 5805 1864 5873 antiquissi-

295 5910 389 5954 mo
445 5895 798 5963 monasterio,
858 5891 991 5950 Sula
1051 5893 1196 5950 dicto
1245 5894 1447 5968 (vulgo
1485 5894 1558 5951 τὰ
1598 5895 1668 5962 ἐξ
1718 5897 1865 5968 μάρ-

2036 4989 2116 5060 Τῇ
2149 4986 2243 5042 δύο
2263 4987 2360 5041 καὶ
2379 4985 2583 5060 δεκάτῃ
2602 4986 2923 5055 Ἔπιφάνιον
2956 4986 3122 5060 μόρος
3146 4981 3311 5046 εἶλεν.

2039 5075 2210 5133 State
2238 5075 2325 5131 lea:
2353 5076 2537 5130 mortis
2567 5075 2807 5130 duodeno
2842 5073 3176 5147 Epiphanion
3196 5079 3394 5148 aufert.
3575 5137 3579 5140 Α

1966 5169 2127 5226 Certe
2160 5168 2245 5224 vel
2275 5178 2403 5224 tunc
2429 5167 2542 5221 l'ato
2574 5182 2677 5223 suo
2710 5162 2933 5224 tuticus
2965 5176 3070 5232 est,
3111 5170 3196 5224 vel
3226 5170 3281 5225 in
3313 5188 3415 5227 sua
3442 5142 3566 5254 οιιυ,ρ

1967 5261 2133 5317 clesia
2170 5269 2295 5330 post
2324 5268 2554 5314 mortem
2589 5260 2858 5329 sepultus,
2914 5260 3057 5314 baud
3095 5258 3189 5315 diu
3243 5271 3536 5333 antequam

1969 5350 2030 5406 S.
2055 5349 2296 5405 loannes
2328 5347 2779 5420 chrysostomus,
2809 5349 2877 5405 de
2912 5364 3021 5420 quo
3055 5350 3220 5418 inira,
3255 5368 3286 5408 a
3324 5355 3535 5426 syuodo

1968 5443 2037 5500 ad
2071 5440 2345 5508 Quercum
2383 5441 2768 5512 deponeretur,
2800 5442 2947 5513 quod
2998 5440 3199 5499 lactum
3234 5460 3360 5502 esse
3386 5446 3535 5504 circa

1966 5547 2211 5590 mensem
2242 5530 2448 5588 lulium
2481 5532 2611 5588 anni
2634 5531 2741 5587 403
2760 5546 2826 5586 ex
2858 5530 3125 5598 Palladio,
3154 5534 3535 5607 Chrysostomi

1966 5632 2124 5681 actus
2156 5623 2452 5686 scribente,
2492 5632 2728 5678 constat.

2038 5715 2092 5772 5.
2125 5711 2342 5772 Graecos
2372 5713 2484 5770 cito
2510 5713 2705 5770 imitati
2731 5721 2862 5770 sunt
2892 5713 3092 5777 Latini,
3117 5730 3353 5787 quorum
3390 5718 3538 5774 anti·

1969 5806 2271 5878 quissimus
2303 5805 2445 5861 Beda
2480 5805 2533 5862 in
2565 5818 2667 5861 suo
2686 5806 2833 5876 quod
2872 5821 2935 5860 ex
2963 5817 3088 5862 octo
3117 5821 3251 5864 mss.
3282 5807 3537 5864 dedimus
3615 5853 3620 5857 .

1972 5898 2211 5971 genuino
2280 5896 2664 5970 Martyroioqio
2683 5939 2701 5966 ,
2766 5907 2888 5970 post
2953 5899 3536 5959 commemorationem
