3850 6517
255 399 349 456 {Sl

959 405 1332 466 ADVERSUS
1371 407 1715 483 ttAEttESEs
1752 409 1880 465 [ΑΒ.
1920 410 1961 464 Ι.
2009 410 2178 470 Tou.
2211 412 2250 467 l.
2292 441 2359 454 -·
2402 412 2679 472 llAERES.
2722 416 2864 470 l-tv.

3403 423 3501 480 {132

249 520 508 592 Ἕλλην,
532 525 642 579 οὐκ
680 524 1009 598 Ἰουδαῖος),
1032 528 1406 603 βαρὸαρισμὺς
1432 531 1554 585 τότε
1583 532 1827 584 ἐκαλεῖτο
1859 537 1900 592 Α
1934 532 2389 603 appellationibus
2422 549 2555 589 usus
2583 545 2667 590 cst
2705 536 3002 606 Apostolus
3043 551 3168 592 cunt
3198 537 3273 593 ita
3321 541 3502 612 loqui-

248 611 306 665 ἐν
337 614 457 677 ταῖς
483 612 616 669 δέκα
642 618 859 683 γενεαῖς
888 608 981 670 τοῦ
1015 619 1205 688 χρόνου
1239 619 1299 672 τὸ
1336 617 1641 691 ἐπώνυμον.
1669 617 1826 674 Μετὰ

248 703 306 758 δὲ
325 705 413 758 τὸν
437 707 818 780 κατακλυσμὸν
845 709 1143 780 ἐπιστάσης
1166 710 1261 781 τῆς
1290 709 1557 782 λάρνακος
1580 711 1674 765 τοῦ
1702 713 1826 766 Νῶε

248 797 308 851 ὲν
338 798 451 860 τοῖς
483 796 634 869 ὄρεσι
658 799 769 862 τοϊς
814 798 1052 872 Ἀραράτ
1083 799 1180 872 (9),
1199 799 1300 855 άνὰ
1321 801 1486 874 μέσον
1528 804 1826 876 Ἀρμενίων

246 886 344 940 καὶ
376 887 670 959 Καρδυέων
691 887 866 960 ἐντῶ
887 890 1107 962 Λουὸὰρ
1132 891 1248 964 ὄρει
1283 892 1619 965 καλουμένῳ,
1648 898 1825 949 ἐκεῖσε

248 977 466 1051 πρῶτον
506 980 845 1051 κατοίκησις-
877 982 1085 1051 γίνεται
1125 983 1262 1054 μετὰ
1301 984 1391 1038 τὸν
1443 978 1826 1058 κατακλυσμὸν

246 1070 354 1124 τῶν
378 1069 699 1143 ἀνθρώπων.
724 1073 904 1126 Κάκεί
928 1074 1147 1143 φυτεύει
1169 1075 1617 1147 ἀμπελῶναΝῶε
1645 1079 1828 1150 δ-προ-

248 1164 447 1234 φήτης.
487 1164 733 1235 οἰκιστής
783 1182 844 1218 τε
872 1165 1082 1234 γίνεται
1110 1165 1203 1220 τοῦ
1241 1167 1429 1221 τόπου.
1484 1167 1728 1224 Γίνονται
1770 1169 1827 1224 δὲ

248 1256 360 1317 τοῖς
386 1251 550 1306 αὑτοῦ
582 1254 769 1308 παισὶν
817 1243 1043 1327 (οὐγὰρ
1087 1256 1165 1310 ἔτι
1212 1257 1374 1311 αὐτὸν
1420 1258 1674 1329 ἐμφαίνει
1711 1258 1829 1334 [tu]

251 1345 654 1426 γεγεννηκέναι)
716 1347 903 1410 παῖδες
942 1347 1034 1401 καὶ
1077 1349 1280 1403 παίδων
1303 1351 1512 1416 παῖδες,
1551 1353 1655 1416 ἕως
1686 1354 1828 1426 πέμ-

252 1450 391 1506 πτης
411 1435 603 1504 γενεᾶς
630 1434 765 1488 ἐτῶν
789 1434 1087 1501 ἑξακοσίων
1112 1441 1628 1510 πεντηκονταεννέα,
1655 1442 1828 1514 πάρεξ

251 1524 343 1579 τοῦ
377 1526 513 1597 Σήμ.
542 1526 678 1579 Κατ’
705 1526 1023 1580 ἀκολουθίαν
1039 1529 1094 1582 δὲ
1125 1529 1218 1583 τοῦ
1247 1529 1427 1600 λόγου,
1455 1532 1629 1604 ἔξειμι
1662 1534 1704 1566 ¹¹
1731 1535 1829 1606 τὴν

251 1614 601 1683 γενεαλογίαν
660 1614 755 1668 τοῦ
800 1615 918 1679 ἐνὸς
962 1615 1098 1670 υἰοῦ.
1146 1617 1266 1689 Σὴμ
1313 1621 1489 1673 τοίνυν
1539 1625 1704 1696 γεννᾷ
1742 1625 1830 1678 τὸν

265 1701 555 1776 Ἀρφαξάδ,
621 1705 896 1776 Ἀρφαξάδ
946 1705 1037 1759 τὸν
1077 1709 1260 1777 Κηνᾶ,
1317 1710 1475 1781 Κηνᾶ
1517 1712 1608 1766 τὸν
1666 1713 1830 1779 Σαλᾶ,

257 1794 397 1850 Σαλᾶ
436 1794 543 1850 τὸν.
581 1795 770 1869 Ἐᾶερ,
815 1796 1019 1869 εὐλαὸῆ
1063 1801 1157 1853 καὶ
1209 1800 1467 1874 θεοσεδῆ·
1510 1804 1676 1875 ”Ε6ερ
1739 1805 1830 1859 τὸν

252 1885 445 1940 Φαλέκ.

323 2065 402 2120 Est·
445 2066 733 2121 Καί·οῠδὲν
780 2063 849 2139 ἦν
886 2068 976 2122 ἐπὶ
1026 2068 1142 2140 τῆς.
1168 2070 1292 2142 γῆς,
1341 2070 1438 2142 οὐχ
1486 2071 1714 2144 αἵρεσις,
1768 2073 1828 2125 οὗ

259 2158 447 2230 γνώμη
482 2159 642 2233 ἑτέρα
666 2159 761 2213 καὶ
798 2160 978 2231 ἑτέρα,
1015 2159 1183 2233 ἀλλ’ἢ
1209 2161 1366 2231 μόνον
1393 2159 1669 2232 ἅνθρωποι
1703 2162 1832 2214 ἐκα-

178 2229 191 2236 ’
260 2245 466 2315 λοῦντο,
492 2249 610 2314 ἑνὸς
641 2249 852 2321 χείλους
880 2249 976 2303 καὶ
1006 2252 1134 2321 μιᾶς
1160 2250 1425 2322 γλώττης.
1454 2247 1565 2304 Ἤν
1584 2250 1640 2304 δὲ
1671 2249 1831 2322 μόνον

258 2340 476 2393 άσὲδεια
501 2341 593 2393 καὶ
619 2340 869 2395 etatem
895 2342 923 2394 ὁ
945 2341 1087 2394 κατά
1115 2341 1275 2411 φύσιν
1296 2341 1480 2413 νόμος,
1509 2342 1601 2395 καὶ
1627 2343 1661 2413 ὴ
1691 2340 1834 2394 κατὰ

261 2431 420 2500 φύσιν
461 2431 579 2495 ἑνὸς
611 2415 839 2486 ἑκάστου
882 2433 1200 2507 προαίρεσις
1244 2432 1336 2487 τοῦ
1376 2433 1700 2505 θελήματος,
1739 2433 1847 2487 καὶ.

266 2522 361 2574 οὐκ
386 2521 492 2574 ἀπὸ
517 2521 881 2584 διδασκαλίας,
902 2572 904 2576 ,
925 2521 1049 2576 οὔτε
1083 2522 1190 2575 ἀπὸ
1229 2522 1675 2594 συγγραμμάτων
1707 2539 1834 2591 συγ-

270 2611 518 2682 γραφέων
563 2611 773 2682 πλάνη·
817 2613 920 2664 οῠκ
955 2611 1305 2682 Ἰουδαῖσμὸς,
1360 2613 1460 2683 οὐχ
1499 2612 1709 2681 αἵρεσίς
1752 2629 1836 2676 τις

264 2702 445 2774 ἑτέρα,
466 2702 601 2766 ἀλλ’,
619 2702 694 2765 ὡς
710 2703 905 2767 εἰπεῖν,
936 2703 970 2773 ἡ
995 2701 1092 2755 νῦν
1108 2702 1287 2766 πίστις
1303 2702 1758 2775 ὲμπολιτευομένη
1779 2705 1835 2758 ὲν

262 2795 321 2864 τῇ
351 2794 473 2862 ἄρτι
500 2791 634 2864 ἁγίᾳ
650 2792 744 2847 τοῦ
766 2792 901 2847 Θεοῦ
916 2792 1173 2864 καθολικῇ
1218 2793 1529 2866 Ἐκκλησία,
1549 2794 1643 2847 ἀπ’
1667 2794 1838 2867 ἀρχῆς

259 2879 411 2948 οὖσα,
441 2884 536 2937 καὶ
559 2882 784 2960 ὕστερον
805 2884 967 2939 πάλιν
984 2884 1447 2954 άποκαλυφθεῖσα.
1473 2883 1564 2956 Τῷ
1585 2884 1694 2958 γάρ
1709 2884 1836 2956 βου-

260 2978 472 3052 λομένῳ
500 2976 807 3052 φιλαλήθως
852 2977 977 3032 ἰδεῖν
1008 2978 1151 3049 ἀρχὴ
1182 2977 1402 3033 πάντων
1430 2978 1579 3034 ἐστὶν
1607 2980 1642 3050 ἡ
1673 2977 1838 3034 καθο-

259 3069 380 3143 λικὴ
408 3069 497 3124 καί
515 3069 644 3141 ἁγία
683 3068 1071 3142 Ἐκκλησίαὲξ
1088 3068 1257 3126 αὐτοῦ
1280 3068 1375 3124 τοῦ
1402 3069 1636 3124 σκοποῦ.
1672 3068 1854 3140 Ἀδὰμ.

257 3162 365 3234 γὰρ
411 3162 835 3235 πρωτόπλαστος
888 3163 1232 3228 πέπλασται,
1280 3162 1382 3216 οὐκ
1434 3161 1805 3234 ὲμπερίτομος
1823 3201 1838 3225 ,

259 3252 373 3309 ἀλλ’
399 3255 746 3328 άκροόύστης
778 3256 877 3327 μὲν
916 3258 984 3327 τῇ
1012 3256 1197 3328 σαρκί·
1225 3253 1326 3309 οὐκ
1350 3253 1746 3327 εἰδωλολάτρης
1781 3252 1840 3306 δὲ
1868 3214 1914 3272 c

259 3342 347 3420 ἦν·
372 3349 464 3400 καὶ
476 3349 593 3419 ᾔδει
612 3349 837 3419 Πατέρα
853 3347 1006 3411 Θεὸν,
1027 3347 1121 3400 καὶ
1138 3347 1395 3410 Romami.
1408 3346 1562 3415 ἅγιον
1580 3343 1805 3414 Πνεῦμα
1824 3361 1838 3375 ·

262 3440 549 3512 προφήτης
578 3439 689 3509 γὰρ
719 3435 808 3507 ἦν.
832 3439 966 3492 ,Οὐκ
996 3438 1135 3508 ἔχων
1179 3438 1359 3492 τοίνυν
1391 3435 1713 3509 περιτομὴν,
1742 3436 1860 3490 οὐκ»

263 3525 332 3602 ἦν
371 3529 624 3590 Ἰουδαῖος
643 3544 658 3560 ·
693 3527 856 3594 ξόανα
881 3527 937 3580 δὲ
966 3529 1042 3600 μὴ
1071 3527 1391 3600 προσκυνῶν
1423 3527 1464 3598 ἢ
1489 3527 1619 3582 ἄλλο
1643 3545 1719 3592 τι,
1743 3525 1846 3580 οὐκ

266 3620 333 3697 ἢν
367 3621 778 3691 εἰδωλολάτρης.
809 3619 1100 3693 Προφήτης
1143 3619 1251 3692 γάρ
1279 3621 1309 3672 ὁ
1352 3618 1547 3689 Ἀδάμ,
1573 3620 1669 3672 καὶ
1704 3618 1847 3690 ᾔδει,

268 3718 351 3770 ὅτι
379 3713 624 3783 &Har-in>
652 3707 772 3764 εἷπε
817 3710 896 3782 τῷ
937 3710 1082 3781 Υίῷ·
1125 3709 1478 3779 Ποιήσωμεν
1509 3710 1843 3778 ἄνθρωπον.

269 3807 335 3860 Τί
368 3801 462 3858 οὖν
485 3800 553 3874 ἦν
588 3804 726 3874 μήτε
750 3803 1052 3875 περιτομὴν
1078 3801 1236 3871 ἔχων,
1263 3802 1397 3871 μήτε
1431 3800 1626 3854 εἴδωλα
1651 3800 1846 3864 σέδων,

272 3897 410 3953 ἀλλὰ
444 3895 539 3951 τοῦ
575 3892 1120 3967 Χριστιανισμοῦ,τδν
1146 3890 1471 3962 χαρακτῆρα
1501 3890 1847 3960 ὑποφαίνωνς

275 3990 432 4047 0³3⁹.oe
467 3989 562 4043 καὶ
595 3988 687 4040 ἐπὶ
709 3986 802 4039 τοῦ
842 3983 1026 4045 Ἅβελ,
1060 3983 1153 4038 καὶ
1189 3981 1282 4036 ἐπὶ
1311 3980 1409 4035 τοῦ
1456 3981 1588 4054 Σὴθ,
1621 3984 1713 4037 καὶ
1756 3984 1850 4039 ἐπὶ

279 4082 373 4136 τοῦ
409 4079 727 4147 Ἐνὼς,,καὶ
762 4078 854 4131 ἐπὶ
888 4075 982 4130 τοῦ
1027 4073 1215 4147 Ἑνὼχ,
1244 4074 1339 4128 καὶ
1367 4076 1460 4129 ἐπὶ
1488 4075 1583 4130 τοῦ
1631 4075 1851 4132 Μαθου-

284 4174 440 4240 σάλα,
473 4173 564 4227 καὶ
593 4172 686 4225 ἐπὶ
725 4168 819 4223 τοῦ
846 4166 990 4235 Νῶε,
1021 4168 1115 4223 καὶ
1138 4167 1233 4223 ἐπὶ
1258 4166 1352 4222 τοῦ
1376 4167 1567 4239 Ἔὸερ,
1601 4168 1851 4241 ἄχριτοῦ

294 4266 541 4340 Ἀδραάμ
577 4248 920 4336 διαληπτέον.
962 4262 1212 4333 Ἐνήργει
1256 4262 1314 4318 δὲ
1359 4262 1764 4337 τότεεύσέόειά
1792 4278 1853 4314 τε

280 4358 372 4412 καὶ
406 4355 649 4418 ὰσέὸεια,
694 4353 876 4415 πίστις
919 4350 1014 4405 καὶ
1060 4349 1286 4404 ἀπιστία
1305 4365 1319 4379 ·
1366 4350 1548 4413 πίστις
1605 4349 1705 4422 μὲν
1757 4350 1857 4402 ἐπ.-

278 4451 478 4521 έχουσα
495 4446 588 4502 τοῦ
604 4440 1042 4516 ,Χριστιανισμοῦ
1067 4441 1167 4514 τὴν
1194 4440 1398 4506 εἰκόνα,
1424 4424 1652 4496 ἀπιστία
1671 4440 1731 4494 δὲ
1754 4441 1855 4494 ὲπ-

281 4545 477 4614 έχουσα
496 4539 750 4603 ἀσεδείας
768 4537 859 4591 τὸν
874 4535 1196 4607 χαρακτῆρα
1208 4534 1304 4588 καὶ
1315 4532 1680 4606 παρανομίας,
1696 4535 1849 4587 ἐναν-

281 4637 372 4690 τία
392 4634 486 4688 τοῦ
515 4631 658 4687 κατὰ
688 4630 849 4701 φύσιν
879 4628 1066 4698 νόμου,
1104 4626 1207 4690 ἕως
1245 4624 1435 4679 τούτου
1465 4622 1560 4677 τοῦ
1588 4624 1849 4697 προδεδη.

1931 629 2019 676 tur
2051 640 2064 676 :
2093 620 2158 676 In
2189 620 2400 677 Clario-to
2428 621 2557 676 Jesu
2589 641 2750 694 neque
2784 627 3063 693 barbarus,
3096 646 3258 700 neque
3285 629 3505 703 Scytha,

1930 728 2090 782 neque
2113 710 2356 777 Graecus,
2377 729 2539 781 neque
2570 713 2795 770 Iudoeus
2827 729 2905 772 ert
2935 719 3022 790 ¹⁸),
3047 721 3265 777 illorum
3294 729 3508 794 tempo-

1932 817 2053 857 rum
2102 810 2316 868 status,
2370 803 2463 870 qui
2517 804 2622 859 sub
2666 805 2852 861 decem
2909 814 3347 880 generationibus
3380 814 3508 886 suit,

1929 893 2261 950 barbarismi
2300 908 2436 949 voce
2464 897 2883 965 cognominatus
2912 909 3017 954 est.
3065 901 3194 959 Post
3239 906 3502 963 diluvium

1930 999 2053 1040 cum
2089 984 2145 1039 in
2180 984 2397 1040 Ararati
2431 987 2739 1054 montibus,
2775 990 3086 1046 Armeniam
3120 993 3264 1051 inter
3286 1005 3342 1053 et
3372 997 3505 1055 Cat·-

1930 1075 2098 1146 dyeos
2129 1074 2184 1130 in
2210 1074 2426 1132 Lubare
2446 1076 2586 1133 colle
2603 1075 2792 1135 Noemi
2823 1093 2952 1135 arca
2981 1082 3323 1141 constitisset
3348 1088 3414 1153 ¹⁸,
3435 1089 3503 1145 il-

1927 1166 2000 1222 lic
2049 1165 2537 1236 prima-bominum
2596 1169 2901 1224 secundum
2945 1170 3210 1227 diluvium
3244 1173 3510 1233 habitatio

1931 1256 2053 1313 fuit.
2101 1255 2417 1329 ibidemque
2445 1258 2685 1331 Noemtts
2737 1261 2997 1332 propbeta
3047 1265 3209 1320 vitem
3242 1267 3508 1332 consevit,

1929 1363 1991 1404 ac
2010 1348 2343 1405 domicilium
2369 1351 2678 1407 constituit.
2719 1352 2894 1426 Cujus
2926 1354 3119 1411 liberis
3167 1357 3337 1427 (ltunc
3364 1357 3509 1415 enim

1930 1440 2108 1511 ipsum
2135 1454 2398 1510 generare
2424 1440 2656 1499 desiisse
2688 1458 2863 1500 sacrae
2910 1444 3134 1502 Litterae
3163 1447 3509 1519 significant)

1933 1531 2025 1585 lilii
2084 1545 2149 1586 ac
2187 1540 2413 1601 nepotes
2460 1531 2527 1586 ad
2586 1534 2834 1604 quintam
2882 1552 3056 1610 usque
3105 1541 3511 1609 generationem

1934 1617 2045 1698 nati
2092 1627 2242 1682 sunt,
2278 1619 2346 1673 ad
2400 1634 2578 1676 annos
2617 1622 2829 1679 scilicet
2863 1624 3001 1690 669,
3034 1635 3230 1697 praeter
3268 1627 3511 1686 Setuutn.

1932 1709 2102 1778 Cujus
2150 1709 2315 1765 unius
2361 1711 2573 1781 prolem
2631 1712 2897 1785 deinceps
2943 1718 3511 1776 commemorabimus.

1935 1799 2102 1871 igitur
2150 1799 2346 1858 Semus
2390 1801 2776 1873 Arpltaxadutn
2826 1807 3048 1878 genuit;
3110 1809 3213 1867 iste
3263 1810 3513 1877 Cainam,

1863 1886 1910 1940 tt
1934 1891 2135 1947 Cainas
2172 1889 2391 1960 Salam;
2427 1891 2583 1950 Salas
2618 1893 2879 1964 Eberum,
2917 1899 3066 1967 pium
3113 1899 3291 1956 virum
3325 1915 3389 1957 ac
3418 1899 3511 1958 Dei

1934 1983 2235 2049 cultorem;
2264 1982 2355 2038 bic
2388 1983 2699 2040 Pltalerunt.
3067 2049 3076 2059 ,

2008 2071 2070 2129 V.
2104 2072 2261 2129 Nulla
2286 2090 2383 2146 per
2413 2076 2472 2131 id
2500 2085 2715 2148 tempus
2743 2079 2798 2134 in
2834 2080 2998 2136 terris
3027 2080 3285 2150 baeresis3
3306 2084 3517 2156 opinio-

1936 2179 2066 2218 num
2114 2165 2261 2218 nulla
2294 2164 2610 2234 dissensi03
2649 2181 2779 2222 cum
2829 2169 3069 2226 universi
3107 2171 3224 2226 sola
3280 2172 3520 2230 bominis

1937 2255 2296 2326 appellatione
2317 2266 2677 2314 censerentur
2701 2275 2719 2326 ς
2750 2259 2895 2314 labio
2921 2274 3055 2326 uno,
3083 2277 3304 2334 unaque
3333 2263 3518 2336 lingua

1939 2347 2171 2419 praediti.
2205 2347 2387 2406 Pictas
2408 2364 2575 2421 porro
2599 2360 2766 2422 atque
2794 2352 3050 2424 impietas
3079 2355 3195 2409 sola
3222 2363 3343 2411 erat
3364 2364 3520 2413 natu·

1937 2454 2014 2496 ια».
2043 2439 2181 2512 lege,
2214 2448 2314 2496 aut·
2336 2442 2772 2515 uniuscujusque
2804 2443 2871 2499 ad
2920 2451 3174 2500 naturam
3207 2460 3520 2503 accommo-

1937 2531 2064 2587 data
2092 2531 2375 2588 voluntate
2424 2531 2672 2596 delinita.
2708 2533 2944 2591 necdum
2987 2550 3146 2592 error
3195 2543 3517 2607 emerserat,

1938 2620 2054 2677 sive
2083 2620 2374 2692 disciplina
2406 2631 2760 2695 comparatus
2781 2665 2797 2689 ,
2838 2624 2954 2681 sive
2985 2614 3334 2685 monimentis
3380 2628 3515 2685 scri-

1939 2720 2157 2784 ptorum
2198 2713 2457 2770 traditus.
2490 2712 2678 2785 Neque
2729 2715 2897 2786 igitur
2928 2715 3285 2784 ludaistnus‚
3339 2735 3520 2792 neque

1942 2805 2047 2859 alia
2075 2805 2185 2859 ulla
2226 2815 2377 2860 secta
2410 2802 2689 2877 prodierat
2728 2825 2742 2860 ε
2774 2807 2893 2871 sed,
2951 2815 3013 2862 ut
3059 2808 3135 2862 ita
3174 2807 3391 2874 dicam,
3427 2810 3522 2866 illa

1939 2892 2139 2950 eadent
2167 2891 2468 2957 obtinebat,
2514 2907 2635 2963 quae
2665 2892 2827 2949 ltodie
2847 2895 2905 2966 6
2938 2895 2990 2950 in
3041 2904 3233 2952 sancta
3288 2896 3383 2952 Dei
3411 2896 3521 2954 Ec·

1942 2982 2108 3038 clesia
2147 2996 2212 3037 ac
2244 2980 2515 3037 catholica
2551 2990 2874 3052 perseverat
2915 2981 3085 3048 lldcs,
3136 2998 3260 3055 quae
3286 2998 3410 3039 cum
3452 2983 3524 3039 ab

1944 3071 2080 3143 ipsis
2102 3085 2288 3126 rerum
2322 3069 2640 3142 primordiis
2670 3069 2958 3140 viguisset,
2988 3086 3190 3129 rursus
3218 3079 3305 3128 est
3332 3081 3522 3144 postca

1946 3161 2235 3236 patefacta.
2265 3159 2483 3219 Etenim
2520 3163 2568 3218 si
2603 3161 2729 3233 quis
2757 3164 2864 3218 ista
2895 3164 3014 3220 solo
3050 3164 3298 3220 veritatis
3337 3163 3524 3221 studio

1946 3253 2220 3325 impulsus
2266 3253 2394 3308 velit
2429 3253 2737 3324 expendere
2758 3292 2775 3320 ,
2809 3269 2920 3311 non
2951 3253 3224 3310 dubitabit
3270 3245 3548 3311 sanctam·

1945 3353 2109 3416 atque
2127 3342 2450 3400 catholicam
2478 3340 2781 3399 Ecclesiam
2816 3343 3047 3415 primam
3081 3343 3326 3399 omnium
3353 3342 3523 3401 exsti·

1945 3437 2100 3503 tisse,
2125 3434 2422 3491 dummodo
2458 3449 2688 3506 scopum
2741 3434 2922 3507 ipsum
2966 3433 3303 3492 consideret.
3349 3433 3525 3492 Adam

1945 3527 2089 3583 enim
2118 3525 2398 3581 bominum
2450 3523 2705 3596 princeps
2755 3538 2788 3579 a
2821 3523 2933 3580 Deo
2966 3523 3255 3590 conditus,
3272 3538 3385 3581 non
3415 3522 3523 3579 cir·

1947 3619 2242 3682 cumcisus,
2277 3617 2370 3673 sed
2386 3615 2654 3687 praeputio
2681 3614 2944 3687 praeditus
2969 3614 3093 3670 fuit.
3126 3607 3525 3686 Neque'tamen

1947 3710 2090 3766 idola
2128 3718 2413 3782 propterea
2442 3708 2635 3772 coluit,
2668 3716 2722 3763 et
2756 3704 2932 3762 Deum
2954 3705 3173 3762 Patrem
3206 3720 3334 3761 cum
3363 3703 3527 3769 Filio.

1948 3818 2013 3858 ae
2045 3800 2251 3872 Spiritu
2290 3807 2484 3856 sancto
2509 3805 2694 3866 utpote
2720 3796 2986 3865 propheta
3017 3793 3293 3866 cognovit.
3322 3791 3526 3859 Quam-

1948 3895 2138 3951 obrem
2182 3891 2330 3964 quod
2378 3889 2805 3946 circumcisione
2859 3887 3074 3950 caruit,
3121 3884 3346 3941 Judaeus
3404 3896 3529 3939 esse

1949 4001 2061 4043 non
2089 3984 2270 4058 potuit
2309 3999 2324 4036 ι
2359 3982 2648 4039 idololatra
2687 3995 2819 4037 vero
2848 3979 3078 4036 minime
3104 3977 3241 4042 l'uit,
3273 3989 3398 4032 cum
3431 3989 3528 4030 ne·

1950 4093 2059 4150 que
2085 4078 2407 4142 simulacra,
2435 4089 2613 4146 neque
2656 4073 2764 4129 alia
2794 4071 2850 4127 id
2896 4087 3070 4144 genus
3101 4071 3372 4127 adoraret.
3403 4066 3531 4124 Fuit

1952 4169 2097 4225 enim
2125 4169 2217 4223 ille
2247 4166 2532 4238 propbeta,
2563 4177 2616 4222 et
2648 4165 2755 4221 boc
2770 4163 2915 4219 Filio
2937 4180 2968 4218 a
2989 4165 3154 4220 Patre
3182 4162 3387 4218 dictum
3407 4174 3532 4218 esse

1955 4260 2185 4326 sciebat,
2203 4257 2494 4313 Faciamus
2519 4259 2783 4312 hominem
2809 4254 3157 4323 ¹⁸.Quidnam
3183 4255 3349 4328 igitur
3375 4251 3532 4322 erat?

1955 4349 2191 4407 Omnino
2216 4365 2394 4419 neque
2436 4348 2800 4406 circumcisus
2821 4388 2837 4414 ,
2870 4363 3048 4420 neque
3090 4348 3253 4405 idolis
3278 4345 3532 4405 addictus

1954 4444 2285 4500 Christianae
2300 4440 2583 4512 religionis
2599 4439 2893 4513 imaginem
2911 4439 3204 4498 referebat.
3231 4440 3340 4496 Par
3355 4438 3532 4495 idem-

1957 4549 2065 4606 que
2097 4533 2166 4590 de
2212 4532 2422 4596 Abelo,
2478 4529 2676 4599 Setho,
2712 4530 2895 4599 Enos,
2934 4530 3145 4601 Enoch,
3203 4529 3530 4595 mathusala,

1958 4624 2193 4689 Noemo,
2218 4619 2451 4685 uehere,
2473 4622 2541 4676 ad
2568 4621 2848 4678 Abraham
2882 4638 3079 4695 usque,
3107 4624 3377 4696 iudicium
3407 4634 3535 4681 esse

357 4748 398 4779 ²²
433 4744 594 4800 Forte
612 4743 861 4811 διέξειμι.
940 4740 983 4771 ”
1013 4737 1226 4795 Coloss.
1252 4752 1336 4804 ιιι,
1370 4737 1460 4790 ss.
1537 4736 1582 4770 ¹⁸
1609 4738 1747 4796 Gen.
1778 4756 1900 4808 vttt,
1926 4743 1963 4797 4
1989 4755 2139 4812 sqq.⁴
2193 4735 2238 4769 ¹⁴
2260 4733 2395 4790 Gen.
2419 4732 2596 4799 nso..

362 4862 437 4933 (9)
464 4863 561 4917 Ἐν
584 4860 707 4926 τοῖς
731 4859 898 4928 ὄρεσι
921 4856 1048 4923 τοῖς
1062 4855 1322 4925 'Apama
1345 4855 1632 4912 Citaldaetts
1661 4856 1867 4925 Cordn,
1900 4864 1946 4919 D
1976 4853 2338 4930 Epiphanium
2377 4851 2433 4906 in
2474 4850 2847 4908 Ariomant’tis.
2904 4851 3010 4911 Sed
3047 4853 3118 4909 de
3157 4852 3311 4909 labra
3370 4859 3537 4912 caew·

287 4933 340 4989 td
364 4941 448 4988 est
473 4931 766 5003 Γορδιαῖος.
797 4927 1084 4998 losepbus,
1109 4927 1204 4982 lib.
1240 4941 1279 4989 t,
1309 4942 1373 4981 ca
1417 4970 1429 4982 .
1462 4927 1496 4982 t
1523 4944 1538 4981 ι
1569 4926 1872 4994 Ἀποόατή-

1142 4997 1274 5051 ένιοι
1299 5014 1370 5051 κα
1405 4996 1545 5051 οὖσι.
1585 4995 1706 5052 Mox
1769 4997 1871 5054 Be-

292 5019 404 5075 ριον
445 5003 537 5056 τὸν
573 5002 736 5054 τόπον
764 4998 952 5052 τοῦτον
997 5000 1057 5051 ’Δ
1610 5066 1636 5077 -

290 5087 478 5130 rosum
506 5071 822 5126 Cltaltlaeum
853 5069 987 5122 citat
1013 5086 1026 5122 ι
1129 5083 1283 5134 γεται
1311 5066 1367 5120 δὲ
1402 5066 1498 5120 καὶ
1546 5083 1638 5120 του
1677 5067 1864 5122 πλοίου

291 5145 350 5199 ὲν
378 5145 442 5267 τῷ
458 5142 554 5214 Ἀρ
632 5140 721 5212 νία
745 5137 880 5212 πρὸς
898 5137 974 5208 τῷ
997 5137 1111 5208 ὄρει
1138 5136 1245 5190 τῶν
1266 5135 1579 5208 Κορδυαίων
1602 5136 1863 5209 ἐτιμέρος

292 5231 347 5268 τι
374 5229 400 5265 ε
425 5230 534 5266 ναι.
562 5157 691 5265 ίῒίιιι
721 5224 786 5264 ex
827 5206 1048 5263 Nicolao
1086 5207 1460 5261 Damascena:
1494 5207 1681 5261 Ἔστιν
1723 5206 1863 5279 ὑπὲρ

293 5285 392 5356 τὴν
421 5281 668 5338 Μινυάδα
701 5279 842 5348 μέγα
866 5277 990 5347 ὅρος
1021 5275 1166 5331 κατὰ
1201 5275 1490 5348 Ἀρμενίαν
1514 5276 1684 5357 Ιξάρις
1710 5277 1867 5358 λεγό-

299 5369 478 5425 μενον,
497 5353 577 5415 εἰς
604 5350 633 5404 δ
665 5348 890 5411 πολλοὺς
920 5346 1305 5428 συμφυγόντας
1336 5346 1428 5399 ἐπὶ
1473 5364 1566 5428 του
1600 5360 1869 5430 κατακλυ.

299 5422 438 5494 σμοῦ
485 5422 644 5491 λόγος
698 5419 811 5491 ἔχει
857 5417 1248 5490 περισωθηναι.
1295 5414 1624 5474 Franctscus
1664 5416 1890 5472 Juntus-.

299 5506 400 5564 pro
427 5491 614 5563 Βάρις,
635 5489 1043 5570 rescribendum
1067 5488 1350 5567 existimat.
1369 5485 1677 5568 Λούδαριςι
1701 5503 1731 5543 a
1750 5504 1864 5558 quo

301 5576 410 5618 non
441 5561 725 5617 abhorreo.
751 5558 856 5614 Sed
888 5559 1029 5637 tdem
1060 5557 1323 5613 solemma
1353 5556 1546 5638 dell-rat
1566 5597 1582 5641 ,
1606 5573 1728 5613 cum
1747 5556 1861 5612 Ln-

300 5634 404 5689 bar
421 5631 700 5693 Armenio,
719 5638 775 5684 et
798 5627 1119 5709 AEffljpttaco
1146 5641 1398 5682 sermone
1418 5626 1549 5708 dtctt
1571 5627 1713 5683 tdem
1740 5642 1864 5684 esse

303 5699 825 5835 {52325325155‘25
840 5695 1647 5838 ·,3·J⁰.{⁷3223335‘3‚2t;:¹;⁶⁸;·
1681 5697 1864 5822 ¹325:ss

305 5841 480 5903 labar.
504 5837 848 5899 descendere.
878 5836 1033 5895 Unde
1062 5844 1114 5892 ct
1154 5833 1422 5904 labarum,
1458 5843 1513 5892 et
1539 5835 1687 5892 labra
1723 5835 1865 5907 apud

1975 4933 2158 4996 risque
2207 4922 2367 4993 nugis
2402 4920 2649 4978 dicemus
2678 4923 2745 4978 ad
2801 4925 2953 4980 illum
2993 4925 3279 4996 Epipltanii
3336 4926 3534 4982 locum.

1970 4997 2125 5065 Quod
2142 4993 2361 5065 quidem
2402 4993 2470 5046 ad
2504 5007 2743 5062 praesens
2772 4996 3049 5070 negotium
3071 4998 3286 5062 attinet,
3330 4997 3538 5053 ἀποδα-

1967 5073 2153 5140 τηριον
2182 5061 2421 5132 loseplto
2453 5074 2802 5134 nuncupatur
2846 5070 2998 5122 locus
3041 5066 3153 5128 ille.
3182 5067 3238 5122 in
3266 5081 3377 5137 quo
3398 5067 3538 5124 Noe-

1965 5152 2089 5193 nms
2127 5135 2223 5206 τὴν
2266 5132 2565 5200 ἀπόδοισιν,
2613 5134 2718 5190 boc
2743 5148 2827 5192 est
2851 5139 3259 5192 exscensionem
3293 5153 3360 5194 ex
3407 5153 3538 5196 arca

1968 5207 2131 5272 [θείη
2163 5207 2279 5261 sive
2306 5204 2450 5274 quod
2493 5205 2695 5261 ibidem
2733 5208 2803 5260 τὰ
2834 5206 3179 5280 ἀποὸατηρια
3216 5223 3374 5265 sacra
3511 5237 3538 5253 ··

1969 5279 2153 5332 solvit.
2188 5274 2312 5330 llaec
2336 5275 2483 5328 enim
2513 5276 2598 5331 vis
2622 5285 2709 5331 cst
2735 5278 2927 5331 borum
2959 5280 3370 5344 vocabulorum,
3435 5298 3537 5336 πο·

1970 5346 2231 5418 δατήριοι,
2281 5343 2631 5415 διαδατήρια,
2672 5356 2726 5400 et
2772 5354 3112 5404 caeterorum.
3169 5349 3335 5406 Valde
3372 5352 3539 5423 igitur

1971 5419 2192 5472 abet-rat
2227 5415 2590 5479 Juttius,cum
2628 5416 2996 5489 ἀποὸατήριον
3028 5419 3420 5492 interpretatur
3447 5437 3539 5477 ar·-

1964 5485 2129 5540 duum
2178 5494 2233 5540 et
2280 5484 2565 5548 excelsum,
2620 5500 2685 5542 ex
2739 5503 2851 5559 quo
2878 5490 3212 5549 descendere
3235 5501 3538 5563 oporteat:

1970 5557 2117 5629 quod
2160 5571 2191 5609 a
2224 5554 2428 5610 Graecae
2455 5557 2607 5613 vocis
2640 5574 2741 5616 usu
2769 5560 3008 5618 alienum
3030 5570 3085 5618 et
3118 5564 3383 5618 absonum
3428 5570 3537 5619 est.

2040 5624 2243 5697 (10)οὐ
2264 5625 2373 5695 γὰρ
2392 5624 2480 5679 ἑτι
2501 5627 2994 5700 αὐτὸνὲμφαίνει.
3015 5631 3351 5688 Putidissimi
3365 5631 3537 5689 sudati

1965 5694 2234 5752 Noemutn
2277 5709 2310 5750 a
2343 5693 2553 5752 Cbamo
2606 5713 2886 5756 exsectum
2946 5710 3343 5776 nuganturzut
3396 5704 3537 5760 intet-

1967 5762 2471 5910 ἓέἰιέερἑτὲείοιῐιυ,
2489 5769 2585 5839 qui
2604 5779 2659 5828 et
2683 5771 2790 5827 alia
2805 5775 3055 5844 quaedam
3074 5771 3265 5845 adjicit
3305 5772 3540 5830 nefanda
