3850 6517
309 532 416 588 697

973 533 1344 591 ADVERSUS
1374 533 1712 593 HAERESES
1750 535 1869 631 mn·
1920 538 1964 597 Ι.
2003 538 2169 599 Tou.
2211 541 2300 601 tn.
2338 574 2409 586 —
2444 542 2723 600 RAERES.
2761 541 2922 598 tht.

3456 540 3563 599 698

308 651 516 704 ἐπινοεί
564 649 747 722 ἐαυτῷ
804 652 903 707 καὶ
945 652 1281 726 προσφεύγει
1320 656 1387 727 τῇ
1430 653 1526 708 τοῦ
1580 656 1893 722 ἁπατεῶνος
1920 663 1968 721 Δ
1994 660 2106 718 illic
2144 662 2349 729 lotum,
2385 678 2449 718 ac
2484 679 2553 719 ne
2600 661 2856 739 Ecclesia!
2888 658 3110 731 quidem
3142 657 3350 713 aditum
3386 658 3564 731 impe-

308 741 594 813 Κέρδωνος
615 743 849 815 αἱρέσει.

379 916 455 971 B'.
494 918 606 973 Καὶ
640 917 887 991 ἄρχεται,
918 916 995 985 ὡς
1026 921 1223 988 είπεῖν,
1254 919 1316 987 ἐξ
1358 920 1530 991 αὐτῆς
1570 920 1673 994 τῆς
1711 919 1891 994 ἀρχῆς

307 1009 404 1062 καὶ
439 1009 517 1074 ὡς
552 1009 661 1063 ἁπὺ
704 1009 882 1083 θυρῶν
914 1009 1026 1065 τῶν
1066 1007 1396 1082 ζητημάτων
1432 1010 1734 1083 προτείνειν
1776 1012 1889 1075 τοῖς

305 1101 429 1154 κατ’
471 1102 649 1154 ἐκεῖνο
691 1099 886 1173 καιροῦ
927 1100 1324 1174 πρεσὸυτέροις
1366 1101 1524 1156 τοῦτο
1565 1102 1627 1156 τὸ
1668 1100 1890 1175 ζήτημα

302 1191 503 1261 λέγων·
536 1192 741 1246 Εἴπατέ
779 1210 889 1263 μοι,
928 1192 982 1246 τί
1027 1195 1144 1247 ἐστι
1179 1193 1271 1260 τὸ,
1309 1197 1392 1249 Οὐ
1422 1194 1775 1259 ,βάλλουσιν
1802 1189 1888 1248 οϊ-

301 1299 417 1337 νον
444 1283 588 1338 νέον
626 1284 717 1351 είς
757 1282 990 1351 ἀσκοὺς
1038 1283 1355 1350 παλαιοὺς,
1394 1284 1540 1339 οὐδὲ
1589 1284 1890 1355 &xm-lmus

301 1381 529 1450 ῥάκους
561 1382 838 1453 ἀγνάφου
871 1382 970 1437 ἐπὶ
1000 1384 1207 1453 ἱματίῳ
1234 1381 1501 1449 παλαιῷ·
1534 1384 1587 1436 εί
1617 1381 1686 1436 δὲ
1709 1381 1884 1453 μήτε,

302 1467 422 1526 nat·
444 1461 514 1527 τό
555 1472 848 1543 πλήρωμα
892 1472 1068 1542 culpet,
1105 1472 1205 1527 καί
1240 1472 1320 1540 τῷ
1357 1470 1591 1539 παλαιῷ
1628 1473 1701 1526 οὐ
1737 1487 1890 1541 συμ-

300 1560 589 1629 φωνήσει.
627 1560 839 1623 Μεῖζον
871 1561 982 1632 γὰρ
1012 1561 1328 1633 γενήσεται
1370 1562 1642 1632 σχίσμα,·
1678 1561 1781 1615 Καὶ
1809 1561 1886 1626 ὡς

298 1651 460 1707 τοῦτο
492 1654 732 1724 ἥκουσαν
775 1654 828 1707 οί
874 1654 1137 1717 ἐπιεικεῖς
1177 1654 1271 1708 καὶ
1311 1653 1570 1721 πανὰγιοι
1596 1654 1696 1724 τῆς
1728 1653 1889 1723 ἁγίας

297 1743 396 1797 τοῦ
441 1742 576 1797 Θεοῦ
626 1743 953 1815 Ἐκκλησίας
994 1742 1355 1816 πρεσὸὖτεροι
1412 1745 1507 1799 καὶ
1556 1743 1885 1809 διδάσκαλοι,

297 1833 393 1887 τὸν
426 1834 527 1904 τῆς
555 1834 876 1898 ἀκολουθίας
913 1833 1011 1888 καὶ
1040 1833 1307 1907 ἁρμονίας
1336 1834 1680 1899 ἀποδιδόντες
1706 1834 1885 1903 λόγον,

298 1924 393 1979 καὶ
420 1924 719 1999 φράζοντες
742 1924 891 1997 αὐτῷ
920 1924 1062 1997 μετὰ
1090 1926 1411 1992 ἐπιεικείας,
1436 1926 1643 1996 ἔλεγον·
1664 1927 1886 1991 Τέκνον,

293 2014 456 2069 τοῦτό
495 2017 646 2072 ἐστιν
688 2018 849 2073 ἁσκοὶ
886 2017 1132 2083 παλαιοὶ,
1167 2019 1226 2072 αί
1266 2018 1378 2072 τῶν
1407 2017 1718 2086 Φαρισαίων
1749 2034 1887 2089 mp-
1917 2005 1961 2062 Β

297 2108 402 2162 δίαι
433 2108 529 2162 καὶ
565 2110 960 2182 γραμματέων,
996 2110 1387 2165 παλαιωθεῖσαι
1415 2111 1473 2162 ἐν
1499 2109 1885 2180 ἁμαρτήμασι,

295 2199 386 2253 καὶ
427 2200 501 2272 μὴ
542 2200 829 2273 δεξάμεναι
860 2202 924 2256 τὸ
954 2204 1219 2275 κήρυγμα
1252 2200 1349 2254 τοῦ
1362 2199 1749 2269 ,Εὐαγγελίοψ
1793 2200 1887 2254 καὶ

293 2290 354 2344 τὸ
388 2290 601 2361 ἱμάτιον
641 2292 703 2346 τὸ
754 2292 1020 2359 παλαιὸν,
1071 2293 1149 2359 ὡς
1189 2293 1286 2347 καὶ
1321 2294 1351 2347 ὁ
1395 2292 1601 2356 Ἰούδας
1645 2291 1889 2346 παλαιω-

296 2380 413 2442 θεὶς
439 2382 498 2431 ἐν
528 2380 862 2453 φιλαργυρίᾳ
898 2382 997 2434 οὐκ
1022 2379 1238 2445 ἐδέξατο
1264 2378 1360 2434 τοῦ
1381 2378 1574 2435 καινοῦ
1604 2379 1699 2433 καὶ
1728 2380 1885 2449 ἁγίου

302 2469 395 2523 καὶ
427 2468 745 2541 ἐπουρανίου
783 2471 1081 2543 μυστηρίου
1111 2474 1394 2543 κήρυγμα,
1424 2471 1488 2525 τὸ
1515 2470 1618 2541 τῆς
1649 2470 1883 2535 ἐλπίὼς.

300 2558 493 2613 Καίτοι
519 2558 811 2629 συναφθεὶς
828 2564 942 2626 τοῖς
962 2561 1154 2615 ἕνδεκα
1182 2562 1522 2626 ἀποστόλοις,
1546 2561 1888 2632 καὶαληθεὶς

306 2650 392 2702 ὑπ’
432 2647 596 2702 αὐτοῦ
646 2649 743 2703 τοῦ
788 2641 1037 2721 Κυρίου,
1080 2650 1469 2729 περισσότερον
1507 2650 1714 2722 κτίσμα
1758 2651 1887 2723 ἔσχε

295 2738 362 2792 δι’
387 2740 603 2807 ἑαυτοῦ,
633 2741 867 2813 μηδενὸς
910 2741 1061 2814 αὐτῷ
1104 2741 1284 2798 αίτίου
1336 2740 1661 2813 γενομένου·
1694 2744 1885 2817 ἐπειδὴ

300 2831 328 2901 1]
358 2831 566 2886 διάνοια
598 2832 770 2888 αὐτοῦ
808 2833 872 2887 οὐ
905 2831 1313 2905 συμπεφώνηκε
1341 2834 1409 2904 τῇ
1443 2832 1558 2887 ἁνω
1588 2831 1764 2887 ἐλπίδι
1790 2835 1886 2889 καὶ

292 2923 602 2995 ἐπουρανίῳ
632 2924 825 2997 κλήσει
867 2923 976 2979 τῶν
1007 2923 1311 2997 μελλόντων
1345 2922 1592 2993 ἁγαθῶν,
1625 2923 1746 2979 ἀντὶ
1779 2924 1887 2980 τῶν

292 3013 530 3070 ἐνταῦθα
558 3016 858 3089 χρημάτων
889 3032 949 3071 τε
995 3017 1092 3070 καὶ
1122 3016 1359 3088 κόμπου,
1386 3015 1484 3069 καὶ
1513 3014 1698 3085 φιλίας
1736 3033 1883 3090 παρ-

290 3101 601 3176 ερχομέῦης
615 3103 838 3169 ἐλπίδος
860 3122 922 3159 τε
950 3106 1045 3160 καὶ
1067 3105 1284 3177 ἡδονῆς.

371 3194 435 3249 Ὃ
470 3196 548 3262 δὲ,
584 3197 701 3269 οὐχ
747 3196 942 3262 οὕτως,
990 3197 1177 3269 φησὶν,
1207 3195 1345 3250 ἁλλὰ
1393 3195 1531 3252 ἄλλα
1575 3197 1693 3253 ἐστὶΙ
1730 3194 1886 3270 παρὰ

290 3286 485 3353 ταῦτα,
514 3289 818 3360 ἁντιλέγων
861 3289 891 3342 ὁ
936 3288 1237 3360 Μαρκίων·
1269 3287 1457 3361 ἐπειδὴ
1498 3290 1574 3362 μὴ
1610 3288 1883 3361 ἠθέλησαν

1989 758 2214 821 trasset,
2249 753 2316 809 ad
2346 753 2507 825 303
2537 753 2858 824 impostoris
2885 749 3155 807 Cerdonis
3184 748 3418 806 haeresiu
3438 765 3569 806 con·

1988 844 2180 918 fugere
2208 845 2264 902 in
2295 848 2539 902 animum
2581 845 2818 901 induxit.

2065 934 2134 991 11.
2174 934 2316 992 Tum
2349 935 2422 993 ab
2458 936 2578 1008 ipso
2610 936 2884 1008 principio
2907 935 3175 1006 ipsisque,
3213 941 3275 989 ut
3305 935 3382 991 ita
3408 933 3566 990 dixe·

1991 1025 2118 1092 rim,
2153 1026 2521 1098 quaestionum
2556 1025 2772 1083 foribus
2804 1041 3057 1089 exorsus,
3091 1026 3448 1097 presbyteris,
3473 1026 3567 1096 qui

1991 1123 2120 1170 tunc
2162 1116 2427 1187 temporis
2451 1122 2608 1172 erant
2642 1116 2810 1187 coepit
2850 1117 2958 1173 ista
3004 1107 3354 1186 proponere:
3396 1115 3566 1179 Cedo,

1987 1207 2193 1280 inquit,
2218 1209 2350 1280 quid
2387 1208 2494 1264 boc
2536 1207 2641 1291 sibi
2678 1209 2795 1265 vult
2826 1228 2841 1264 ε
2873 1207 2999 1264 Non
3027 1209 3243 1263 mittant
3269 1208 3443 1269 vinum
3471 1223 3570 1262 no-

1989 1318 2109 1356 vum
2141 1302 2195 1355 in
2225 1309 2371 1357 utres
2402 1309 2599 1358 veteres
2639 1317 2801 1373 neque
2835 1300 3241 1356 contmissumm
3280 1300 3445 1369 panni
3474 1314 3571 1353 ηι-

1989 1391 2076 1446 dis
2122 1392 2177 1446 in
2222 1394 2590 1448 vestimentum
2637 1402 2806 1457 vetus,
2838 1391 3043 1462 alioqui
3099 1389 3236 1445 tollit
3277 1386 3571 1459 plenitudi-

1989 1498 2129 1548 nem,
2175 1500 2338 1554 neque
2382 1483 2543 1539 veteri
2580 1490 2832 1553 congruet
2867 1498 2886 1538 .·
2927 1481 3105 1551 major
3153 1480 3294 1534 enim
3333 1480 3570 1533 scissura

1987 1575 2050 1643 fit
2078 1574 2138 1629 ¹?
2169 1574 2318 1646 quod
2369 1573 2590 1631 candidi
2620 1574 2698 1629 illi
2721 1589 2787 1629 ac
2812 1571 3153 1629 sanctissimi
3180 1568 3275 1627 Dei
3309 1568 3571 1626 Ecclesia

1988 1665 2299 1737 presbyteri
2342 1680 2409 1721 ac
2437 1665 2693 1721 doctores
2734 1663 3044 1727 audientes,
3079 1661 3227 1717 hunc
3258 1660 3313 1715 in
3344 1658 3570 1715 modum

1990 1756 2395 1828 respondebant
2426 1755 2596 1824 :Fili,
2643 1764 2857 1812 veteres
2908 1754 2986 1809 illi
3026 1760 3181 1809 utres
3234 1751 3372 1807 nihil
3419 1750 3569 1807 aliud

1988 1854 2139 1915 sunt,
2180 1862 2343 1918 quam
2398 1846 2828 1912 Pharisaeorum,
2887 1843 3320 1913 Scribarumque
3371 1840 3561 1909 corda,

1989 1954 2114 2009 quae
2142 1938 2389 2009 peccatis
2435 1937 2899 2001 inveteraverant,
2928 1949 3030 1989 nec
3056 1931 3338 2004 Evangelii
3361 1931 3570 1986 doctri-

1989 2044 2116 2085 nam
2147 2028 2509 2083 admiserant.
2543 2026 2858 2097 Eodemque
2889 2016 3051 2081 vetus
3089 2021 3225 2082 illud
3271 2023 3567 2079 vestimen-

1989 2128 2102 2174 tum
2150 2120 2410 2188 pertinet.
2481 2118 2804 2190 Cuiusmodi
2844 2115 3018 2173 Iudas
3071 2115 3306 2181 exstitit,
3357 2114 3453 2185 qui
3508 2112 3568 2169 in

1986 2208 2233 2265 avaritiae
2280 2217 2544 2280 tanquam
2590 2216 2863 2265 vetustate
2904 2207 3140 2279 quadam
3187 2204 3568 2273 obsoleverat;

1987 2311 2168 2367 neque
2208 2298 2339 2352 novi
2389 2312 2455 2353 ac
2497 2294 2835 2353 sanctissimi
2908 2293 3263 2362 coelestisque
3319 2291 3570 2363 mysterii

1987 2388 2431 2459 praedicationem
2473 2388 2722 2458 accepit;
2757 2386 2978 2441 tametsi
3022 2383 3089 2438 ad
3133 2384 3387 2440 undecim
3431 2397 3569 2453 apo-

1988 2480 2164 2535 stolos
2213 2486 2362 2535 esset
2410 2486 2760 2550 aggregatus,
2798 2484 2855 2533 et
2892 2476 2962 2531 ab
2988 2475 3109 2547 ipso
3140 2473 3376 2531 Domino
3405 2488 3572 2528 voca·

1990 2579 2114 2635 tus,
2173 2585 2238 2626 ex
2289 2585 2399 2642 quo
2449 2569 2713 2640 majorem
2753 2568 3056 2625 scissuram
3103 2582 3215 2623 non
3265 2565 3375 2619 alio
3405 2577 3570 2634 quam

1989 2661 2225 2733 ipsomet
2277 2662 2384 2717 sibi
2443 2672 2671 2717 auctore
2731 2658 3359 2728 conscivit:propterea
3419 2652 3568 2725 quod

1987 2752 2110 2823 ejus
2150 2752 2371 2808 animus
2413 2751 2641 2807 caducis
2668 2750 2759 2807 his
2784 2749 2984 2820 opibus
3016 2762 3081 2803 ac
3115 2747 3285 2812 fastu,
3316 2744 3572 2814 fluxaque

1986 2843 2273 2900 hominum
2296 2842 2563 2909 amicitia,
2590 2857 2655 2899 ac
2681 2857 2780 2913 spe
2803 2841 3194 2911 voluntateque
3218 2837 3571 2907 contemptis,

1986 2951 2336 3008 nequaquam
2386 2950 2447 2992 se
2495 2934 2778 2990 coelestem
2811 2932 2878 2988 ad
2927 2945 3107 3002 spem,
3155 2944 3221 2986 ac
3257 2928 3573 2985 futurorum

1986 3028 2260 3086 bonorum
2318 3026 2663 3084 vocationem
2697 3021 3235 3078 accommodaverat.

2059 3205 2145 3263 Ad
2191 3205 2310 3263 haec
2350 3204 2736 3262 contradicere
2780 3200 3053 3292 Marcion,
3102 3214 3170 3256 ac
3217 3198 3380 3271 longo
3407 3213 3574 3257 secus

1989 3298 2047 3358 id
2096 3299 2302 3356 habere
2346 3314 2408 3355 se
2452 3299 2662 3362 dicere,
2706 3310 2808 3366 pro
2851 3309 2919 3351 eo
2958 3292 3108 3365 quod
3131 3292 3422 3349 admittere
3449 3307 3576 3350 sese

291 3377 459 3432 αὓτδν
504 3376 760 3445 δέξασθαι
816 3377 985 3434 Τοῦτο
1028 3374 1123 3434 ῦῦν
1168 3378 1420 3451 φανερῶς
1456 3380 1644 3442 αὐτοῖς
1687 3379 1843 3448 ἔλεγε
1862 3394 1879 3411 ·
1909 3350 1958 3413 c
1985 3391 2403 3448 detrectassent.
2425 3388 2608 3456 Quare
2633 3387 2812 3458 palam
2832 3400 2930 3441 eos
2962 3384 3288 3455 alloquens:
3319 3381 3432 3437 Cur
3459 3396 3570 3449 me,

294 3470 366 3530 Τί
390 3472 465 3546 μὴ
484 3471 783 3549 huncne&
814 3492 884 3547 με
910 3473 1304 3542 ὑποδέξασθαι;
1334 3472 1455 3527 Τῶν
1487 3472 1549 3526 δέ
1588 3472 1883 3542 λεγόντων,

283 3561 379 3619 *brt
421 3565 499 3619 oo
546 3564 824 3638 δυνάμεθα
873 3566 1005 3622 ἁνευ
1050 3566 1152 3637 τῆς
1196 3563 1505 3635 ἐπιτροπῆς
1558 3562 1654 3617 τοῦ
1700 3561 1885 3636 τιμίου

295 3656 505 3731 πατρός
543 3675 636 3713 σου
667 3657 828 3713 τοῦτο
858 3659 1106 3730 ποιῆσαι.
1142 3657 1261 3712 Μία
1297 3657 1408 3727 γάρ
1431 3659 1580 3708 ἐστιν
1617 3656 1652 3726 ὴ
1682 3653 1884 3719 πίστις.

296 3747 393 3801 καὶ
427 3747 526 3817 μία
554 3747 801 3817 ὁμόνοια,
829 3748 926 3800 καὶ
971 3748 1031 3797 οὐ
1082 3744 1360 3813 δυνάμεθα
1382 3743 1779 3813 ἐναντιωθῆναι
1809 3744 1888 3818 τῷ

296 3836 449 3906 καλῷ
482 3835 902 3906 συλλειτουργῷ,
944 3833 1116 3906 πατρὶ
1144 3832 1201 3885 δέ
1244 3832 1343 3904 σῷ.
1384 3831 1643 3903 Ζηλώσας
1680 3832 1885 3905 λοιπὸν,

300 3928 395 3983 καὶ
445 3928 526 3989 είς
579 3923 755 3995 μέγαν
801 3923 990 3996 ἀρθεὶς
1026 3921 1200 3994 θυμὸν
1240 3921 1337 3976 καὶ
1380 3922 1776 3996 ὑπερηφανίαν,
1825 3925 1890 3981 τὸ

300 4013 508 4086 σχίσμα
558 4008 851 4083 ἐργάζεται
901 4012 932 4062 ὁ
980 4008 1256 4075 τοιοῦτος,
1304 4010 1485 4083 ἐαυτῷ
1530 4011 1630 4084 τὴν
1675 4013 1888 4086 αἵρεσιν

302 4103 774 4176 προστησάμενος,
794 4102 891 4157 καὶ
917 4100 1107 4168 είπιῖιν,
1127 4102 1210 4157 ὅτι
1246 4100 1390 4172 Ἐγὼ
1424 4102 1595 4175 σχίσω
1621 4104 1721 4176 τὴν
1760 4107 1888 4160 Ἐκ-

303 4199 530 4270 κλησίαν
569 4197 749 4269 ὑμῶν,
782 4197 879 4251 καὶ
921 4196 1070 4268 βαλῶ
1122 4196 1327 4269 σχίσμα
1370 4199 1431 4252 ἐν
1481 4197 1621 4272 αὐτῇ
1667 4200 1749 4264 είς
1795 4199 1889 4255 τὸν

300 4288 495 4345 αἰῶνα.
533 4288 623 4352 Ὦς
657 4286 864 4360 τὰληθῆ
915 4286 1017 4358 μὲν
1058 4287 1268 4367 σχίσμα
1312 4286 1506 4342 ἔδαλεν
1554 4288 1618 4342 οὐ
1670 4288 1887 4361 μικρὸν,

299 4382 361 4435 οὐ
379 4380 481 4452 τὴν
515 4378 843 4451 Ἐκκλησίαν
871 4378 1083 4451 σχίσας,
1105 4379 1223 4434 ἁλλ’
1248 4380 1441 4436 ἐαυτὸν
1466 4380 1563 4435 καὶ
1587 4382 1716 4446 τοὺς
1739 4381 1889 4453 αὐτῷ

298 4472 643 4537 πεισθέντας.
741 4489 762 4502 ‘

367 4564 443 4618 P.
477 4562 679 4617 Ἔλαδε
707 4563 766 4618 δὲ
800 4562 900 4636 τὴν
932 4562 1206 4635 πρόφασιν
1248 4564 1315 4617 ἐκ
1353 4562 1450 4618 τοῦ
1484 4563 1885 4637 προειρημένου

298 4652 597 4725 Κέρδωνος,
621 4654 818 4727 γόητος
839 4654 937 4707 καὶ
960 4649 1261 4725 ἁπατηλοῦ.
1304 4655 1417 4709 Καὶ
1453 4653 1616 4719 αὐτὸς
1631 4643 1636 4647 ”
1651 4655 1749 4726 μὲν
1776 4654 1886 4728 γὰρ

298 4744 393 4801 δύο
413 4744 674 4816 κηρύττει
698 4744 894 4815 ἀρχάς.
923 4743 1188 4814 Προσθεὶς
1220 4744 1277 4797 δὲ
1301 4745 1465 4799 πάλιν
1490 4745 1706 4817 ἐκείνῳ,
1742 4748 1887 4817 φημὶ

300 4834 378 4908 τῷ
412 4835 677 4909 Κέρδωνι,
703 4835 890 4910 ἔτερόν
927 4852 982 4889 τι
1023 4835 1154 4908 παρ’
1201 4835 1411 4891 ἐκείνου
1445 4837 1462 4876 ⁸
1492 4836 1755 4905 δείκνυσι,
1798 4838 1889 4892 λέ-

299 4943 413 4995 γων
438 4929 590 5000 τρεῖς
615 4923 755 4980 εῖναι
791 4923 968 5000 ἀρχὰς
987 4966 1005 4995 ,
1037 4927 1167 5000 μίαν
1193 4928 1293 4999 μὲν
1330 4929 1431 5002 τὴν
1466 4929 1581 4985 ἄνω
1624 4931 1890 4986 ἀκατονό-

303 5033 508 5089 μαστον
535 5018 632 5071 καὶ
664 5017 895 5089 ἁὸρατον
913 5056 930 5082 ,
978 5018 1044 5096 ἢν
1086 5020 1182 5073 καὶ
1219 5019 1425 5088 ἀγαθὸν
1469 5020 1601 5075 Θεὸν
1641 5022 1892 5094 βούλεται

287 5107 499 5177 ·λέγειν,
532 5107 700 5180 μηδὲν
734 5108 793 5163 δέ
824 5108 932 5164 τῶν
960 5112 1020 5164 ἐν
1057 5110 1138 5181 τῷ
1162 5111 1351 5184 κόσμῳ
1376 5112 1659 5170 κτίσασαν.
1695 5114 1891 5168 Ἀλλον

298 5199 358 5253 δέ
399 5196 539 5254 εἶναι
572 5200 766 5273 ὁρατὸν
790 5200 944 5270 Θεὸν,
984 5202 1079 5257 καὶ
1127 5202 1372 5277 κτίστην,
1406 5205 1504 5259 καὶ
1532 5204 1887 5280 δημιουργόν.

302 5291 558 5347 Διὰδολον
598 5293 657 5347 δὲ
693 5293 897 5364 τρίτον,
935 5293 1009 5359 ὡς
1056 5296 1255 5361 εἰπεῖν,
1303 5296 1398 5349 καὶ
1446 5297 1611 5368 μέσον
1650 5298 1761 5354 τῶν
1798 5298 1894 5354 δύο

303 5383 529 5451 τούτων,
583 5385 680 5440 τοῦ
723 5403 783 5440 τε
839 5385 1038 5458 ὁρατοῦ
1084 5387 1182 5441 καὶ
1231 5386 1325 5440 τοῦ
1365 5386 1638 5460 ἁορὰτου.
1683 5389 1791 5444 Τὸν
1832 5390 1891 5445 δέ

302 5476 529 5549 κτίστην
564 5480 656 5532 καὶ
687 5478 1015 5553 δημιουργὸν
1054 5478 1149 5533 καὶ
1194 5478 1411 5549 ὁρατὸν,
1451 5478 1585 5533 Θεδν
1609 5476 1749 5536 εἶναι
1781 5482 1890 5538 τῶν

312 5564 607 5635 Ἰουδαίων,
626 5564 769 5622 εἶναι
800 5567 859 5621 δέ
899 5567 1062 5621 αὐτὸν
1108 5568 1317 5640 κριτήν.
1359 5568 1501 5640 Παρ“
1538 5569 1688 5641 αὐτῷ
1722 5571 1779 5627 δὲ
1810 5573 1889 5645 τῷ

374 5720 393 5754 ¹
426 5720 485 5776 F.
509 5725 738 5779 ἐκεῖνον.
814 5725 837 5757 ⁸
885 5721 1076 5778 Matth.
1101 5739 1177 5789 tx,
1219 5723 1308 5789 16,
1347 5722 1429 5780 Π.
1490 5791 1500 5798 ,

297 5874 487 5958 εδρίσίν
535 5876 603 5933 ad
635 5878 1075 5935 communionem
1131 5878 1459 5934 clericorum
1520 5876 1720 5941 refero.
1769 5892 1893 5948 quae

303 5953 460 6006 latcae
519 5950 832 6023 opponitur,
857 5968 977 6023 quae
1012 5959 1069 6008 ut
1096 5952 1172 6010 ait
1210 5950 1461 6010 Balsamo
1492 5949 1562 6007 ad
1603 5963 1728 6008 can.
1779 5964 1888 6009 axx

1987 3485 2189 3557 inquit,
2234 3484 2481 3554 recipere
2514 3478 2812 3537 uoluistis?
2841 3476 3266 3549 Responderunt
3307 3474 3428 3531 illi:
3465 3473 3576 3531 No-

1985 3578 2074 3636 bis
2111 3576 2329 3647 iniussu
2373 3574 2671 3632 venerandi
2714 3571 2892 3644 patris
2947 3571 3029 3627 tui
3075 3570 3260 3625 facere
3284 3565 3432 3624 istud
3460 3580 3575 3622 non

1988 3671 2138 3728 licet.
2188 3668 2309 3726 Una
2356 3667 2631 3740 siquidem
2684 3665 2820 3721 tides
2862 3671 2968 3727 est,
3012 3670 3069 3717 et
3112 3660 3424 3713 animorum
3463 3670 3574 3712 una

1989 3761 2311 3826 consensio,
2351 3774 2531 3829 neque
2557 3764 2753 3815 contra
2794 3750 3263 3826 spectatissimum
3305 3748 3572 3819 collegam

1989 3862 2202 3926 patrem
2253 3860 2405 3906 tuum
2446 3848 2631 3904 moliri
2671 3844 2953 3918 quidpiam
2998 3854 3319 3914 possumus.
3366 3838 3438 3893 At
3481 3837 3575 3895 ille

1990 3940 2372 3999 vehementius
2417 3935 2867 3997 excandescens,
2915 3944 2982 3986 ac
3029 3927 3289 4000 superbia
3336 3925 3575 3981 invidia·

1990 4047 2099 4104 que
2124 4030 2369 4102 percitus
2395 4027 2638 4084 schisma
2663 4022 2944 4090 conflavit,
2969 4034 3037 4076 ac
3060 4017 3321 4091 privatim
3339 4014 3574 4072 heresin

1990 4122 2383 4178 architectatus
2426 4124 2554 4176 est:
2582 4123 2640 4173 et
2679 4113 3005 4176 Ecclesiam,
3048 4111 3149 4173 ait,
3191 4114 3431 4164 vestram
3470 4118 3574 4177 ego

1993 4212 2330 4277 dissociabo,
2378 4209 2435 4265 in
2467 4221 2701 4279 eamque
2743 4202 2982 4261 schisma
3029 4199 3422 4271 sempiternum
3465 4195 3573 4251 im-

1993 4307 2231 4361 mittam.
2284 4299 2443 4368 Quod
2504 4299 2597 4356 ille
2639 4311 2829 4354 revera
2875 4307 2983 4349 nec
3029 4288 3306 4346 mediocre
3350 4283 3573 4359 quidem

1992 4394 2182 4465 iniecit
2208 4411 2223 4448 :
2252 4408 2362 4447 non
2393 4391 2468 4445 ita
2501 4397 2687 4443 tamen
2721 4392 2780 4440 ut
2806 4381 3132 4450 Ecclesiam,
3168 4377 3266 4435 sed
3297 4385 3356 4431 ut
3379 4389 3440 4432 se
3468 4386 3572 4445 po-

1992 4485 2105 4540 tius
2136 4499 2200 4538 ac
2221 4498 2353 4538 suos
2381 4479 2740 4537 discinderet.

2067 4568 2160 4624 tlt.
2201 4569 2379 4639 Cujus
2405 4567 2455 4624 ei
2488 4564 2808 4628 schismatis
2837 4567 3222 4635 argumentum
3254 4554 3458 4613 nebulo
3481 4552 3573 4610 ille

1997 4671 2052 4721 et
2088 4664 2353 4733 impostor
2380 4656 2561 4715 Cerdo
2578 4653 2833 4729 praebuit.
2864 4649 3001 4705 Nam
3032 4658 3087 4705 et
3109 4647 3220 4701 duo
3263 4646 3382 4717 ipse
3418 4644 3575 4714 prin-

1994 4754 2143 4828 cipia
2172 4749 2486 4809 constituit.
2517 4748 2590 4802 At
2613 4742 2783 4829 304
2809 4741 3015 4798 Marcio
3048 4737 3270 4794 tertium
3308 4734 3376 4789 ad
3421 4733 3572 4788 illius

1993 4845 2192 4917 dogma
2245 4840 2597 4915 principium-
2619 4834 2857 4907 adjecit,
2913 4838 2973 4886 ut
3026 4826 3255 4884 omnino
3301 4825 3407 4881 tria
3438 4823 3570 4893 sint,

1988 4950 2227 5009 quotum
2257 4948 2428 4988 unum
2464 4931 2538 4988 sit
2572 4940 2912 5000 supremum,
2955 4922 3103 4997 quod
3139 4933 3319 4992 neque
3348 4916 3574 4973 nomine

1989 5024 2382 5097 comprehendi
2402 5062 2418 5088 ‚
2469 5038 2649 5095 neque
2690 5020 2814 5076 visu
2857 5014 3065 5090 percipi
3102 5011 3299 5086 possit,
3325 5021 3489 5080 quem
3515 5014 3573 5067 et

1988 5116 2195 5173 bonum
2222 5116 2392 5174 Deum
2435 5113 2697 5185 appellat,
2734 5125 2768 5166 a
2795 5123 2906 5181 quo
2936 5104 3074 5162 nibil
3104 5103 3179 5160 sit
3216 5113 3407 5158 eorum
3450 5112 3574 5170 qun

1992 5206 2051 5262 in
2082 5204 2295 5262 mundo
2322 5213 2452 5263 sunt
2473 5202 2779 5261 conditum.
2806 5198 3054 5254 Alterum
3085 5205 3219 5249 vero
3246 5188 3420 5247 Deum
3448 5204 3573 5247 esse

1991 5296 2129 5353 dicit
2170 5293 2564 5367 aspectabilem
2591 5305 2657 5347 ac
2689 5295 3020 5346 creatorem.
3051 5279 3301 5338 Tertium
3328 5278 3576 5351 denique

1989 5386 2273 5444 diabolum
2309 5384 2457 5442 inter
2498 5382 2692 5439 ambos
2737 5379 2884 5441 illos,
2916 5371 3304 5447 aspectabilem
3339 5368 3570 5435 scilicet,

1986 5490 2042 5538 et
2083 5495 2211 5537 eum
2254 5479 2349 5550 qui
2404 5477 2577 5549 aspici
2621 5473 2814 5545 nequit
2857 5468 3225 5540 interiectum.
3261 5463 3344 5519 Ex
3383 5463 3453 5519 iis
3477 5459 3571 5532 qui

1987 5584 2209 5631 creator
2224 5577 2380 5628 estet
2396 5569 2582 5643 opifex
2603 5566 2884 5637 viderique
2902 5568 3101 5635 potest,
3115 5557 3428 5616 ludaeorum
3449 5568 3572 5611 esse

1997 5875 2208 5939 Basilii,
2239 5873 2472 5930 dabatur
2521 5872 2679 5931 laicis
2716 5873 2874 5940 ἐκτὸς
2891 5872 2994 5929 τοῦ
3020 5872 3285 5945 βήματος.
3323 5867 3413 5923 illa
3443 5881 3571 5923 vero
3687 5890 3703 5903 ·

2000 5948 2171 6014 ἐντός.
2183 5945 2458 6006 Credibile
2470 5954 2555 6006 est
2581 5946 2728 6005 cuim
2749 5944 3080 6003 Marcionem
3096 5940 3356 5999 clericum
3377 5937 3567 5998 fuisse.
