3850 6517
292 470 421 538 tlt!

936 468 1305 527 ADVERSUS
1343 469 1850 529 RAERESEs-us.
1890 470 1955 527 ΙΙ.
1995 471 2160 530 Tou.
2201 472 2240 528 1.
2281 501 2354 514 --
2387 469 2663 527 nAEnsss.
2702 469 2893 528 thv.

3405 471 3555 528 ”a

292 584 407 659 εἰμί
440 603 502 640 σε
554 583 822 651 ἐπαινεῖν,
845 584 1041 640 ὁπόταν
1079 586 1256 658 ὀρθῶς
1296 591 1567 661 διασαφῇς
1607 590 1736 656 τοὺς
1776 591 1866 645 λό-
1898 597 1944 656 Α
1971 588 2108 645 Nam
2137 597 2194 646 et
2223 602 2288 646 ea
2319 588 2621 660 perceptio,
2653 602 2776 652 uuae
2815 587 2874 641 iit
2916 585 3169 651 auribus,
3229 585 3554 657 plenissima

288 693 461 747 Υωςὶ

1976 681 2206 737 fallaciae
2235 690 2351 748 est;
2382 679 2550 752 568
2594 678 2762 734 fallax
2808 680 2939 734 item
2968 693 3091 748 quae
3126 679 3303 733 ocutis
3335 693 3400 733 ac
3427 682 3550 735 reli·

290 770 415 840 quis
454 769 683 825 omnino
724 769 981 828 sensibus
1016 770 1269 828 efficitur.
1298 772 1510 850 Vides..
1539 775 1715 846 inquit
1741 813 1755 840 ,
1787 775 2017 843 Eubuli,
2067 790 2232 848 quam
2272 790 2378 847 ego
2425 774 2531 831 sIm
2574 774 2630 830 in
2680 773 2764 829 tui
2802 772 3174 829 laudationem
3217 787 3551 846 propensus,

290 875 415 918 cum
446 871 632 933 aperte
654 860 1028 933 distincteque
1052 862 1295 935 loqueris
1315 866 1341 920 2

358 952 491 1007 ΜΝ.
527 952 673 1023 ’Δρα
698 946 815 1016 οὖν,
847 952 935 1007 ἶνα
968 953 1035 1023 δή
1070 971 1140 1026 με
1173 956 1269 1010 καὶ
1298 956 1498 1027 μᾶλλον
1538 958 1867 1026 ἐπαινέσεις,

291 1045 340 1099 εί
372 1043 668 1116 δεσμδς.τὸ
702 1044 865 1115 σῶμα
900 1043 1024 1099 καθ’
1053 1045 1199 1117 ύμάς
1225 1046 1393 1112 δοκεῖ,
1433 1048 1496 1102 ού
1533 1049 1755 1104 δύναται
1777 1068 1872 1105 κα-

291 1134 416 1200 κίας
444 1135 693 1190 ὑπαίτιον
720 1131 863 1191 εἶναι
891 1135 1207 1207 νομίζεσθαι
1232 1140 1299 1210 τῇ
1327 1138 1496 1211 ψυχῇ,
1530 1141 1626 1195 καὶ
1660 1140 1874 1206 ἀδικίας

291 1224 391 1289 ἔτι,
429 1224 567 1279 ἀλλὰ
625 1225 980 1297 σωφροσύνης
1037 1227 1408 1301 ἀντιστρόφως
1453 1231 1549 1285 καὶ
1601 1232 1870 1297 παιδείας.

290 1311 494 1371 Ὧδεδὶ
526 1316 742 1371 σκόπει.
763 1316 921 1372 Οὕτω
942 1316 1052 1390 γάρ
1090 1317 1159 1373 ἂν
1196 1320 1399 1391 μᾶλλον
1433 1322 1871 1395 ἀκολουθήσειας.

293 1407 393 1461 Ποῖ
428 1407 634 1484 ἀγομεν
678 1407 807 1472 τοὺς
846 1407 917 1462 τά
956 1407 1187 1480 σώματα
1234 1411 1571 1482 κάμνονταςς
1610 1414 1687 1467 Ού
1721 1413 1874 1486 παρὰ

290 1500 417 1562 τοὺς
441 1497 693 1570 ίατρούς;
718 1498 908 1570 Δῆλον,
934 1498 1061 1571 ἔφη.
1088 1502 1187 1554 Ποῖ
1206 1501 1263 1555 δὲ
1279 1503 1407 1567 τοὺς
1431 1503 1467 1557 ἀ
1476 1505 1869 1576 μαρτάνοντας;

292 1589 370 1645 Οὐ
399 1590 552 1663 παρὰ
583 1591 711 1655 τοὺς
733 1590 1031 1655 δικαστάςς
1071 1592 1334 1665 Ἀνάγκη.
1360 1595 1572 1650 Οὐκοῦν
1607 1596 1764 1667 δίκην
1795 1591 1872 1651 ὧν

295 1681 525 1754 ἔδρασαν
550 1681 843 1748 δώσοντας,
890 1682 1049 1754 ἔφην,
1083 1682 1338 1751 δικαίωςς
1388 1686 1518 1742 Ναί.
1571 1687 1645 1742 Τὸ
1691 1688 1751 1743 δὲ
1794 1688 1873 1743 δί-

298 1790 449 1827 καιον
479 1774 587 1827 πᾶν
626 1773 826 1835 καλόν;
865 1772 1166 1843 Ὁμολογεῖ.
1204 1774 1266 1830 ‘0
1310 1775 1368 1831 δὲ
1411 1776 1634 1843 δικαίως
1673 1779 1873 1849 κρίνων

2048 955 2233 1011 xuv.
2275 954 2348 1012 Ut
2390 955 2577 1028 igitur,
2613 956 2860 1027 inquam,
2897 971 2986 1013 me
3023 957 3324 1027 impensius
3347 957 3552 1013 collau-

1973 1046 2074 1104 des
2107 1065 2123 1103 ε
2152 1047 2200 1103 si
2241 1061 2443 1117 corpus
2468 1044 2743 1116 quoddam
2766 1046 3026 1115 opinione
3056 1052 3241 1111 vestra
3270 1046 3550 1102 vinculum

1967 1148 2087 1206 est,
2132 1154 2243 1196 non
2280 1147 2461 1211 potest
2506 1138 2701 1193 animae
2752 1136 3120 1208 improbitatis
3157 1146 3215 1194 et
3264 1138 3551 1210 injustitia

1972 1232 2162 1303 aliquo
2191 1231 2355 1287 modo
2403 1245 2527 1288 esse
2572 1242 2741 1285 causa
2784 1228 2993 1295 videri,
3044 1229 3141 1286 sed
3189 1245 3222 1287 e
3269 1230 3552 1286 contrario

1968 1322 2347 1393 temperantiae
2413 1330 2581 1392 atque
2628 1320 2956 1392 disciplinae.
3014 1322 3108 1377 Sic
3157 1328 3340 1378 autem
3403 1321 3552 1377 istud

1971 1416 2152 1487 ipsum
2174 1413 2489 1480 considera,
2524 1428 2637 1484 quo
2665 1415 2841 1485 magis
2866 1412 3002 1485 quid
3039 1414 3202 1469 velim
3227 1426 3549 1484 assequare.

1969 1507 2075 1575 Qui
2124 1507 2291 1578 igitur
2323 1506 2574 1576 corporis
2609 1506 2930 1578 aegritudine
2970 1506 3252 1572 laborant,
3293 1519 3404 1577 quo
3428 1511 3552 1559 tan·

1969 1604 2094 1659 dem
2143 1601 2509 1657 deducimus!
2561 1599 2758 1657 Nonne
2812 1602 2883 1656 ad
2939 1601 3226 1658 medicos?
3285 1606 3547 1673 Apparet.

1971 1691 2167 1763 inquit.
2202 1691 2453 1759 Quonam
2475 1707 2606 1749 vero
2636 1708 2755 1758 eos,
2798 1693 2892 1764 qui
2933 1692 3322 1763 peccaverint?
3355 1692 3549 1748 Nonne

1970 1784 2040 1841 ad
2071 1784 2327 1854 judices?
2357 1782 2598 1841 Necesse
2626 1791 2735 1851 est,
2763 1784 2859 1839 ait.
2878 1782 3175 1848 Nimirum,
3212 1784 3457 1854 inquam,
3488 1792 3550 1838 ut

298 1864 477 1930 καλῶς
515 1868 699 1919 ποιεῖ·
746 1865 974 1931 δικαίως
1016 1865 1125 1938 γὰρ
1169 1866 1377 1938 κρίνεις
1427 1868 1661 1940 Συνέφη.
1690 1868 1764 1923 Τὸ
1814 1870 1873 1925 δὲ
1904 1888 1948 1944 Β
1978 1889 2079 1946 pro
2108 1875 2176 1931 iis
2213 1889 2335 1945 quae
2369 1872 2757 1930 commiserint
2781 1873 2933 1943 juste
2963 1872 3298 1943 puniantur!
3329 1870 3549 1928 Fateor.

297 1956 459 2010 καλὸν
482 1956 751 2028 ὠφέλιμον
780 1957 1052 2028 φαίνεται.
1089 1957 1436 2027 Ὦφελοῦνται
1467 1960 1577 2030 ἀρα
1604 1963 1654 2014 οί
1691 1961 1870 2032 κρινό-

297 2066 471 2121 μενοι.
511 2050 834 2123 Ἀναιρεῖται
870 2050 981 2122 γάρ
1006 2051 1186 2106 αὐτῶν
1226 2035 1348 2116 ταῖς
1396 2051 1650 2122 βασάνοις
1683 2055 1718 2124 ἠ
1768 2068 1869 2105 πο·

293 2141 456 2212 νηρία
494 2140 836 2213 κωλυομένη,
880 2141 1131 2215 καθάπερ
1178 2142 1275 2196 καὶ
1327 2141 1467 2215 πρὸς
1514 2142 1622 2198 τῶν
1670 2142 1872 2215 ἰατρῶν

292 2234 484 2303 τομαῖς
509 2234 606 2288 καὶ
651 2234 963 2306 φαρμάκοις
1005 2236 1063 2291 αί
1115 2234 1284 2289 νόσοι.
1336 2234 1413 2289 Τὸ
1444 2230 1553 2304 γ’ἀρ
1584 2233 1872 2289 ἀδικοῦντα

289 2325 491 2380 διδόναι
515 2326 696 2397 δίκην,
711 2326 1140 2397 ἐπανορθοῦσθαι
1167 2327 1268 2399 τὴν
1284 2326 1460 2400 ψυχήν
1479 2328 1620 2391 ἐστι,
1643 2326 1745 2396 τὴν
1773 2340 1872 2395 με·

203 2408 208 2413 ’
292 2417 465 2487 γάλην
492 2415 648 2470 νόσον
674 2414 890 2471 ἀδικίαν
937 2416 1328 2473 ἀποὸάλλοντα.
1369 2417 1673 2489 Ὦμολόγει.
1704 2414 1771 2468 Τί
1793 2414 1872 2481 δὲ,

290 2509 354 2562 ού
384 2506 527 2561 κατὰ
552 2506 840 2576 ἀναλογίαν
878 2503 991 2561 τῶν
1018 2505 1452 2579 ἁμαρτηθέντων
1496 2505 1594 2570 τὰς
1625 2504 1877 2569 κολάσεις

290 2604 403 2666 τοῖς
424 2600 805 2671 κολαζομένοις
840 2587 1066 2663 δικαίως
1104 2598 1510 2671 προσφέρεσθαι
1540 2598 1669 2668 φῂς,
1705 2595 1874 2651 καθά·

295 2712 400 2768 περ
449 2695 544 2749 καὶ
587 2696 700 2759 τοῖς
758 2692 1165 2767 ἰατρευομένοις
1225 2691 1368 2747 κατά
1427 2691 1718 2761 ἀναλογίαν
1764 2689 1877 2744 τῶν

292 2786 624 2858 τραυμάτων
656 2786 758 2850 τάς
803 2784 1191 2862 χειρουργίας
1228 2783 1567 2839 'Eub-suasu.
1608 2782 1818 2837 Οὐκοῦν
1847 2783 1880 2837 ὁ

298 2878 397 2951 μὲν
425 2875 671 2934 θανάτου
724 2878 935 2951 δράσας
980 2876 1109 2943 ἀξια
1152 2878 1379 2947 τιμᾶται
1416 2875 1632 2947 θανάτῳ
1676 2874 1776 2945 τὴν
1801 2873 1879 2927 δί-

296 2984 423 3039 κην,
455 2971 486 3023 ὁ
523 2969 582 3023 δὲ
613 2968 1156 3042 πληγῶν-πληγαῖς,
1202 2969 1235 3021 ό
1281 2967 1341 3021 δὲ
1385 2965 1602 3038 δεσμῶν
1636 2965 1877 3034 δεσμοῖς.

308 3059 609 3131 Ὦμολόγει.
642 3059 952 3133 Ζημιοῦται
983 3060 1044 3115 δὲ
1078 3062 1109 3114 ὀ
1137 3058 1402 3130 ὀφλήσας,
1438 3057 1598 3130 ἔφην,
1635 3055 1878 3126 δεσμοῖς,

293 3149 330 3221 ἢ
367 3150 624 3222 πληγαῖς,
658 3150 693 3222 ἢ
722 3149 859 3223 ἀλλ’.
883 3148 994 3205 τινὶ
1019 3147 1242 3220 τοιαύτῃ
1266 3147 1530 3219 τιμωρίᾳ,
1567 3145 1715 3209 ὅπως
1741 3143 1885 3198 παύ-

1968 1965 2186 2022 lustum
2228 1979 2398 2037 porro
2446 1979 2612 2020 omne
2653 1965 2855 2022 bonum
2897 1971 3062 2034 atque
3104 1963 3394 2020 honestum
3426 1961 3552 2021 est!

1968 2056 2244 2113 Assensus
2302 2064 2408 2111 est.
2457 2053 2582 2109 lam
2638 2054 2730 2125 qui
2778 2055 2928 2125 iuste
2981 2054 3218 2124 judicat,
3279 2054 3544 2125 praeclare

1972 2144 2146 2213 iacit;
2199 2153 2350 2202 recte
2402 2145 2553 2201 enim
2616 2145 2875 2216 judicati
2931 2144 3049 2201 Non
3094 2146 3335 2217 negavit.
3392 2144 3553 2211 Quod

1973 2249 2160 2294 autem
2184 2236 2388 2293 bouum
2417 2245 2525 2303 est,
2570 2238 2736 2293 etiam
2787 2237 2923 2292 utile
2960 2236 3196 2294 videtur.
3236 2236 3422 2305 Quare
3457 2236 3556 2308 qui

1968 2328 2291 2400 judicantur
2338 2329 2630 2385 utilitatem
2675 2329 2944 2399 capiunt:
2980 2329 3174 2383 borum
3224 2327 3429 2399 quippe
3475 2342 3558 2382 re-

1977 2434 2167 2490 pressa
2204 2418 2448 2490 nequitia
2501 2418 2842 2476 cruciatibus
2880 2419 3150 2482 evellitur,
3183 2427 3244 2474 ut
3270 2434 3301 2473 a
3329 2417 3556 2474 medicis

1976 2511 2319 2569 sectionibus
2355 2527 2423 2570 ac
2462 2512 2885 2569 medicamentis
2921 2510 3316 2583 zegrotation‘es
3356 2510 3556 2566 tollun-

1967 2612 2089 2660 tur.
2151 2601 2368 2659 Etenim
2433 2618 2560 2659 eum
2616 2604 2713 2674 qui
2763 2602 3024 2672 injuriam
3085 2600 3301 2667 fecerit,
3360 2615 3556 2670 poenas

1978 2696 2153 2762 luere,
2187 2693 2333 2751 idem
2367 2700 2455 2751 est
2495 2702 2663 2765 atque
2713 2695 2899 2749 animo
2933 2694 3159 2765 corrigi,
3183 2702 3240 2749 et
3275 2693 3555 2763 ingentem

1978 2787 2255 2851 morbum,
2296 2786 2402 2841 hoc
2423 2793 2511 2843 est
2536 2785 2886 2855 iniustitiam,
2912 2783 3209 2855 deponere.
3249 2782 3372 2838 Non
3411 2782 3555 2839 diffi-

1979 2880 2217 2936 tebatur.
2242 2877 2387 2946 Quid
2431 2886 2551 2933 tum
2598 2878 2821 2949 postea!
2869 2876 3068 2933 Annon
3109 2892 3212 2947 pro
3253 2876 3440 2932 delicti
3473 2890 3561 2929 ra-

1979 2970 2150 3036 tione,
2176 2971 2306 3040 iure
2352 2969 2423 3026 iis
2471 2968 2567 3040 qui
2607 2968 2917 3041 puniuntur
2941 2967 3110 3039 infligi
3143 2982 3340 3039 poenas
3363 2967 3557 3023 existi·

1976 3076 2122 3126 mas,
2153 3076 2264 3117 non
2290 3060 2453 3117 aliter
2474 3068 2640 3130 atque
2657 3058 2880 3130 aegrotis
2903 3072 3002 3128 pro
3025 3058 3313 3114 vulnerum
3343 3058 3560 3113 ratione

1982 3150 2195 3207 medica
2241 3164 2442 3207 manus
2476 3149 2808 3205 adhibetur?
2846 3148 3055 3205 Annuit
3094 3148 3207 3205 ille.
3254 3146 3424 3220 {gitur
3458 3148 3559 3218 qui

293 3260 455 3316 αηται
500 3242 805 3314 μεταγνοὺς
874 3240 973 3296 τοῦ
1023 3239 1248 3307 ἀδικεῖν,
1300 3238 1455 3305 ξύλον
1504 3236 1757 3307 καθάπερ
1800 3236 1881 3290 δι·
1906 3217 1953 3278 C
1987 3252 2169 3299 morte
2196 3241 2362 3314 digna
2386 3239 2750 3304 commiserit,
2779 3246 3088 3295 extremum
3129 3238 3186 3295 in
3228 3239 3382 3295 illum
3429 3256 3554 3311 sup·

290 3334 669 3407 εοτραμμένον
690 3378 703 3395 ,
736 3333 993 3406 βασάνοις
1040 3331 1439 3403 εύθυνόμενοςς
1482 3329 1880 3402 ’Δληθέστατα,

294 3425 421 3500 ἐφη,
448 3426 650 3496 λέγεις.
672 3426 1007 3502 Τιμωρεῖται
1036 3423 1146 3495 γάρ
1180 3422 1345 3479 αὐτὸν
1369 3422 1432 3476 ού
1452 3421 1549 3476 τοῦ
1579 3419 1884 3493 παρεληλυ-

223 3581 232 3591 ,
292 3518 444 3584 θότος
469 3519 817 3591 ἐγκλήματος
853 3518 1020 3574 ἕνεκα
1062 3519 1093 3571 ὀ
1119 3513 1404 3586 δικαστὴς,
1446 3513 1584 3567 ἀλλὰ
1613 3512 1710 3567 τοῦ
1753 3512 1883 3583 μέλ-

292 3611 495 3675 λοντος,
520 3612 671 3675 ὅπως
698 3609 776 3681 μὴ
804 3609 904 3684 καλ
930 3604 1093 3667 αὖθις
1136 3608 1290 3675 ποιῇ.
1326 3604 1498 3657 Τοῦτο
1546 3602 1728 3674 δῆλον,
1754 3602 1878 3674 ἔφη.

1989 3335 2215 3407 plicium
2265 3332 2607 3390 decernitur.
2661 3331 2768 3399 Qui
2821 3332 3051 3388 verbera
3102 3332 3403 3400 meruerit,
3460 3341 3558 3387 aut

1978 3424 2220 3491 vincula,
2286 3424 2628 3488 verberibus,
2679 3431 2775 3479 aut
2819 3423 3055 3480 vinculis
3080 3432 3388 3479 coercetur.
3430 3424 3559 3479 Hae

1980 3515 2074 3572 ille
2121 3515 2307 3573 fassus
2340 3522 2446 3572 est.
2476 3514 2616 3570 Tum
2645 3529 2753 3585 ego
2783 3532 2799 3568 ε
2834 3513 3043 3571 vinclis
3072 3515 3279 3587 itaque,
3316 3515 3559 3571 verberi-

1982 3604 2109 3667 bus.
2161 3615 2327 3676 atque
2382 3604 2437 3659 id
2486 3619 2662 3674 genus
2702 3604 2992 3675 suppliciis
3028 3606 3122 3674 qui
3144 3607 3434 3663 convictus
3466 3614 3556 3663 est

302 3706 363 3757 ὐ
400 3704 513 3771 γὰρ
534 3698 733 3766 δεσμὸς
760 3694 912 3762 αὐτῷ
955 3692 1119 3762 δῆλον
1157 3692 1235 3755 ὡς
1260 3691 1360 3761 τὴν
1404 3691 1544 3764 πρὸς
1581 3690 1644 3745 τὸ
1667 3691 1875 3748 ἀδικεῖν
1972 3694 2227 3761 afficitur,
2272 3704 2330 3751 ut
2367 3694 2440 3751 ab
2464 3694 2764 3751 sceleribus
2813 3694 2931 3752 suis
2976 3697 3295 3767 resipiscat,
3345 3713 3410 3755 ac
3447 3700 3552 3767 sie,

293 3790 473 3861 ὁρμὴν
495 3787 730 3855 ἀναιρεῖ,
750 3784 826 3855 μὴ
847 3780 1164 3853 ἐπιτρέπων
1185 3780 1419 3857 ποιείνά
1438 3780 1601 3837 θέλει.
1631 3781 1874 3855 Ἀληθές.
1975 3793 2236 3858 tanquam
2274 3784 2570 3841 distortum
2619 3783 2850 3855 lignum,
2906 3786 3196 3842 tormentis
3232 3787 3548 3857 corrigitur.

298 3877 512 3938 Οὐκοῦν
550 3875 793 3949 εἴργεται
841 3872 939 3930 τοῦ
984 3872 1339 3945 ἀμαρτάνειν,
1396 3873 1505 3927 τῶν
1544 3873 1755 3945 δεσμῶν
1800 3874 1878 3946 μὴ
1975 3875 2279 3934 Verissime
2308 3874 2361 3931 id
2391 3875 2612 3947 quidem
2645 3890 2861 3941 narras,
2893 3875 3089 3947 inquit.
3112 3875 3233 3932 Non
3266 3886 3378 3932 tam
3406 3879 3553 3934 onim

300 3966 519 4024 ἐώντων
546 3962 991 4038 ὶλευθεριάζοντα
1040 3961 1278 4035 χρῆσθαι
1319 3965 1445 4027 ταῖς
1477 3965 1711 4036 ἡδοναῖς,
1741 3963 1880 4019 ἀλλά
1975 3967 2050 4023 ob
2078 3966 2419 4038 praeteritum
2444 3964 2677 4031 crimen,
2711 3980 2874 4035 quam
2911 3967 3077 4021 futuri
3104 3967 3333 4023 cavendi
3356 3972 3554 4039 gratia,

302 4059 835 4125 συστελλόντων,καὶ
871 4057 935 4111 τὸ
968 4056 1176 4111 δίκαιον
1201 4054 1558 4111 διδασκόντων
1579 4058 1742 4128 τιμᾷν
1767 4054 1875 4109 ἐστ’
1978 4056 2145 4129 iudex
2203 4058 2258 4112 in
2324 4057 2478 4112 illum
2559 4056 2967 4114 animadvertit.
3022 4058 3298 4130 Apparet,
3355 4061 3554 4132 inquit.

302 4154 370 4207 ἂν
418 4147 716 4222 ἀπομάθῃ·
763 4145 1175 4217 νουθετούμενος
1224 4148 1545 4218 σωφρονεῖν.
1590 4146 1876 4212 Φαίνεται,
1983 4147 2197 4218 Quippe
2232 4146 2449 4202 vincula
2498 4145 2646 4201 illius
2681 4146 2751 4201 ad
2801 4147 3043 4202 facinora
3087 4149 3348 4219 impetum
3382 4151 3555 4220 repri-

300 4244 429 4316 ἔφη.
1972 4246 2143 4295 τουιιι
2165 4278 2183 4305 ,
2238 4237 2368 4294 dum
2418 4252 2542 4308 quae
2588 4237 2717 4293 velit
2763 4252 2865 4308 pro
2923 4239 3153 4295 arbitrio
3211 4241 3390 4297 iacere
3441 4258 3552 4299 non

301 4336 649 4411 permittunt.
698 4332 868 4389 ltecte
920 4331 1167 4388 omnino.
1223 4330 1367 4404 Ergo
1411 4347 1444 4387 a
1486 4330 1767 4405 peccando
1828 4331 2182 4403 prohibetur,
2234 4331 2382 4403 quod
2445 4346 2574 4387 eum
2629 4329 2847 4385 vincula
2894 4329 3065 4387 libere
3143 4332 3198 4386 in
3244 4332 3553 4403 voluptates

300 4430 634 4504 praecipitem
662 4425 1122 4498 serriprobibeut,
1155 4425 1254 4483 sed
1299 4433 1659 4498 compescunt
1711 4426 1919 4497 potius,
1976 4440 2044 4481 ac
2083 4426 2354 4496 iustitiam
2411 4427 2595 4484 colere
2641 4426 2940 4495 perdocent
2963 4466 2980 4491 ,
3038 4425 3217 4483 donec
3273 4427 3551 4497 ejusmodi

302 4526 659 4597 castigatione
702 4524 1125 4594 temperantiam
1174 4521 1627 4587 condiscat.‘1ta,
1671 4522 1873 4593 inquit,
1914 4519 2157 4577 videtur.

372 4618 513 4674 Οὔτε
547 4617 725 4671 τοίνυν
751 4615 1302 4687 παραίτιοςόδεσμδς
1319 4615 1565 4683 γίγνεται
1587 4615 1682 4669 τοῦ
1707 4616 1885 4686 πλημ-
1913 4622 1960 4679 1)
2054 4613 2176 4671 Non
2215 4611 2384 4684 igitur
2423 4611 2633 4683 pcccati
2664 4611 2831 4684 5oe
2860 4626 3085 4668 causam
3118 4610 3339 4667 vincula
3382 4610 3553 4666 susti·

306 4710 510 4781 μελεΐν,
534 4709 613 4773 ὼς
635 4708 799 4761 ἔοικε.
825 4704 1155 4777 Σωφρονίζει
1181 4705 1310 4775 γὰρ,
1334 4704 1431 4760 καὶ
1457 4706 1602 4760 ποιεῖ
1626 4705 1884 4760 δικαιοτέ-

309 4819 436 4874 ρους
472 4798 916 4873 ἀλεξιφάρμακον
959 4796 1038 4852 ὢν
1071 4796 1277 4868 ψυχῆς,
1322 4796 1593 4869 αὐστηρὸν
1644 4797 1744 4866 μὲν
1786 4797 1883 4850 καὶ

306 4894 580 4967 δηκτικὸν,
613 4892 753 4947 ἀλλὰ
792 4890 1021 4945 ίατικόν.
1059 4888 1251 4958 Δῆλον,
1286 4888 1416 4959 ἔφη.
1455 4889 1522 4941 Τί
1561 4888 1707 4961 γάρ;
1746 4887 1881 4957 φέρε

307 4987 419 5059 γὰρ
450 4984 793 5057 ἐξετάζωμεν
820 4982 982 5038 πάλιν
1014 4980 1089 5035 τὰ
1120 4979 1452 5051 ἔμπροσθεν.
1491 4980 1568 5034 Οὐ
1594 4979 1794 5050 δεσμὸν
1819 4978 1883 5033 τδ

312 5078 473 5148 σῶμα
500 5076 591 5130 διά
616 5076 717 5147 τὴν
753 5073 1065 5145 παράδασιν
1100 5070 1337 5134 δέδωκας
1364 5063 1506 5124 εἶναι
1538 5068 1638 5139 τῆς
1666 5068 1880 5139 ψυχῆςς

311 5171 423 5225 Καὶ
457 5168 671 5238 δίδωμι,
713 5164 839 5234 ἔφη.
893 5161 1253 5234 ’Δμαρτάνειν
1300 5159 1361 5214 δὲ
1399 5161 1501 5231 τὴν
1536 5160 1712 5231 ψυχὴν
1747 5159 1887 5230 μετὰ

311 5254 584 5326 σώματος,
617 5251 775 5323 εἰπερ
796 5250 857 5303 τὸ
886 5248 1199 5321 μοιχᾰσθαι,
1232 5248 1480 5317 φονεύειν
1510 5266 1571 5302 τε
1630 5247 1723 5302 καὶ
1754 5248 1885 5301 ἀσε-

231 5378 247 5390 ·
315 5348 430 5401 δεῖν
456 5344 701 5417 ἁμαρτία
727 5360 811 5398 σοι
838 5342 1009 5406 δοκεῖ,
1037 5340 1076 5396 ἀ
1107 5340 1247 5412 μετὰ
1280 5341 1375 5395 τοῦ
1408 5343 1659 5412 σώματος
1681 5341 1715 5412 ὴ
1737 5339 1886 5411 ψυχὴ

318 5441 495 5504 mah
539 5437 880 5492 Ἔπένευσεν.
918 5432 1078 5489 Ἀλλὰ
1108 5433 1200 5488 τὸν
1217 5433 1503 5505 &andremo
1528 5432 1885 5505 ὡμολογήσα-

320 5542 419 5595 μεν
482 5526 559 5596 μὴ
610 5525 870 5581 δύνασθαι
920 5523 1126 5579 ἀδικεῖν
1150 5540 1194 5594 ς,
1230 5523 1702 5594 Ὦμολογήσαμεν,
1752 5522 1880 5592 ἔφη.

319 5617 639 5674 Κωλύεσθαι
674 5619 732 5673 δὲ
769 5617 1131 5688 ἀλγυνόμενον
1172 5612 1277 5668 ὑπὸ
1313 5614 1424 5668 τῶν
1466 5613 1710 5684 δεσμῶνς
1751 5614 1881 5670 Ναί.

320 5710 528 5780 Δεσμὸς
576 5710 634 5765 δὲ
669 5712 703 5783 ἡ
759 5710 896 5777 σὰρξ
933 5710 1033 5779 τῆς
1076 5707 1292 5777 ‹lvxi-53
1338 5703 1673 5759 Ἔπένευσεν.
1719 5703 1882 5758 Ἀλλά

323 5801 705 5873 ἁμαρτάνομεν
741 5803 892 5865 ὄντες
932 5802 989 5853 ἐν
1025 5797 1208 5869 σαρκὶ,
1246 5793 1602 5865 ὀμοδοξούσης
1643 5795 1775 5866 ἡμῖν
1804 5798 1883 5860 εἰς

322 5890 482 5953 τοῦτο
509 5893 606 5967 τῆς
636 5892 876 5965 σαρκός;
919 5884 1349 5960 Ἀμαρτάνομεν,
1383 5884 1509 5959 ἔφη.
1550 5885 1609 5939 '0
1631 5885 1688 5941 δὲ
1718 5903 1885 5941 πεπε-

1980 4722 2115 4765 nere
2139 4705 2416 4771 videntur,
2447 4704 2544 4760 sed
2572 4704 2690 4759 baec
2713 4703 2896 4774 potius
2918 4701 2986 4757 ad
3005 4701 3247 4758 osticium
3267 4708 3552 4767 revocant,

1979 4812 2047 4853 ac
2067 4797 2330 4868 justiores
2355 4794 2597 4852 efficiunt
2615 4834 2632 4860 ,
2662 4808 2788 4850 cum
2819 4793 2966 4849 velut
3001 4794 3324 4864 praesidiarii
3363 4794 3554 4863 cujus·

1983 4886 2114 4943 dam
2158 4886 2543 4944 medicamenti
2567 4885 2690 4940 loco
2713 4884 2860 4951 sint3
2885 4883 3092 4941 austeri
3124 4883 3346 4956 quidem
3381 4884 3553 4947 illius.
3597 4940 3609 4950 ,
3669 4900 3672 4904 ’

1982 4993 2050 5034 ac
2071 4977 2368 5044 mordacis,
2394 4978 2491 5035 sed
2521 4984 2702 5033 umen
2726 4975 3160 5047 praesentissimi.
3194 4973 3557 5045 Perspicuum

1982 5070 2123 5127 illud
2157 5079 2265 5137 est,
2321 5069 2521 5138 inquit.
2560 5067 2703 5136 Quid
2751 5069 2954 5139 porro?
2986 5083 3107 5139 age,
3163 5082 3383 5125 rursum
3433 5083 3561 5139 qua

1982 5162 2241 5234 superius
2278 5162 2457 5231 posita
2504 5169 2635 5218 suut
2680 5161 3078 5231 expendamus.
3111 5155 3234 5213 Non
3261 5168 3317 5213 tu
3353 5173 3558 5230 eorpus

1981 5253 2054 5309 ob
2098 5252 2382 5319 delictum,
2428 5252 2704 5323 quoddam
2753 5252 2952 5306 anima
2990 5248 3273 5305 vinculum
3295 5264 3422 5306 esse
3449 5258 3560 5306 sta-

1980 5344 2170 5400 tuisti!
2204 5343 2318 5415 Ego
2343 5358 2476 5400 vero
2527 5351 2728 5408 statuo,
2777 5341 2973 5413 inquit.
3003 5340 3088 5396 Ad
3141 5340 3280 5405 baec,
3331 5356 3560 5410 peccare

1981 5444 2109 5486 cum
2139 5445 2373 5502 corpore
2397 5431 2661 5494 animam,
2714 5431 2761 5488 si
2788 5428 3010 5502 quidem
3045 5428 3399 5498 adulterium,
3426 5444 3555 5501 par·

1986 5521 2241 5577 ricidium
2259 5529 2316 5577 et
2341 5521 2593 5592 impietas
2615 5530 2838 5590 peccata
2859 5529 3012 5587 sunt,
3033 5536 3158 5591 qun
3178 5535 3305 5576 cum
3328 5534 3559 5589 corpore

1986 5610 2169 5665 anima
2214 5611 2534 5682 perpetrat!
2568 5611 2858 5667 Annuente
2897 5610 3033 5667 illoz
3078 5611 3275 5682 Atqui,
3308 5612 3552 5680 inquam,

1990 5701 2229 5758 vinctum
2253 5702 2434 5758 scelus
2455 5703 2663 5757 nullum
2678 5703 3018 5758 committere
3041 5717 3202 5773 posse
3224 5699 3555 5757 fatebamur?

1989 5793 2147 5851 Fassi
2193 5795 2420 5852 omuino
2468 5810 2690 5860 sumus,
2745 5794 2946 5865 inquit,
2982 5796 3325 5851 vinculorum
3352 5790 3555 5861 quippe

1989 5884 2183 5943 dolore
2238 5887 2595 5963 cruciatuque
2644 5883 2924 5959 prohiberi
2957 5885 3146 5946 etiam.
3178 5881 3391 5955 Corpus
3421 5893 3553 5936 vero
