3850 6517
300 488 403 550 7⁰5

966 488 1330 547 ADVERSUS
1366 490 1705 549 HAERESES
1733 492 1863 550 ΗΒ.
1901 493 1945 550 1.
1985 492 2153 552 Tou.
2193 490 2370 549 m.—
2405 490 2682 551 ssAERES.
2726 493 2886 552 xm.

3423 504 3532 557 ‘2oe

363 607 473 659 Καὶ
498 604 603 660 ποῦ
634 606 664 659 ό
690 605 817 677 ὅρος
857 604 887 657 ό
913 604 1164 677 διορίζων
1202 605 1304 671 τὰς
1342 579 1492 679 τρεῖς
1523 609 1695 681 ἀρχὰς
1724 611 1863 666 κατὰ
1888 612 1936 670 Δ
2030 612 2198 683 308
2240 608 2362 676 Quo
2403 610 2621 679 quidem
2667 589 2986 676 constituto,
3022 612 3110 668 ubi
3141 612 3231 669 ille
3260 614 3526 671 terminus

298 701 383 754 τὸν
412 697 508 752 τοῦ
538 697 778 768 ἀγύρτου
815 697 915 767 τῆς
937 696 1243 762 ὑποθέσεως
1266 698 1458 767 λόγον;
1486 702 1857 773 Ζητηθήσεται

296 789 404 859 γὰρ
438 786 700 858 τέταρτός
719 802 805 850 τις
838 786 1261 852 ἐπιεικέστατος,
1303 788 1399 842 καὶ
1425 788 1535 841 τῶν
1559 788 1726 860 τριῶν
1768 806 1859 843 σο-

296 877 558 951 φώτερος,
582 874 928 948 όριογνώμων
947 893 1008 930 τε
1021 878 1118 931 καὶ
1131 879 1468 950 ἐπιστήμων,
1497 879 1558 943 δς
1587 880 1657 936 τά
1686 880 1860 952 μέτρα

296 970 513 1040 ἑκάστῳ
567 968 805 1039 διένειμέ
856 985 917 1022 τε
950 971 1045 1024 καὶ
1077 972 1206 1037 τοὺς
1244 973 1396 1044 τρεῖς
1424 973 1856 1044 είρηνοποίησεν.

298 1061 360 1113 Et
386 1060 444 1112 δὲ
495 1059 569 1131 μή
598 1060 616 1090 ¹
648 1058 997 1114 στασιάσαιεν
1039 1063 1176 1132 πρὸς
1219 1063 1504 1135 ἀλλήλους,
1540 1065 1673 1136 μηδὲ
1693 1067 1775 1130 είς
1791 1064 1862 1119 τὰ

294 1148 455 1202 ἀλλου
478 1148 635 1211 ἀλλος
683 1147 1022 1202 ἀπωστέλλει.
1052 1151 1162 1204 Καὶ
1192 1145 1347 1217 οὗτος
1376 1153 1499 1224 μέν,
1539 1154 1731 1218 πείσας
1763 1154 1861 1220 τάς

295 1240 442 1310 τρεῖς
492 1237 688 1310 ἀρχάς,
728 1238 1084 1311 εὑρεθήσεται
1119 1242 1377 1314 τέταρτος
1408 1245 1503 1297 καὶ
1535 1244 1859 1316 σοφώτερος,

295 1328 390 1382 καὶ
416 1328 820 1401 ἐπιεικέστερος
838 1344 854 1361 ·
888 1330 984 1383 καὶ
1008 1330 1169 1396 αὐτὸς
1200 1331 1258 1385 δὲ
1299 1335 1357 1387 ἐν
1384 1332 1499 1404 ἰδίῳ
1528 1333 1678 1404 τόπῳ
1701 1333 1862 1387 πάλιν

296 1415 663 1488 ζητηθήσεται
684 1456 702 1483 ,
736 1416 830 1487 ἀφ’
862 1412 1034 1490 οὗπερ
1055 1420 1135 1484 είς
1167 1420 1329 1489 μέσον
1376 1416 1506 1491 ἦλθε
1533 1423 1642 1476 τῶν
1670 1422 1859 1494 τριιῖιν,

295 1508 390 1561 καὶ
431 1508 645 1577 ἐκάστῳ
689 1508 752 1562 τὸ
804 1508 967 1581 μέρος
1017 1509 1199 1579 σοφῶς
1245 1509 1515 1583 διώρισεν,
1545 1512 1634 1567 ἵνα
1671 1513 1745 1585 μή
1779 1514 1861 1577 είς

296 1600 558 1672 ἀλλήλους
603 1600 855 1655 ἀδικοῖεν.
889 1602 954 1654 Et
992 1602 1053 1655 δέ
1104 1603 1163 1655 ἐν
1183 1604 1296 1666 τοῖς
1324 1603 1419 1657 τοῦ
1449 1604 1589 1668 ἐνὸς,
1630 1604 1774 1672 λέγω
1796 1604 1861 1675 δὴ

296 1692 392 1745 τοῦ
420 1689 775 1763 δημιουργοῦ,
802 1691 862 1745 αῖ
881 1690 976 1745 δύο
998 1691 1162 1763 ἀρχαί
1188 1691 1324 1747 εἰσιν
1350 1693 1858 1765 ἐμπολιτευόμεναι,

297 1782 326 1834 δ
356 1798 417 1834 τε
460 1781 694 1853 πονηρὸς
721 1783 781 1836 ἐν
806 1783 922 1845 τοῖς
948 1780 1043 1834 τοῦ
1081 1780 1409 1853 δημιουργοῦ
1441 1782 1648 1855 χώραις
1676 1801 1736 1837 τε
1769 1784 1864 1837 καὶ

296 1870 513 1943 χώροις,
572 1872 668 1924 καὶ
716 1871 747 1925 ό
796 1870 892 1925 τοῦ
944 1871 1146 1940 ἀγαθοῦ
1202 1871 1434 1944 Χριστὸς
1485 1875 1858 1947 ἐπιδημήσας·

1959 701 2067 756 erit
2095 717 2125 755 a
2156 716 2269 772 quo
2299 716 2366 756 ex
2410 702 2731 771 impostoris
2759 703 2908 759 illius
2954 705 3211 775 opinione
3254 706 3360 759 tria
3400 716 3530 762 sunt

1961 793 2053 848 illa
2103 793 2374 864 principia
2426 795 2716 863 separata?
2767 795 3105 860 Quaerendus
3137 797 3394 852 nimirum
3423 798 3530 853 erit

1960 891 2191 954 quartus
2235 882 2451 960 aliquis·
2478 885 2849 953 aequissimus,
2905 901 2970 940 ac
3000 887 3177 944 tribus
3208 888 3528 959 sapientior,

1959 976 2109 1031 velut
2145 975 2380 1030 limitum
2429 974 2730 1047 finiumque
2773 980 3135 1049 regendorum
3173 983 3400 1049 peritus,
3432 967 3528 1052 qui

1962 1079 2124 1120 suum
2155 1065 2355 1135 cuique
2381 1066 2603 1120 modum
2636 1067 2906 1132 attribuit,
2938 1083 3001 1122 ac
3025 1083 3214 1137 pacem
3240 1069 3382 1124 inter
3405 1071 3528 1126 illos

1962 1154 2249 1220 stabilivit,
2301 1160 2362 1207 ut
2407 1170 2477 1209 ne
2519 1154 2756 1226 amplius
2789 1171 2821 1210 a
2858 1169 2922 1211 se
2951 1165 3140 1211 mutuo
3173 1156 3528 1223 dissiderent,

1962 1252 2057 1298 aut
2090 1245 2231 1299 alter
2265 1244 2533 1301 satellites
2565 1259 2697 1301 suos
2721 1246 2779 1301 in
2809 1247 3103 1302 stationem
3148 1247 3380 1305 alterius
3426 1248 3530 1302 im·

1959 1335 2200 1391 mitteret
2225 1353 2240 1391 ε
2263 1345 2427 1406 atque
2451 1336 2542 1391 ille
2566 1335 2785 1406 quidem
2814 1352 2949 1407 pace
2974 1338 3116 1394 inter
3138 1339 3245 1394 tria
3266 1340 3531 1410 principia

1961 1426 2260 1481 constituta
2285 1433 2518 1496 quartus
2547 1427 2942 1491 numerabitur,
2973 1430 3188 1486 caeteris
3212 1421 3531 1501 prudentior

1961 1531 2026 1571 ac
2057 1516 2295 1586 justior3
2325 1523 2382 1573 et
2408 1516 2552 1573 idem
2590 1526 2771 1572 tamen
2810 1517 2927 1587 ipse
2958 1520 3179 1588 proprio
3208 1536 3276 1579 ac:
3298 1531 3448 1575 certo
3473 1521 3530 1575 in

1962 1607 2086 1663 loco
2113 1606 2441 1677 quaerendus
2475 1615 2581 1666 est.
2618 1623 2649 1662 a
2677 1622 2789 1678 quo
2817 1610 2983 1663 trium
3030 1608 3085 1662 in
3124 1610 3360 1664 medlum
3395 1624 3528 1679 pro·

1961 1712 2189 1774 gressus
2217 1698 2518 1767 unicuique
2542 1706 2751 1768 partem
2783 1713 2939 1753 suam
2978 1699 3115 1754 scite
3143 1713 3207 1753 ac
3230 1700 3406 1768 perite
3429 1700 3531 1754 tri·

1963 1892 2092 1932 vero
2135 1876 2182 1931 si
2210 1875 2288 1929 .in
2334 1875 2497 1931 unius
2542 1883 2672 1944 puta
2718 1876 2985 1931 creatoris
3031 1876 3380 1945 possessione
3420 1876 3573 1930 duo‘

294 1962 477 2016 οὐκέτι
492 1962 600 2031 ἀρα
628 1952 930 2035 κριτήςκαὶ
952 1962 1281 2035 δημιουργὸς
1303 1966 1458 2038 μόνον
1485 1966 1860 2038 εὑρεθήσεται,
1891 1952 1935 2009 Β
1962 1940 2229 2033 principia
2258 1969 2586 2026 vei-sentum
2621 1963 2797 2018 malus
2829 1964 3112 2027 nimirum,
3151 1964 3243 2033 qui
3279 1964 3332 2017 in
3365 1964 3531 2034 hujus

295 2054 430 2109 ἀλλά
484 2054 580 2107 καὶ
629 2053 853 2123 ἀγαθὸς,
898 2056 1199 2126 συγχωρῶν
1227 2058 1341 2119 τοῖς
1368 2056 1520 2110 δυσὶν
1543 2059 1622 2120 είς
1648 2054 1719 2109 τά
1752 2056 1862 2111 ἴδια

297 2145 469 2197 ποιεῖν
499 2142 531 2196 δ
569 2141 875 2212 βούλονται·
906 2142 940 2213 ἢ
982 2142 1220 2214 ἀδρανής
1248 2142 1624 2214 εὑρεθήσεται,
1663 2145 1759 2197 καὶ
1785 2143 1861 2216 μή

298 2233 495 2304 ἰσχύων
526 2231 765 2288 κωλῦσαι
795 2232 905 2287 τῶν
934 2232 1077 2287 ἰδίων
1093 2235 1217 2297 τοὺς
1241 2232 1553 2305 ἀλλοτρίως
1581 2233 1858 2305 ἅρπαγας.

295 2328 428 2381 Εῑδέ
454 2326 549 2380 καὶ
568 2326 751 2396 ήσσων
766 2328 835 2397 τῇ
859 2325 1084 2396 δυνάμει
1106 2325 1478 2391 ἐστὶν,ὀύκέτι
1502 2325 1861 2399 εὑρεθήσεται

298 2419 334 2486 ὴ
377 2416 703 2486 δημιουργία
767 2415 1077 2468 συνεστῶσα
1097 2431 1112 2446 ·
1160 2415 1273 2469 ἀλλ’
1330 2413 1578 2480 ἐξέλιπεν
1624 2413 1861 2472 ἔκπαλαι

303 2503 723 2578 ἀναρπαζομένη
774 2503 895 2557 καθ’
958 2503 1191 2576 ἐκάστην
1238 2504 1453 2576 ἡμέραν
1498 2504 1606 2559 ὑπό
1648 2522 1709 2559 τε
1762 2501 1860 2558 τοῦ

301 2592 540 2666 πονηροῦ
579 2595 661 2658 είς
686 2591 751 2645 τὸ
793 2591 922 2645 ίδιον
953 2591 1143 2662 μέρος,
1169 2591 1268 2645 καὶ
1294 2592 1399 2646 ὑπὸ
1417 2589 1514 2648 τοῦ
1548 2590 1752 2660 ἀγαθοῦ
1780 2593 1861 2656 είς

297 2683 367 2737 τά
394 2683 527 2738 ἀνω.
570 2684 681 2738 Καὶ
723 2681 827 2735 ποῦ
856 2681 938 2735 ἔτι
962 2683 997 2753 ή
1030 2680 1363 2753 δημιουργία
1410 2681 1765 2754 σταθήσεται;
1796 2682 1864 2736 Et

295 2775 354 2829 δὲ
383 2775 467 2828 ὄτι
497 2775 673 2847 χρόνῳ
701 2772 878 2846 λήξει,
898 2772 1099 2843 λέγεις,
1132 2772 1226 2826 καὶ
1251 2771 1480 2827 δυνατὸν
1503 2770 1705 2844 ταύτην
1726 2772 1863 2836 ὅλως

296 2865 484 2936 λήγειν
510 2865 596 2919 διά
653 2866 752 2936 τῆς
791 2862 887 2917 τοῦ
924 2862 1131 2933 ἀγαθοῦ
1176 2861 1527 2934 ἐπιμελείας·
1587 2862 1780 2917 οὐκοῦν
1833 2864 1866 2917 ὁ

295 2957 502 3025 ἀγαθὸς
529 2955 699 3022 αἴτιος
715 2956 816 3028 τῆς
842 2953 1049 3027 βλάὅης
1069 2953 1224 3009 ἔσται
1252 2954 1282 3007 ό
1303 2953 1381 3026 μὴ
1406 2952 1576 3009 πάλαι
1605 2953 1862 3025 ποιήσας,

292 3050 433 3119 ὅπερ
485 3048 708 3123 ὕστερον
765 3048 968 3119 ἀγαθὸν
1017 3047 1196 3116 ἔδοξεν
1248 3045 1537 3111 ἐπιτελεῖν,
1574 3046 1713 3117 μήτε
1755 3044 1864 3117 μήν

293 3136 616 3209 πεποιηκὼς
657 3140 767 3195 ἀπὸ
801 3139 911 3193 τῶν
961 3139 1247 3205 ἀνέκαθεν,
1271 3140 1404 3211 πρὶν
1424 3140 1460 3212 ή
1492 3139 1619 3202 τοὺς
1646 3138 1862 3202 πλείους

292 3228 636 3300 ἀδικηθῆναι,
690 3230 787 3283 καὶ
847 3227 1131 3298 ἐγκαθέξει
1176 3229 1199 3260 ⁸
1251 3228 1451 3293 αὐτοὺς
1484 3226 1736 3299 γενέσθαι
1766 3225 1861 3281 τοῦ

294 3316 505 3390 κριτοῦ,
538 3318 635 3372 καὶ
662 3318 815 3373 κάτω
851 3316 1236 3390 μεμενηκέναι.

1963 2051 2281 2121 regionibus
2308 2049 2553 2119 locisque
2584 2050 2840 2117 resideat,
2882 2061 2937 2108 et
2961 2068 2992 2106 a
3017 2054 3163 2108 bono
3193 2054 3393 2108 missus
3420 2054 3528 2110 ibi-

1961 2141 2193 2211 demque
2220 2155 2569 2197 commorans
2603 2140 2888 2207 Christus;
2916 2157 3258 2212 consequens
3285 2150 3392 2208 est,
3419 2159 3530 2199 non

1961 2232 2112 2286 illum
2143 2230 2306 2285 modo
2334 2230 2577 2300 judicem
2609 2245 2674 2291 at:
2706 2231 3066 2298 conditorem,
3101 2234 3196 2288 sed
3235 2243 3290 2290 et
3327 2234 3528 2294 bonum

1960 2335 2102 2385 esse,
2137 2320 2231 2390 qui
2267 2321 2533 2376 ambobus
2577 2319 2947 2394 quodcunque
2987 2321 3134 2394 apud
3177 2338 3237 2379 se
3270 2332 3533 2394 cupeoent

1960 2428 2121 2485 agere
2143 2413 2489 2483 permiserit;
2514 2420 2610 2466 aut
2637 2429 2769 2468 sane
2789 2428 3049 2483 perquam
3073 2416 3177 2469 erit
3198 2415 3529 2480 imbecillus,

1963 2503 2057 2573 qui
2096 2502 2401 2557 alienorum
2440 2501 2748 2572 direptores
2779 2517 3037 2559 coercere
3066 2506 3396 2576 nequiverit.
3428 2504 3535 2575 lgi-

1963 2602 2054 2650 tur
2096 2585 2290 2649 demus
2334 2593 2487 2648 illum
2529 2594 2745 2649 viribus
2779 2596 3043 2665 imparem
3075 2612 3218 2663 esse,
3258 2611 3532 2667 nusquam

1962 2684 2288 2738 fabricatum
2324 2696 2462 2751 opus
2501 2681 2571 2737 ab
2616 2697 2680 2736 eo
2713 2691 2974 2739 constare
3005 2686 3236 2754 poterit;
3273 2686 3367 2741 sed
3391 2686 3535 2758 jam·

1918 2801 1921 2805 ‡
1963 2772 2174 2844 pridem
2223 2771 2563 2827 interciderit
2615 2779 2852 2842 oportet,
2900 2788 3023 2826 cum
3067 2774 3262 2831 diebus
3304 2776 3534 2847 singulis

1961 2864 2276 2933 decerptum
2303 2859 2542 2917 indidem
2569 2862 2774 2930 aliquid
2807 2864 3007 2933 partim
3040 2880 3069 2918 a
3095 2867 3236 2920 malo
3257 2867 3534 2937 propriam

1963 2955 2020 3012 in
2048 2955 2350 3026 regionem,
2384 2953 2582 3025 partim
2618 2968 2647 3006 a
2702 2954 2846 3009 bono
2897 2955 2952 3009 in
2987 2957 3271 3025 superiora
3302 2955 3538 3013 transse-

1961 3054 2137 3102 ratur.
2190 3043 2422 3101 Ubinam
2467 3058 2598 3115 ergo
2626 3043 2848 3099 demum
2877 3045 3009 3099 illud
3039 3047 3315 3116 opilicium
3342 3046 3533 3101 consi·

1964 3138 2104 3194 stet?
2132 3135 2191 3191 Si
2220 3135 2479 3207 paulatim
2531 3136 2840 3192 desiturum
2885 3135 3245 3208 respondeas,
3293 3152 3359 3192 ac
3407 3135 3538 3192 boni

1964 3243 2099 3283 cura
2149 3226 2442 3298 studioque
2491 3226 2660 3297 finem
2719 3229 3017 3300 aliquando
3073 3236 3542 3297 consecuturumg

1889 3309 1938 3371 C
1969 3331 2152 3372 nonne
2180 3316 2316 3371 illati
2350 3316 2536 3372 damni
2573 3317 2789 3388 culpam
2824 3318 3004 3374 bonus
3047 3318 3152 3374 isle
3201 3319 3496 3375 sustinebit
3521 3332 3540 3370 ε

295 3413 392 3483 qui
434 3414 578 3483 quod
620 3413 758 3469 boni
805 3404 1003 3469 secisse
1043 3420 1235 3484 postea
1276 3401 1432 3470 visus
1473 3418 1582 3476 est,
1620 3424 1734 3466 non
1763 3408 1856 3465 diu
1895 3420 2040 3474 ante,
2097 3409 2343 3480 adeoque
2380 3409 2538 3464 initio
2573 3409 2886 3480 perfecerit.
2942 3418 3236 3481 antequam
3300 3411 3546 3482 plerique

297 3503 557 3576 tujuria-
583 3505 914 3575 acciperent,
942 3512 996 3559 et
1023 3504 1079 3558 in
1098 3503 1300 3574 judicis
1326 3512 1599 3575 potestate
1628 3501 1860 3565 detenti,
1900 3500 2164 3556 inferiore
2195 3500 2317 3556 loco
2349 3500 2729 3557 remanerent-‘l

363 3590 449 3649 Π.
468 3593 637 3649 Πάλιν
658 3593 717 3649 δέ
738 3594 810 3649 τά
836 3593 940 3667 τῆς
968 3592 1120 3660 θείας
1150 3596 1378 3668 Γραφῆς
1401 3595 1504 3647 οὐκ
1526 3593 1705 3665 ὀρθῶς
1730 3590 1867 3647 νοῶν

290 3686 578 3760 προφέρει,
633 3686 727 3741 καὶ
757 3686 884 3751 τοὺς
928 3686 1221 3758 ἀκεραίους
1247 3683 1494 3756 ἐξαπατᾷ
1528 3684 1867 3757 διαστρέφων

290 3777 353 3832 τὸ
382 3777 475 3830 τοῦ
523 3776 846 3830 Ἀποστόλου
904 3776 1061 3845 ῥητὸν
1084 3813 1101 3838 ,
1158 3774 1239 3825 ὅτι
1288 3773 1544 3840 Χριστὸς
1572 3771 1733 3840 ἡμᾶς
1764 3772 1864 3837 ἐξ·

293 3868 597 3936 ηγόρασεν
625 3865 694 3917 ὲκ
725 3864 835 3931 τῆς
866 3861 1126 3931 κατάρας
1155 3860 1264 3915 τοῦ
1291 3861 1511 3931 νόμου,
1548 3864 1865 3932 γενόμενος

295 3957 451 4024 ὑπὲρ
478 3953 648 4024 ἡμῶν
675 3953 922 4022 κατάρα.
945 3951 1056 4006 Καί
1082 3968 1244 4023 φησιν
1261 3966 1278 3983 ·
1296 3952 1361 4005 Εἰ
1384 3947 1527 4023 ἦμεν
1559 3952 1862 4018 αὐτοῦ,οὺκ

299 4046 369 4099 ἂν
414 4043 476 4097 τὸ
504 4040 698 4096 ἐαυτοῦ
747 4041 1036 4113 ἠγόραζεν.
1081 4039 1381 4111 ’Δγοράσας
1400 4040 1458 4094 δέ
1481 4042 1559 4105 είς
1586 4041 1863 4116 ἀλλότριον

302 4135 502 4206 κόσμον
530 4131 696 4207 ἦλθεν
719 4134 864 4205 ἡμᾶς
902 4132 1167 4205 ἀγοράσαι
1200 4131 1328 4195 τοὺς
1359 4132 1460 4185 οὐκ
1485 4130 1644 4195 ὄντας
1672 4131 1859 4187 αὑτοῦ.

302 4225 516 4297 Ποίημα
538 4224 648 4296 γὰρ
674 4220 814 4296 ἦμεν
841 4223 1047 4295 ἐτέρου,
1082 4223 1176 4277 καὶ
1201 4221 1290 4276 διά
1323 4221 1481 4276 τοῦτο
1510 4224 1659 4294 ἡμᾶς
1687 4223 1869 4288 αὐτὸς,

298 4314 568 4386 ἠγόραζεν
621 4315 701 4378 είς
752 4312 848 4386 τὴν
903 4309 1096 4367 ἐαυτοῦ
1135 4311 1301 4384 ζωήν.
1335 4314 1546 4383 ’Δγνοεῖ
1574 4314 1633 4367 δὲ
1665 4314 1801 4378 ὅλως
1838 4314 1868 4367 ό

296 4408 532 4479 ήλίθιος,
558 4408 642 4461 ὅτι
660 4404 783 4460 οὔτε
804 4406 1035 4480 Χριστὸς
1048 4406 1294 4478 κατάραν
1314 4407 1415 4479 τήν
1444 4405 1534 4460 διά
1551 4409 1651 4476 τῆς
1680 4408 1865 4479 ἁμαρ·

295 4498 416 4564 τίας
476 4498 630 4571 ήμῶν
659 4497 893 4567 ἀφεῖλεν,
950 4497 1140 4551 ἐαυτὸν
1195 4496 1538 4569 σταυρώσας,
1579 4498 1674 4550 καὶ
1713 4497 1865 4565 γενό-

301 4604 461 4661 μενος
502 4588 731 4651 θάνατος
765 4588 979 4658 θανάτῳ
1006 4586 1097 4641 διά
1129 4587 1230 4652 τὰς
1258 4588 1534 4659 ἀμαρτίας
1558 4587 1737 4660 ήμῶν,
1767 4587 1864 4642 καὶ

2051 3588 2184 3646 Vlll.
2217 3587 2338 3645 lani
2394 3591 2544 3659 quod
2593 3606 2625 3647 e
2672 3590 2849 3647 sacris
2904 3588 3286 3661 depromptum
3321 3589 3544 3647 Litteris

1971 3680 2149 3747 affert,
2178 3697 2244 3738 eo
2276 3696 2564 3753 perperam
2600 3681 2904 3748 intellecto,
2944 3688 3109 3749 atque
3155 3680 3402 3748 Apostoli
3449 3680 3546 3736 de·

1968 3782 2195 3843 pravata
2233 3775 2527 3838 sententia,
2570 3771 2890 3831 rudioribus
2922 3770 3110 3825 fucum
3146 3770 3339 3841 objicit
3370 3788 3386 3824 ε
3417 3784 3543 3826 cum

1967 3866 2043 3920 ita
2083 3864 2329 3935 loquitur
2373 3863 2672 3935 Apostolus
2704 3880 2720 3917 ε
2759 3860 3003 3917 Christus
3049 3876 3144 3914 nos
3189 3876 3222 3912 a
3262 3858 3543 3915 maledicto

1966 3955 2205 4019 redemit,
2229 3968 2325 4023 pro
2350 3954 2499 4008 nobis
2524 3954 2700 4023 [actus
2731 3950 3070 4005 maledictum
3090 3949 3133 4001 ὅ.
3161 3949 3239 4003 Ex
3265 3963 3375 4018 quo
3397 3948 3545 4005 istud

1969 4035 2205 4114 colligit3
2241 4043 2288 4100 si
2320 4043 2494 4114 ipsius
2545 4056 2817 4105 essemus,
2866 4054 2975 4095 non
3022 4039 3212 4109 utique
3248 4035 3396 4108 quod
3430 4036 3544 4107 jam

1969 4151 2130 4191 suum
2160 4142 2279 4192 erat
2307 4131 2719 4201 redempturum
2758 4130 2951 4187 fuisse.
2996 4127 3134 4183 Cum
3176 4128 3346 4199 igitur
3384 4130 3546 4186 rede·

1964 4229 2133 4285 misse
2162 4226 2398 4291 dicatur,
2429 4238 2657 4280 necesse
2684 4232 2770 4279 est
2794 4223 3033 4277 alienum
3064 4221 3120 4278 in
3150 4222 3419 4277 mundum
3448 4238 3546 4295 pe-

1972 4319 2094 4375 dem
2123 4318 2394 4389 posuisse,
2427 4322 2488 4369 ut
2518 4330 2620 4371 nos
2650 4315 2742 4385 qui
2776 4314 2920 4370 illius
2950 4327 3060 4368 non
3092 4327 3362 4379 essemus,
3399 4312 3547 4369 redi·

1972 4417 2164 4465 meret.
2205 4406 2356 4479 Opus
2403 4407 2550 4463 enim
2598 4420 2823 4462 eramus
2874 4404 3126 4470 alterius,
3179 4404 3412 4476 ideoque
3445 4419 3549 4461 nos

1968 4500 2133 4554 vitam
2158 4499 2226 4552 ad
2246 4511 2400 4552 suam
2419 4495 2872 4567 transportandos
2902 4496 3151 4553 redemit.
3182 4493 3385 4553 Verum
3412 4496 3548 4552 illud

1966 4588 2249 4644 hominum
2296 4586 2692 4643 stolidissimus
2737 4585 2975 4656 ignorat,
3015 4604 3360 4659 nequaquam
3391 4587 3551 4643 enri-
3635 4579 3643 4586 ’

299 4677 511 4749 κατάρα
560 4675 726 4739 αὐτὸς
768 4678 835 4747 τῇ
876 4676 1092 4748 κατάρᾳ
1139 4675 1448 4748 γενόμενος.
1490 4676 1582 4730 Διὸ
1619 4678 1721 4732 οὐκ
1748 4677 1864 4732 ἐστι
1894 4693 1942 4750 1)
1971 4688 2115 4735 stum
2145 4675 2496 4733 maledictum
2532 4675 2726 4740 l'uisse,
2752 4676 2897 4733 absit
2920 4685 2980 4732 ut
2999 4677 3270 4748 ejusmodi
3288 4677 3548 4748 quiddam

297 4767 532 4840 Χριστὸς
586 4766 821 4837 κατάρα,
854 4764 992 4820 ἀλλά
1011 4766 1111 4839 τῆς
1149 4769 1394 4839 κατάρας
1434 4767 1617 4834 λύσις·
1644 4770 1863 4840 εὐλογία

298 4859 358 4913 δέ
379 4860 515 4913 πᾶσι
553 4861 664 4924 τοῖς
690 4860 770 4924 είς
805 4859 966 4913 αὐτὸν
990 4859 1204 4933 ἀληθῶς
1238 4863 1676 4918 πεπιστευκόσιν.
1708 4862 1865 4918 Οὕτω

309 4950 405 5005 καὶ
423 4951 503 5014 τὸ,
529 4950 920 5021 ἐξηγόρασεν,
943 4952 1043 5006 οὐκ
1056 4948 1229 5020 εἶπεν,
1256 4954 1584 5024 ἠγόρασεν.
1601 4953 1738 5009 Οὗτε
1753 4955 1864 5028 γάρ

301 5044 386 5107 εἰς
433 5040 711 5114 ἀλλότριον
746 5036 908 5115 ἦλθεν
955 5043 1199 5118 ἀρπάσαι
1234 5045 1269 5116 ή
1293 5046 1604 5117 ἀγοράσαι.
1643 5047 1707 5100 Et
1755 5047 1865 5119 γὰρ

299 5135 590 5208 ήγόρασεν,
624 5132 700 5205 μή
750 5132 889 5204 ἔχων
925 5134 1192 5208 ἠγόρασε,
1238 5135 1333 5189 καὶ
1371 5136 1448 5200 ὡς
1477 5136 1690 5213 πτωχὸς
1713 5135 1751 5191 ἀ
1787 5135 1863 5210 μὴ

302 5221 447 5296 εἶχεν
469 5225 758 5296 ἐκτήσατο.
800 5223 912 5280 Καὶ
931 5225 963 5279 δ
979 5226 1001 5258 ⁸
1026 5227 1361 5299 κεκτημένος
1381 5229 1530 5300 ήμᾶς
1555 5228 1861 5300 πέπρακεν,

301 5313 584 5385 ἀπορήσας
608 5312 911 5386 πέπρακεν,
941 5313 1049 5369 ἀπό
1075 5332 1219 5379 τινος
1258 5316 1368 5387 ἀρα
1397 5316 1676 5371 δανειστοῦ
1707 5316 1869 5371 ἐλαυ-

306 5404 551 5475 νόμενος.
568 5405 707 5459 Ἀλλ’
733 5406 834 5459 οὐκ
858 5403 971 5477 ἔχει
995 5403 1191 5468 οὓτως.
1220 5403 1356 5459 Οὔτε
1388 5405 1497 5479 γὰρ
1513 5403 1692 5474 εἶπεν,
1730 5405 1864 5477 ήγό-

304 5511 493 5567 ρασεν,
525 5494 662 5560 ἀλλ’,
695 5497 1086 5566 ἐξηγόρασεν.
1122 5494 1345 5566 Ὅμοιον
1367 5494 1425 5549 δέ
1443 5495 1617 5566 τούτῳ
1646 5496 1677 5550 ό
1702 5497 1866 5563 αὐτὸς

302 5584 459 5655 ἀγιος
519 5586 836 5652 ’Δπόστολός
898 5604 1063 5659 φησιν
1088 5603 1105 5620 ·
1186 5584 1706 5658 Ἐξαγοραζόμενοι
1755 5587 1867 5643 τὸν

302 5671 533 5741 καιρόν,
561 5671 651 5729 ὅτι
673 5675 735 5729 αἱ
762 5672 976 5745 ἡμέραι
1006 5676 1264 5745 πονηραί
1293 5676 1436 5729 εἱσι.
1458 5675 1571 5730 Καὶ
1596 5675 1698 5747 οὐχ
1718 5676 1860 5749 ήμέο

1968 4768 2333 4835 arbitremur;
2369 4766 2466 4823 sed
2510 4781 2636 4822 cum
2670 4768 2815 4822 ultro
2859 4782 3077 4823 crucem
3112 4768 3388 4832 subiisset,
3417 4781 3551 4823 con-

1973 4867 2206 4917 tractum
2232 4875 2264 4916 a
2300 4860 2462 4916 nobis
2487 4874 2555 4915 ex
2593 4866 2818 4931 peccato
2848 4858 3197 4916 maledictum
3234 4858 3548 4922 abstulisse,

1969 4949 2135 5023 309
2163 4961 2222 5006 ιιι
2250 4966 2400 5009 mors
2426 4949 2830 5022 quodammodo
2859 4952 3054 5008 mortis
3083 4958 3230 5007 esset
3264 4949 3424 5019 culpa
3448 4963 3550 5005 no-

1972 5055 2087 5100 stra
2139 5053 2438 5114 susceptae,
2502 5042 2785 5114 ipsiusque
2846 5044 3122 5100 maledicti
3174 5041 3546 5097 maledictum.

1972 5130 2155 5200 Quare
2183 5132 2532 5189 maledictum
2559 5133 2815 5192 Christus
2843 5150 2954 5191 non
2992 5146 3094 5200 est,
3127 5133 3224 5189 sed
3261 5131 3549 5189 dissolutio

1972 5222 2280 5291 maledicti;
2329 5231 2520 5280 contra
2569 5240 2702 5283 vem
2749 5225 3054 5282 benedictio
3091 5222 3346 5278 omnibus
3372 5231 3458 5280 est
3489 5222 3548 5280 in

1969 5328 2097 5369 eum
2133 5328 2260 5369 vere
2287 5327 2353 5369 ac
2392 5314 2605 5373 sineere
2646 5316 3017 5373 credentibus.
3058 5311 3214 5369 Unde
3239 5321 3295 5370 et
3325 5316 3547 5370 redemit

1968 5405 2234 5476 scriptum
2287 5414 2415 5475 est,
2461 5422 2574 5463 non
2614 5410 2760 5464 emit.
2811 5406 2998 5477 Neque
3025 5405 3170 5470 enim
3209 5405 3265 5463 in
3311 5406 3547 5464 alienam

1969 5500 2376 5571 possessionem
2429 5500 2718 5573 diripiendi
2774 5502 2860 5558 vel
2913 5502 3127 5559 emendi
3174 5502 3348 5574 gratia
3375 5500 3544 5559 venit.

1969 5587 2106 5643 Nam
2137 5589 2185 5645 si
2214 5599 2440 5660 emeret,
2477 5591 2626 5665 quod
2660 5600 2788 5650 ante
2814 5608 2922 5649 non
2957 5593 3214 5662 babebat,
3234 5601 3458 5663 emeret,
3479 5605 3546 5669 ae

1970 5678 2209 5736 mendici
2261 5680 2438 5739 instar
2479 5683 2682 5757 quibus
2723 5695 2975 5745 caruerat
3025 5686 3133 5746 sibi
3182 5690 3544 5759 compararet.

375 5823 395 5855 ί
425 5819 487 5878 F.
515 5821 602 5876 ῖνα
632 5823 729 5892 μή.
802 5824 824 5857 ¹
854 5821 917 5879 F.
944 5823 1002 5879 ἐν
1034 5821 1270 5888 καθέξει.
1344 5822 1511 5884 ’Con
1543 5824 1628 5891 ὃς.
1702 5824 1732 5903 ἦ
1750 5825 1930 5889 Galat.
1963 5833 2049 5896 ln,
2084 5828 2173 5884 ¹3.
