3850 6517
294 503 401 559 ⁵45

1012 497 1383 555 ADVERSUS
1418 496 1764 555 RAERESES
1799 495 1933 553 Lm.
1973 496 2228 555 ¹:108.
2269 496 2332 553 ll.
2353 526 2423 539 -
2458 492 2734 554 RAERES.
2766 494 2985 555 xxxn.

3432 498 3540 557 520

293 617 400 679 τοῖς
446 613 548 686 τὴν
596 611 861 684 ἀλήθειαν
905 612 1440 684 καταμανθάνουσιν,
1473 612 1557 666 ὅτι
1602 606 1685 677 εἷς
1730 611 1861 677 Θεός
1893 618 1938 673 Α
1965 626 2145 681 neque
2193 610 2453 681 superius
2485 610 2598 677 sit,
2648 624 2832 682 neque
2893 609 3150 677 inferius,
3199 589 3540 685 ltilimumrc,

291 708 458 772 ἐστιν,
486 707 517 760 ό
546 704 762 777 Πατὴρ,
792 704 888 760 καὶ
916 704 1066 769 Υἱὸς,
1100 704 1197 759 καὶΙ
1234 703 1389 773 ἀγιον
1430 703 1676 776 Πνεῦμα.
1712 704 1776 757 Et
1803 703 1862 758 δὲ

290 794 371 864 εἷς
408 796 544 862 Θεός
589 797 761 859 ἐστιν,
795 796 860 862 ἐξ
895 788 959 849 οὐ
1002 794 1073 850 τά
1110 795 1309 861 πάντα,
1337 792 1462 850 οὔτε
1496 813 1551 849 τι
1577 794 1865 869 ἀριστερόν

290 893 441 944 ἐστιν
469 889 529 941 ὲν
564 887 739 958 αὐτῷ,
773 886 896 941 οῦτε
932 886 1220 957 ἐλάττωμα
1251 888 1461 959 ἕτερον,
1488 886 1615 941 οὐτε
1647 904 1701 941 τι
1732 887 1867 941 ὐπο-

293 980 529 1053 6ε6ηκὸς
550 1021 567 1047 ,
608 978 749 1052 πλὴν
797 978 906 1033 τῶν
948 978 1045 1033 ὑπ’
1084 978 1251 1060 αὐτοῦ
1293 979 1649 1052 ὲκτισμένων.
1682 977 1766 1032 T&
1807 978 1866 1033 δὲ

297 1071 440 1143 μετά
482 1070 722 1143 Πατέρα,
766 1069 862 1123 καὶΙ
906 1068 1059 1134 Υίδν,
1090 1068 1187 1123 καὶ
1234 1067 1390 1139 ἅγιον
1418 1067 1645 1141 Πνεῦμα
1686 1067 1867 1122 πάντα

296 1162 476 1227 καλῶς
506 1160 822 1233 ἐκτισμένα,
859 1159 959 1214 καὶ
996 1161 1079 1225 είς
1112 1160 1372 1217 σύστασιν
1393 1157 1674 1217 ὐπ’-αὐτοῦ
1697 1158 1867 1231 ἀφθό-

300 1272 406 1319 νως
431 1248 491 1309 εὗ
518 1250 952 1325 προεληλυθότα.
1828 1278 1838 1287 ·

329 1522 439 1579 -Β,
477 1520 544 1574 Et
573 1518 633 1574 sk
662 1518 760 1574 καὶ
788 1515 949 1572 πάλιν
978 1515 1097 1591 ἐρεῖ
1137 1515 1169 1570 ό
1208 1513 1451 1579 τοιοῦτος
1488 1515 1621 1587 ἡμῖν
1664 1512 1863 1587 προελ-

293 1612 403 1666 θὼν
432 1613 617 1683 ἔτερος
653 1610 806 1680 ῦφιςξ
832 1605 917 1664 ὅτι
959 1608 1031 1663 τά
1062 1607 1160 1680 μὶν
1188 1605 1338 1672 δεξιὰ
1379 1606 1475 1661 καὶ
1515 1604 1771 1676 εὐώνυμα
1801 1607 1868 1660 ἐκ

292 1702 386 1757 τοῦ
420 1702 538 1766 ἐνὸς
564 1700 822 1773 ὑπάρχει,
851 1697 1014 1763 αὐτὸς
1039 1697 1100 1751 δὲ
1126 1695 1452 1767 μεσαίτατός
1472 1695 1609 1759 ἐστι,
1630 1694 1727 1749 καὶΙ
1748 1694 1872 1748 ἐαυ-

293 1797 373 1867 τῷ
405 1797 505 1868 μὲν
534 1795 869 1867 προσάγεται
896 1791 966 1846 τά
998 1789 1169 1855 δεξιὰ,
1195 1790 1291 1843 καὶ
1315 1788 1494 1861 χαίρει
1528 1787 1762 1852 τούτοις,
1782 1786 1870 1841 δε-

292 1886 384 1952 ξιὰ
411 1887 470 1941 δὲ
502 1885 658 1939 καλεῖ
695 1883 792 1938 καὶΙ
823 1881 971 1953 φῶς·
998 1880 1071 1935 τά
1101 1880 1160 1934 δὲ
1197 1879 1453 1952 εὐώνυμα
1497 1879 1575 1945 ώς
1615 1878 1870 1950 ἀλλότρια

1963 709 2329 773 praeterquam
2362 714 2484 770 quae
2512 700 2584 757 ab
2605 715 2673 755 eo
2710 700 2931 757 condita
2955 710 3117 769 sunt:
3153 702 3366 773 eritque
3393 701 3542 759 veri·-

1965 792 2097 849 tatis
2152 792 2343 865 gnaris
2397 790 2543 847 baud
2599 791 2920 858 obscurum,
2952 807 3124 848 unum
3183 790 3352 849 Deum
3394 806 3542 859 esse.

1965 882 2208 949 Patrem,
2240 880 2442 939 Filium
2475 890 2531 939 et
2560 880 2833 954 Spiritum
2862 892 3140 940 sanctum.
3164 883 3286 940 lam
3314 884 3367 940 si
3397 900 3542 943 unus

1966 973 2113 1031 Deus
2131 980 2239 1039 est,
2260 988 2293 1029 a
2323 988 2436 1045 quo
2457 983 2588 1029 sunt
2611 974 2830 1030 omnia:
2861 974 2994 1029 nibil
3019 990 3200 1046 neque
3231 976 3539 1044 sinistrum,

1966 1079 2146 1136 neque
2176 1064 2285 1120 alia
2315 1064 2530 1120 ratione
2550 1062 2812 1121 deficiens
2839 1064 3003 1120 inerit
3034 1065 3163 1136 ipsi,
3186 1082 3364 1138 neque
3402 1067 3542 1125 inl'e-
3588 1110 3593 1119 .

1966 1156 2085 1213 rius
2132 1164 2331 1228 praeter
2373 1157 2466 1212 illa
2503 1170 2625 1226 quae
2662 1157 2994 1228 procreavit.
3037 1157 3249 1214 Caetera
3280 1169 3405 1229 post
3447 1158 3550 1214 Pa-

1966 1257 2108 1304 trem
2143 1247 2343 1305 Filium
2363 1289 2381 1316 ,
2430 1247 2807 1321 spiritumque
2855 1258 3109 1307 sanctum
3158 1251 3422 1321 praeclare
3470 1250 3545 1308 ab

1965 1352 2032 1394 eo
2066 1337 2334 1408 producta
2372 1345 2525 1406 sunt,
2556 1353 2624 1395 ac
2665 1339 2808 1396 citra
2833 1340 3000 1397 ullam
3027 1340 3291 1397 invidiam
3325 1341 3545 1414 egregie

1964 1427 2291 1485 constituta.

2035 1517 2104 1573 ll.
2130 1517 2288 1584 Quod
2312 1518 2363 1576 si
2387 1518 2660 1589 ejusmodi
2680 1518 2902 1590 quidam
2930 1519 3091 1577 nobis
3113 1534 3144 1576 e
3159 1519 3386 1577 latebris
3408 1519 3544 1576 edu·-

1966 1621 2091 1667 ctus
2120 1625 2348 1682 serpens
2374 1612 2617 1682 objiciat,
2646 1612 2718 1667 ab
2744 1626 2855 1668 uno
2882 1626 3006 1669 esse
3031 1612 3222 1669 dextra
3253 1611 3457 1684 pariter
3487 1620 3544 1668 et

1967 1701 2218 1769 sinistra,
2245 1702 2392 1772 quod
2429 1703 2605 1773 ipsum
2634 1702 2693 1758 in
2725 1718 2917 1760 eorum
2945 1704 3126 1762 medio
3158 1713 3428 1772 versetur,
3461 1705 3542 1761 si·

1968 1788 2136 1859 bique
2165 1804 2288 1860 quae
2337 1783 2530 1846 deitra
2572 1793 2702 1848 subt
2742 1792 3010 1858 asciscat,
3070 1793 3248 1863 iisque
3287 1796 3545 1865 gaudeat,

1968 1887 2025 1937 et
2060 1881 2251 1936 eadem
2289 1880 2606 1938 dextrorum
2650 1894 2717 1936 ac
2749 1882 2972 1937 luminis
3009 1883 3244 1954 appellet
3289 1882 3544 1949 nomine,

293 1974 483 2037 αὐτοῦ,
508 1977 605 2031 καὶ
636 1974 731 2029 ἐπὶ
753 1971 1017 2057 ἀριστερὰ
1039 1969 1271 2060 κείμενα
1300 1969 1602 2024 ἀπωθεῖται
1623 1984 1637 1999 ·
1662 1968 1869 2037 λεγέτω
1900 1986 1944 2046 B
1969 1978 2163 2026 contra
2193 1984 2325 2025 vero
2354 1970 2580 2025 sinistra
2605 1979 2862 2042 tanquam
2894 1986 2927 2027 a
2966 1986 3027 2029 se
3056 1974 3255 2038 aliena,
3291 1979 3348 2027 et
3373 1972 3429 2027 in
3453 1972 3545 2027 lae-

294 2084 385 2137 μοι
411 2064 576 2120 πόθεν
605 2062 869 2137 λαμόάνει
893 2061 1101 2133 ταύτην
1126 2060 1226 2132 τὴν
1250 2060 1615 2133 γεωμετρίαν,
1646 2059 1735 2113 ἶνα
1761 2075 1865 2113 κα-

291 2157 399 2222 λῶς
442 2156 680 2229 ῥυθμίσῃ
723 2154 1097 2239 ἀμετάστατον
1122 2150 1302 2219 δεξιάν
1330 2168 1393 2205 τε
1421 2151 1515 2205 καὶ
1557 2149 1860 2221 εὐώνυμον.

291 2252 476 2325 Παρ’,η
484 2252 576 2322 μῖν
594 2250 703 2322 γὰρ
720 2247 873 2316 δεξιὰ
890 2246 1117 2311 είκότως
1138 2245 1482 2318 ὀνομάζεται,
1505 2246 1628 2317 ητοι
1648 2244 1866 2316 ἀριστε-

294 2342 383 2410 ρά,
419 2342 531 2397 ἀπὸ
568 2341 677 2395 τῶν
705 2342 764 2395 ὲν
792 2338 872 2411 τῷ
898 2337 1115 2413 σώματι
1160 2337 1529 2411 πεπηγμένων
1576 2333 1866 2409 μελῶν,“ὶν

293 2428 373 2493 οἷς
399 2430 649 2484 οὐδέποτε
666 2429 934 2502 ὲναλλαγὴ
950 2430 1180 2499 γίνεται.
1207 2428 1290 2484 T&
1309 2429 1368 2484 δὲ
1394 2427 1552 2492 ἐκτὸς
1581 2424 1743 2499 ἡμῶν
1773 2424 1865 2479 δῦ-

299 2536 454 2574 ναται
476 2514 616 2573 εἶναι
640 2519 769 2573 ποτὶ
804 2510 903 2591 μὶν
947 2518 1116 2585 δεξιὰ,
1152 2520 1283 2574 ποτε
1303 2520 1362 2575 δὲ
1385 2517 1665 2590 εὐώνυμα.
1694 2515 1867 2571 Παντὶ

300 2612 401 2682 μὲν
430 2609 536 2683 γὰρ
561 2610 638 2681 τῷ
660 2610 855 2683 όρῶντι
874 2610 1017 2665 κατά
1034 2611 1297 2684 ἀνατολὴν
1320 2612 1494 2675 νότος,
1520 2610 1619 2664 εἴτ’
1640 2606 1735 2665 οῦν
1768 2626 1867 2681 με·

295 2701 567 2774 σημδρία,
596 2700 747 2767 δεξιὰ
774 2700 1141 2773 κληθήσεται·
1173 2701 1237 2755 τὸ
1260 2700 1432 2770 κλίμα
1450 2700 1511 2755 Bk
1538 2700 1602 2754 τὸ
1634 2699 1863 2772 βόρειον,

293 2795 410 2865 ητοι
441 2792 708 2865 ἀρκτῷον,
738 2792 1045 2865 ἀριστερόν.
1082 2792 1158 2847 Τὸ
1179 2791 1238 2846 δὲ
1265 2790 1535 2846 ἀνάπαλιν
1556 2790 1650 2845 ἐπὶ
1686 2792 1757 2844 τὰ
1775 2790 1869 2844 δυ·

290 2884 417 2937 τικά
451 2884 591 2956 μέρη
621 2883 1056 2958 ἀναστραφέντος
1079 2881 1371 2956 ἀνθρώπου
1388 2881 1554 2947 τινὸς,
1580 2880 1868 2954 εὐρεθήσε·

290 2990 381 3027 ται
412 2973 772 3044 ετερωνόμως
792 2974 862 3029 τά
887 2972 1144 3044 κλίματα,
1174 2972 1315 3045 ὅπερ
1356 2972 1466 3045 πρὸ
1506 2971 1655 3044 ὥρας
1695 2968 1868 3036 δεξιὸν

296 3064 527 3137 ὑπῆρχε,
548 3066 724 3120 νότιόν
765 3080 829 3121 τε
877 3063 1264 3137 μεσημβρινὸν,
1292 3065 1376 3129 είς
1420 3062 1687 3137 ἀριστερὰ
1710 3059 1868 3127 αὖθις

294 3155 762 3229 μεταόαλλόμενον
779 3172 796 3188 ·
824 3155 921 3211 καὶ
960 3155 1023 3210 τὸ
1052 3155 1135 3220 είς
1164 3153 1430 3228 ἀριστερὰ
1463 3154 1561 3210 τοῦ
1600 3172 1747 3220 τινος
1771 3168 1869 3211 κε.

292 3227 554 3318 aalma..
592 3246 905 3321 ανομωιω,
934 3247 1031 3301 etv·
1058 3242 1153 3301 οὖν
1198 3245 1471 3319 ερκτῷον,
1512 3246 1614 3301 εῖτ·
1645 3242 1740 3302 οὖν
1773 3246 1867 3318 βό.

1965 2077 2033 2117 va
2048 2067 2201 2131 parte
2218 2060 2483 2117 collocata
2511 2059 2774 2132 repudiet;
2793 2062 2962 2126 dicat,
2989 2077 3196 2133 quaeso,
3223 2063 3369 2119 unde
3392 2063 3544 2120 illam

1965 2151 2318 2224 geometriam
2339 2150 2608 2217 hauserit,
2633 2163 2693 2208 ut
2719 2152 2967 2209 dextram
3005 2154 3396 2226 sinistramque
3423 2156 3545 2213 sine

1964 2243 2076 2298 ulla
2109 2242 2412 2299 mutatione
2438 2250 2779 2300 constantem
2797 2243 3084 2301 commode
3103 2246 3375 2302 metiatur.
3404 2245 3544 2304 Nam

1963 2332 2108 2404 apud
2158 2349 2261 2391 nos
2311 2333 2502 2390 dextra
2556 2335 2852 2392 sinistrave
2912 2338 3272 2408 quorumdam
3328 2341 3545 2398 ratione

1964 2424 2360 2491 membrorum,
2391 2441 2514 2497 quae
2545 2426 2652 2481 lixa
2689 2435 2840 2493 sunt,
2879 2429 3076 2485 merito
3107 2437 3391 2500 vocantur,
3421 2446 3544 2503 qun

1965 2515 2266 2586 permutari
2297 2515 2529 2572 invicem
2580 2527 2879 2589 nequeunt.
2920 2517 3054 2586 Qum
3083 2536 3216 2578 vero
3248 2532 3402 2578 extra
3440 2539 3546 2582 nos

1962 2613 2118 2670 sunt,
2148 2607 2287 2664 alias
2317 2606 2510 2664 dextra
2541 2607 2708 2675 flunt,
2750 2610 2889 2666 alias
2926 2610 3170 2667 sinistra.
3203 2613 3415 2667 Etenim
3448 2615 3545 2685 qui

1966 2712 2027 2755 se
2047 2697 2116 2752 ad
2148 2699 2415 2754 orientem
2443 2698 2762 2764 obverterit,
2790 2700 2881 2756 bic
2899 2700 2968 2757 ad
2988 2700 3268 2758 dexteram
3295 2713 3544 2762 austrum

1965 2789 2080 2846 sive
2105 2790 2386 2846 meridiem
2418 2789 2661 2855 babebit,
2698 2792 3101 2863 septentriones
3133 2793 3202 2849 ad
3233 2795 3536 2853 sinistram.

1968 2878 2064 2936 Sin
2094 2881 2434 2938 occidentem
2471 2897 2668 2939 versus
2694 2899 2816 2941 sese
2863 2887 3211 2952 converterit,
3239 2888 3428 2945 mundi
3464 2890 3543 2945 illi

1964 2971 2223 3028 cardines
2281 2970 2516 3049 diversis
2570 2973 2888 3031 nominibus
2936 2974 3272 3043 afficientur3
3315 2994 3545 3051 qumque

1964 3063 2275 3147 pauloxante
2300 3061 2493 3120 dextra
2516 3062 2694 3119 luerat
2717 3064 2991 3133 meridies,
3022 3066 3079 3121 in
3113 3068 3392 3124 sinistram
3417 3084 3544 3125 mu·

1965 3155 2219 3211 tabitur:
2260 3169 2382 3225 quae
2432 3155 2500 3210 ad
2542 3154 2823 3212 sinistram
2868 3172 3092 3230 vergere
3122 3157 3409 3216 dicebatur
3439 3160 3545 3217 bo·

1969 3243 2136 3300 minis
2168 3243 2505 3315 aquilonaris
2531 3246 2704 3316 regio,
2740 3247 2808 3301 ad
2845 3245 3124 3303 dexteram
3154 3264 3279 3305 esse
3308 3250 3544 3311 dicetur.

276 3325 437 3408 ’ρειον
478 3336 672 3410 κλίμα,
704 3340 788 3404 είς
816 3338 1000 3407 δεξιὰν
1028 3337 1197 3392 αὐτοῦ
1225 3336 1713 3409 μεταόαλλόμενον.
1752 3335 1865 3393 Ποῦ
1891 3322 1937 3384 G
1971 3334 2202 3392 Ubinam
2238 3351 2371 3407 ergo
2407 3344 2680 3394 veterator
2705 3338 2808 3395 iste
2835 3355 2992 3395 suam
3035 3340 3183 3395 illam
3213 3344 3544 3403 modulando

295 3423 473 3483 τοίνυν
491 3429 522 3481 ό
538 3428 789 3483 ἀπατεὼν
815 3427 1047 3500 ἐφεῦρεν
1078 3426 1258 3499 ἐαυτῷ
1287 3427 1388 3500 τὴν
1409 3427 1554 3483 κατά
1576 3428 1712 3483 Θεὸν
1731 3444 1871 3497 γεω-

301 3520 566 3593 μψίανς
594 3520 707 3576 Καὶ
747 3520 795 3576 ὣ
832 3522 935 3594 τῆς
974 3520 1229 3592 τοιαύτης
1274 3521 1480 3593 πολλῆς
1525 3520 1868 3595 lambrias

295 3610 483 3684 v‘t'flcv&
506 3611 685 3671 πάντα
724 3612 1086 3687 συγχεοῠσηςῑ
1118 3614 1324 3670 Φάσκει
1358 3612 1417 3667 δὲ
1448 3610 1589 3684 μετὰ
1622 3611 1687 3666 τὸ
1714 3610 1874 3666 ὑστέ-

298 3718 450 3774 ρημα
469 3699 583 3774 (85)
609 3701 707 3757 τοῦ
730 3703 1029 3776 τριάκοντα
1046 3709 1065 3739 ⁸
1096 3691 1305 3771 Ᾱίῶνος
1327 3704 1677 3777 γεγενῆσθαι.
1696 3705 1871 3761 Πόθεν

293 3795 402 3869 ἀρα
425 3798 524 3869 τὴν
550 3796 646 3851 τοῦ
668 3799 1047 3870 ὑστερήματος
1073 3800 1235 3868 φύσιν
1253 3799 1608 3869 κατείληφας,
1628 3793 1675 3853 ὦ
1692 3793 1869 3866 οὗτος,

294 3888 329 3957 ἢ
361 3887 677 3941 ἀποστᾶσαν
696 3886 947 3958 δύναμιν,
963 3888 1094 3955 λέγε
1111 3904 1129 3953 ;
1146 3888 1213 3942 Ei
1236 3887 1337 3959 μὲν
1362 3886 1472 3960 γὰρ
1493 3881 1655 3959 εὗρες
1665 3888 1870 3963 ταύτην

299 3976 408 4030 ἀπὸ
441 3975 821 4044 βλαστήματος
848 3973 961 4028 τῶν
984 3974 1118 4039 ἀνω,
1141 3974 1204 4028 οὐ
1234 3975 1480 4046 κτιστὴν,
1510 3973 1646 4029 ἀλλά
1677 3991 1871 4049 γεννη-

299 4066 422 4136 τὴν,
455 4063 642 4134 ἐπειδὴ
666 4063 749 4117 σοί
776 4079 839 4118 τε
865 4064 963 4119 καὶ
978 4062 1059 4136 τῷ
1082 4082 1179 4119 σου
1211 4065 1475 4140 ἐπιστάτῃ
1497 4066 1597 4120 οὐκ
1616 4064 1870 4138 ἐκτισμέ-

301 4172 369 4209 να
391 4155 463 4210 τά
486 4156 681 4211 κτιστά
709 4156 972 4228 ὁρίζεται,
995 4154 1131 4212 ἀλλά
1154 4155 1419 4229 γεννητά·
1447 4158 1545 4214 καὶ
1585 4154 1694 4214 ἀπὸ
1735 4176 1869 4231 μετ-

299 4245 485 4311 ουσίας
515 4246 753 4319 ἑκάστης
792 4246 1008 4318 φύσεως
1047 4250 1178 4321 παρ’
1197 4249 1444 4321 ἑκάστης
1487 4248 1759 4322 λαδούσης
1796 4250 1870 4306 τά

298 4329 454 4399 αὗθις
492 4334 807 4407 γεννώμενα
848 4333 1292 4411 ἀναφῦναι.”Δρα
1320 4353 1385 4407 γε
1416 4338 1561 4393 κατά
1581 4340 1675 4393 τὸν
1701 4338 1869 4393 αὐτοῦ

297 4424 455 4495 λόγον
481 4426 625 4481 κατά
651 4425 851 4481 σαυτοῦ
875 4425 1094 4501 ὁπλίζῃ.
1126 4428 1196 4482 Et
1223 4429 1333 4500 γάρ
1355 4428 1465 4484 ἀπὸ
1488 4428 1599 4484 τῶν
1626 4429 1741 4485 ἀνω
1770 4428 1870 4486 καὶ

294 4516 331 4587 η
364 4516 567 4589 ὑστέρα
606 4515 872 4589 δύναμις,
894 4516 994 4585 καὶ
1019 4518 1057 4590 ἡ
1086 4517 1396 4573 ἀποστασία
1421 4518 1733 4591 γεγένηται,
1764 4518 1867 4590 ἔφυ

294 4607 377 4672 st,
404 4608 482 4671 ιιίς
503 4609 701 4673 εἰπεῖν,
726 4608 825 4663 καὶ
864 4607 1195 4682 ἐόλάστησε·
1221 4609 1442 4681 μετέχει
1480 4609 1590 4681 ἀρα
1614 4610 1727 4666 τῶν
1751 4611 1866 4668 ἀνω

295 4698 648 4770 χαρισμάτων
663 4715 677 4731 ·
721 4698 909 4771 ἐπειδὴ
948 4700 1289 4754 ἐπικοινωνεῖ
1328 4699 1409 4772 τῷ
1453 4700 1789 4773 Πληρώματι
1828 4704 1866 4776 ἡ

297 4784 520 4857 ὐστὲρα,
543 4785 638 4839 καὶ
663 4785 725 4839 τὸ
747 4784 1034 4861 Πληρωμα
1054 4788 1123 4859 τῇ
1145 4786 1377 4860 ὑστέρᾳ·
1406 4790 1502 4843 καὶΙ
1518 4790 1674 4846 οὐδὲν
1693 4808 1867 4865 προσ-

298 4874 648 4947 ενεχθήσεται
673 4876 831 4931 τοῦτο
860 4877 1001 4951 πρὸς
1025 4878 1223 4946 ἐκεῖνο,
1248 4877 1373 4933 οὔτε
1390 4881 1566 4939 ἐκεῖνο
1591 4882 1730 4955 πρὸς
1744 4880 1867 4937 τοῦ·

297 4982 381 5032 το,
408 4965 682 5038 ἑκατέροιν
711 4967 853 5023 κατὰ
896 4968 967 5023 τά
1003 4968 1250 5041 τέρματα
1288 4970 1540 5043 ἀλληλοις
1582 4973 1871 5027 ἐπικοινω-

298 5054 552 5112 νοόντων.
578 5057 690 5111 Καὶ
738 5058 804 5111 ὲκ
850 5058 1054 5124 παντὸς
1080 5060 1242 5131 λόγου
1267 5061 1624 5136 διελεγχθησῃ
1649 5062 1713 5131 ἐξ
1740 5066 1866 5119 ἐπι-

301 5149 509 5220 στιορᾶς
533 5148 787 5220 δαίμονος
806 5147 944 5221 ἔχων
958 5152 1061 5224 τὴν
1085 5152 1185 5224 τῆς
1210 5152 1419 5227 πλάνης
1446 5172 1541 5209 σου
1572 5155 1867 5229 κόσμησιν,

298 5235 520 5291 πάντων
548 5236 797 5294 ἰλεεινῶν
824 5238 1181 5296 ἐλεεινότατεί

300 5452 541 5575 νομένων
561 5521 621 5558 τε
653 5504 747 5558 καὶ
772 5505 1102 5577 λεγομένων,
1132 5504 1238 5561 κάν
1262 5521 1324 5559 τε
1358 5507 1418 5561 ἕν
1446 5506 1652 5581 ἑκάστη
1675 5483 1868 5566 ἰπολλοὶ

369 5655 391 5689 ¹
420 5655 463 5711 F
463 5672 545 5713 or.
572 5649 750 5724 τοῦτο,
785 5665 840 5714 et
873 5676 889 5715 ι
913 5657 1010 5714 τοῦ
1029 5660 1094 5715 tx
1113 5660 1224 5713 τῶν
1252 5676 1434 5733 τριακ.

374 5810 485 5883 (85)
517 5813 739 5869 &donet
760 5811 831 5867 δὲ
845 5812 997 5882 μετὰ
1015 5812 1085 5868 τὸ
1103 5813 1430 5883 ὑστέρημα.
1488 5813 1620 5889 Leg-
1653 5818 1877 5878 omnino

300 5879 455 5937 llaric
481 5884 626 5941 enim
654 5885 890 5941 Secundi
919 5883 1091 5942 ruisse
1125 5885 1449 5942 senteutiam
1475 5887 1663 5946 docuit
1705 5907 1763 5947 u.
1806 5893 1859 5948 1.

1894 4652 1942 4710 D

1971 3425 2083 3484 Deo
2130 3428 2483 3499 geometriam
2533 3429 2776 3500 reperit?
2807 3428 2853 3486 0
2886 3431 3260 3489 incredibilem
3315 3434 3548 3493 futilita-

1968 3526 2102 3584 tem,
2120 3527 2284 3591 atque
2301 3521 2553 3577 universa
2579 3521 2932 3605 miscentem!
2960 3522 3117 3591 Quod
3139 3541 3265 3582 vero
3286 3536 3411 3599 post
3437 3531 3543 3585 tri-

1970 3612 2120 3683 ginta
2140 3612 2266 3668 illos
2289 3612 2493 3669 AEonas
2511 3612 2782 3676 delectum
2801 3616 3078 3673 exstitisse
3094 3625 3302 3686 narrat,
3327 3620 3459 3675 libet
3475 3619 3545 3679 de

1970 3716 2039 3758 eo
2064 3703 2334 3761 sciscitari
2360 3720 2375 3757 ι
2399 3705 2562 3775 210
2579 3704 2728 3761 Heus
2745 3714 2804 3761 tu
2823 3708 2836 3760 l
2856 3705 3019 3765 Potes
3036 3707 3217 3764 dicere
3234 3708 3378 3766 unde
3392 3712 3545 3770 illius

1969 3789 2218 3847 defectus
2246 3800 2500 3847 naturam
2528 3808 2594 3849 ac
2627 3792 3021 3854 desciscentem
3051 3797 3306 3856 virtutem
3339 3815 3544 3873 cogno-

1968 3882 2151 3937 veris?
2174 3880 2233 3938 Si
2257 3884 2404 3939 enim
2434 3898 2467 3939 a
2497 3886 2869 3956 superioribus
2892 3888 3191 3959 pullulasse
3221 3890 3395 3959 dicas,
3428 3909 3542 3952 non
3600 3942 3619 3957 ,

1968 3981 2230 4043 creatam,
2254 3975 2353 4031 sed
2377 3977 2616 4047 genitam
2648 3994 2666 4034 ι
2696 3992 2842 4045 cum,
2873 3994 2942 4036 ex
2960 3987 3058 4036 tua
3080 3995 3149 4039 ac
3181 3984 3430 4055 magistri
3457 3984 3542 4043 tul

1970 4066 2241 4122 sententia
2265 4108 2282 4135 ,
2316 4082 2439 4138 quae
2480 4066 2700 4123 condita
2740 4076 2893 4137 sunt,
2931 4086 3042 4127 non
3072 4080 3256 4129 creata
3300 4073 3541 4145 ruerint,

1969 4158 2068 4215 sed
2107 4158 2287 4230 genita
2332 4177 2348 4215 ε
2382 4172 2449 4215 ac
2497 4160 2706 4231 quavis
2749 4169 2944 4218 natura
2984 4165 3219 4235 quadam
3264 4167 3333 4224 ab
3368 4169 3540 4228 altera

1969 4250 2466 4308 communicatione
2513 4251 2856 4310 transfusum
2903 4254 2959 4311 id
3004 4256 3151 4327 quod
3181 4257 3343 4315 habet
3379 4274 3541 4319 acce-

1966 4341 2134 4409 perit,
2174 4349 2340 4412 atque
2391 4341 2449 4397 in
2494 4342 2671 4399 lucem
2706 4343 3002 4414 prodierit;
3041 4347 3155 4417 jam
3183 4348 3302 4421 ipse
3327 4352 3540 4412 confes-

1969 4430 2127 4487 sione
2160 4437 2259 4487 tua
2306 4430 2555 4488 induaris
2581 4440 2818 4504 oportet.
2858 4432 3070 4491 Etenim
3097 4438 3146 4493 si
3176 4454 3208 4493 a
3239 4443 3543 4514 superiori·

1968 4519 2073 4576 bus
2099 4519 2371 4591 posterior
2398 4520 2491 4574 illa
2518 4521 2693 4577 virtus
2713 4536 2778 4576 ae
2804 4520 3056 4581 derectus
3080 4527 3371 4596 exstiterit,
3394 4530 3540 4589 inde·

1966 4621 2094 4679 que,
2127 4616 2187 4663 ut
2213 4606 2291 4663 ita
2327 4605 2543 4678 loquar,
2573 4607 2877 4679 pullularit,
2929 4614 3033 4668 erit
3049 4615 3209 4685 plane
3236 4619 3541 4675 coelestium

1971 4704 2421 4754 ornamentorum
2448 4698 2723 4770 particeps
2740 4738 2755 4764 ,
2785 4702 3224 4775 quandoquidem
3253 4723 3543 4768 commune

1971 4788 2179 4861 aliquid
2214 4803 2343 4847 cum
2384 4789 2692 4850 Pleromate
2714 4793 2877 4850 babet
2904 4794 2995 4851 illa
3019 4796 3313 4866 posterior,
3338 4810 3393 4855 et
3413 4815 3541 4858 cum

1972 4882 2280 4953 posteriore
2318 4881 2571 4941 Pleroma
2599 4901 2617 4953 ;
2649 4901 2827 4958 neque
2868 4887 3017 4944 aliud
3057 4888 3127 4945 ab
3145 4890 3328 4949 altero
3369 4891 3542 4950 ‹lissi-

1973 4972 2147 5039 debit,
2175 4987 2302 5030 cum
2331 4982 2563 5047 utraque
2590 4979 2974 5038 communibus
3010 4980 3245 5039 invicem
3290 4983 3543 5043 terminis

1974 5062 2320 5132 copulentur.
2371 5065 2734 5132 Quamobrem
2798 5068 3078 5126 bominum
3129 5071 3538 5131 infelicissimel

1975 5165 2086 5206 non
2110 5151 2333 5210 aliunde
2366 5168 2532 5226 quam
2559 5170 2628 5212 ex
2655 5156 2917 5214 daemonis
2944 5160 3210 5216 instinctu
3253 5170 3427 5218 totam
3470 5164 3543 5220 il·

1973 5240 2084 5296 lam
2127 5256 2380 5299 errorum
2437 5245 2691 5305 hausisse
2735 5256 3069 5305 structuram
3097 5252 3248 5307 omni
3275 5267 3345 5309 ex
3385 5263 3545 5326 parto

1972 5333 2339 5390 convinceris.

2038 5420 2135 5481 111.
2167 5422 2296 5493 ,Sed
2329 5443 2400 5484 ne
2430 5429 2561 5503 quid
2605 5445 2636 5487 a
2674 5432 2834 5490 nobis
2884 5434 3353 5506 praetermittatur,
3393 5439 3538 5509 quod

1974 5526 2007 5568 a
2042 5530 2320 5589 quoquam
2351 5520 2569 5579 dicatur
2595 5532 2693 5581 aut
2721 5523 2834 5595 ssat,
2857 5542 2984 5583 cum
3012 5530 3314 5599 prasertim
3355 5532 3540 5602 plures

1879 5865 1895 5891 ,
1936 5823 2132 5898 φάσκει
2170 5827 2228 5885 δὲ
2297 5828 2369 5903 τὸ,
2400 5829 2684 5902 ὕστὲρημα
2733 5832 2874 5905 μετὰ
2919 5837 3047 5903 τούς
3089 5834 3271 5909 τριάκ.
3310 5830 3532 5898 αἰῶνας.
