3850 6517
290 518 430 576 ”73

947 518 1317 580 ADVERSUS
1352 520 1691 581 HAERESES
1722 524 1851 583 ΠΒ.
1890 526 1955 583 11.
1999 524 2161 583 Tou.
2201 524 2245 581 1.
2275 552 2346 569 —
2382 525 2652 584 nAERES.
2693 524 2879 583 Lxlv.

3397 527 3536 585 ¹¹76

289 633 618 709 ορθούμενον
661 630 753 688 τὸν
797 636 1076 706 λογισμόν.
1145 636 1308 692 Ὅθεν
1347 641 1414 710 τῇ
1452 640 1742 713 νομοθεσίᾳ
1768 642 1861 697 τοῦ
1891 649 1934 707 Α
1966 643 2308 714 artificioque
2341 642 2731 715 proficiscitur.
2773 641 2934 697 aliud
2962 649 3068 708 est,
3103 639 3249 712 quod
3280 655 3347 697 ex
3384 653 3539 696 man-

294 725 430 780 Θεοῦ
460 728 601 782 κατὰ
634 728 726 782 τὸν
770 729 897 791 νοῦν
936 727 1309 799 συνηδόμεθα·
1340 728 1500 783 τοῦτο
1544 730 1654 802 γάρ
1680 732 1710 782 ὁ
1756 732 1864 787 ἔσω

295 818 579 889 ἄνθρωπος
600 837 616 852 ·
648 823 715 892 τῇ
746 820 803 873 δὲ
839 820 1130 892 νομοθεσίᾳ
1167 819 1261 874 τοῦ
1308 821 1557 875 διαὸὀλου
1597 823 1737 877 κατὰ
1767 822 1866 894 τὴν

298 909 614 963 ἐνοικοῦσαν
663 911 938 981 ἁμαρτίαν
990 912 1048 963 ἐν
1089 912 1156 981 τῇ
1200 911 1382 981 σαρκί.
1436 908 1499 965 '0
1547 912 1657 982 γάρ
1705 914 1867 983 νόμος

296 1002 847 1074 ἀπιστρατευόμενος
896 1002 991 1056 καὶ
1031 1003 1416 1073 ἀντιπράσσων
1464 1003 1543 1074 τῷ
1583 1004 1732 1075 νόμῳ
1771 1003 1865 1058 τοῦ

296 1091 468 1156 Θεοῦ,
516 1095 545 1146 ὁ
596 1094 655 1146 ἐν
689 1097 755 1164 τῇ
796 1093 1062 1164 ἐπιθυμίᾳ
1108 1093 1202 1146 τοῦ
1245 1094 1363 1157 νοὸς
1388 1136 1404 1159 ,
1454 1088 1607 1159 οὗτός
1655 1096 1803 1148 ἐστιν
1839 1097 1868 1148 ὁ

296 1184 423 1247 τοὺς
455 1183 719 1254 ἐμπαθεῖς
768 1185 1022 1253 ἀναφύων
1049 1185 1135 1237 ἀεὶ
1167 1186 1261 1238 καὶ
1314 1184 1530 1247 omo-’⁴3
1559 1185 1692 1255 πρὸς
1744 1187 1867 1239 ἀνο·

305 1273 432 1343 μίαν
486 1276 905 1346 περισπασμοὺς
930 1315 946 1339 ,
1001 1276 1314 1331 παντάπασι
1377 1275 1512 1348 πρὸς
1562 1275 1757 1345 ἡδονάς
1794 1273 1868 1328 ὢν

303 1364 569 1429 ἐλκτικός.

1962 735 2074 790 dati
2101 735 2219 807 lege
2256 735 2562 801 derivatur;
2593 735 2730 805 lege,
2776 734 3022 804 inquam,
3074 732 3166 787 illa
3191 746 3353 802 quam
3401 728 3538 785 insi-

1963 835 2074 881 tam
2104 834 2159 881 et
2184 840 2216 880 a
2247 833 2442 881 natura
2468 825 2764 896 ingenitam
2806 824 3111 886 hausimus,
3149 837 3378 894 quaeque
3414 822 3536 875 ani-

1965 932 2112 972 mum
2146 925 2396 973 nostrum
2442 917 2510 972 ad
2539 917 2881 973 honestatem
2927 914 3172 971 stimulat
3217 921 3380 982 atque
3430 910 3539 966 eri-

1966 1008 2064 1078 git.
2094 1006 2175 1061 Ex
2201 1023 2311 1078 quo
2349 1008 2408 1062 lit
2442 1015 2502 1061 ut
2550 1007 2732 1062 divina
2765 1007 2872 1071 lex,
2903 1006 3050 1077 quod
3085 1004 3153 1059 ad
3180 1014 3414 1058 mentem
3456 1008 3541 1054 at·

1968 1099 2121 1161 tinet,
2180 1098 2511 1168 voluptatem
2552 1098 2712 1152 nobis
2733 1095 2922 1151 afferat
2949 1115 2963 1150 ε
2997 1096 3100 1149 hoc
3133 1092 3280 1149 enim
3313 1090 3544 1146 interior

1969 1188 2060 1242 ille
2085 1188 2247 1242 homo
2269 1196 2386 1244 est:
2411 1189 2482 1243 ob
2509 1187 2641 1242 illud
2672 1202 2801 1243 vero
2828 1195 3104 1256 peccatum
3128 1182 3271 1253 quod
3295 1182 3349 1234 in
3375 1194 3540 1233 carne

1970 1286 2160 1333 nostra
2194 1280 2424 1345 habitat,
2453 1278 2654 1333 diaboli
2680 1279 2798 1348 lege
2827 1277 3181 1332 delectemur.
3213 1271 3423 1327 Etenim
3453 1269 3543 1324 lox

1970 1366 2083 1431 illa,
2133 1384 2255 1437 quae
2309 1382 2433 1422 cum
2483 1368 2667 1423 divina
2729 1372 2931 1436 pugnat
2992 1364 3150 1435 eique
3209 1360 3436 1425 resistit,
3484 1358 3542 1413 in

304 1455 468 1509 animi
504 1457 678 1511 nostri
722 1457 1023 1527 cupiditate
1065 1457 1263 1526 posita,
1309 1457 1397 1509 illa
1443 1457 1556 1523 ipsa
1593 1463 1696 1517 est,
1742 1469 1864 1525 quae
1897 1458 2241 1513 turbulentas
2272 1467 2326 1514 et
2365 1460 2606 1513 materiae
2650 1457 2781 1513 l'aece
2820 1456 3146 1527 implicatas,
3195 1461 3250 1508 et
3315 1451 3382 1506 ad
3438 1448 3545 1503 im-

303 1548 621 1616 probitatem
643 1546 936 1617 dissipatas
951 1549 1309 1620 cogitationes
1328 1546 1609 1617 producit,
1634 1560 1862 1615 quaeque
1890 1547 2162 1618 ingentem
2208 1550 2431 1605 omnino
2469 1548 2537 1604 ad
2567 1549 2871 1618 voluptates
2910 1546 3074 1601 habet
3106 1543 3442 1598 illecebram.

372 1637 492 1692 ΞΝ.
533 1640 695 1709 Τρεῖς
734 1638 844 1711 γὰρ
889 1639 1087 1709 νόμους
1137 1637 1523 1708 ὑποτιθέμενος
1558 1637 1864 1706 ἀναφανδὸν

302 1731 331 1781 ὀ
364 1728 575 1791 Παῦλος
603 1728 838 1781 ἐνταῦθά
890 1744 982 1797 μοι
1031 1729 1459 1797 καταφαίνεται·
1494 1725 1589 1778 ἐνα
1631 1726 1730 1795 μὲν
1780 1724 1874 1777 τὸν

303 1818 446 1872 κατὰ
473 1819 535 1871 τὸ
564 1818 801 1889 ἔμφυτον
832 1821 891 1873 ἐν
930 1821 1059 1891 ἡμῖν
1096 1818 1300 1887 ἀγαθὸν
1325 1856 1339 1879 ,
1387 1816 1418 1869 ὃ
1448 1816 1542 1869 καὶ
1573 1815 1737 1884 νόμον
1778 1829 1875 1865 σα-

2049 1639 2186 1695 th.
2230 1641 2507 1711 Siquidem
2532 1633 2839 1711 Apostolus¹
2855 1636 2962 1692 tria
2989 1636 3210 1692 omnino
3237 1635 3413 1705 legum
3445 1644 3544 1704 ge·-

1978 1746 2111 1786 nera
2157 1732 2261 1787 hoe
2319 1731 2374 1785 in
2427 1732 2547 1787 loco
2597 1731 2916 1787 distinxisse
2967 1725 3256 1783 manifeste
3307 1725 3541 1781 videtur.

1980 1823 2223 1890 Quorum
2248 1839 2415 1878 unum
2441 1832 2526 1879 est
2551 1823 2717 1879 insito
2739 1821 2896 1877 nobis
2914 1820 3061 1876 bono
3091 1826 3542 1880 consentaneum,

304 1910 419 1976 φῶς
445 1910 564 1971 νοὸς
590 1910 876 1963 ἐκάλεσεν·
910 1910 1007 1962 ἕνα
1031 1910 1088 1963 δὲ
1111 1909 1203 1963 τὸν
1236 1911 1301 1962 ὲκ
1331 1906 1638 1979 προσὸολῆς
1664 1905 1876 1958 evm&-
1905 1952 1953 2011 B
1982 1928 2143 1983 quam
2189 1921 2375 1983 aperte
2419 1912 2589 1984 legem
2630 1915 2827 1968 mentis
2863 1910 3118 1985 appellat.
3149 1908 3395 1963 Alterum
3437 1916 3544 1971 est,

308 2016 467 2069 μενον
498 2000 592 2054 τοῦ
632 1999 893 2072 πονηροῦ,
928 2002 1021 2054 καὶ
1058 2002 1138 2064 εἰς
1166 2000 1265 2064 τὰς
1295 1999 1559 2069 ἐμπαθεῖς
1590 1996 1874 2063 ἐξέλκοντα

305 2089 566 2154 πολλάκις
599 2091 899 2160 φαντασίας
927 2091 1025 2163 τὴν
1047 2091 1246 2161 ψυχὴν,
1273 2091 1332 2144 ὃν
1360 2083 1875 2159 άντιστρατεύεσθαι

304 2180 384 2250 τῷ
431 2181 582 2253 νόμῳ
630 2182 725 2234 τοῦ
772 2181 891 2246 νοὸς
938 2181 1041 2253 ἔφη
1064 2198 1078 2210 ·
1109 2182 1206 2235 καὶ
1236 2180 1423 2251 ἕτερον
1468 2176 1556 2231 τὸν
1605 2173 1747 2229 κατὰ
1777 2176 1877 2242 τὴν

305 2273 578 2343 ἁμαρτίαν
638 2272 704 2325 ἐκ
751 2271 856 2341 τῆς
903 2269 1195 2342 ἐπιθυμίας
1244 2265 1653 2339 ἐνσκιρώσαντα
1703 2262 1762 2314 ἐν
1808 2262 1877 2329 τῇ

308 2362 510 2433 σαρκὶ,
547 2361 607 2414 ὃν
644 2361 919 2432 ἁμαρτίας
948 2362 1111 2430 νόμον
1137 2360 1389 2413 οἰκοῦντα
1427 2358 1487 2411 ὲν
1514 2358 1629 2418 τοῖς
1664 2352 1878 2423 μέλεσιν

308 2451 564 2507 ἐκάλεσεν
590 2468 606 2483 ·
637 2443 684 2519 ᾧ
724 2447 1017 2503 ἐπιόαίνων
1045 2451 1075 2501 ὁ
1101 2448 1334 2517 πονηρὸς
1385 2448 1480 2499 καὶ
1517 2442 1881 2512 ἐποχούμενος

309 2542 570 2604 πολλάκις
624 2540 745 2594 καθ’
804 2537 962 2611 ἡμῶν
1017 2536 1364 2605 ἐγκελεύεται
1389 2574 1405 2599 ,
1468 2534 1606 2603 πρὸς
1668 2528 1881 2584 ἀδικίαν

313 2634 458 2704 ἡμᾶς
489 2633 584 2687 καὶ
611 2632 836 2703 πράξεις
864 2627 1204 2683 συνελαύνων
1229 2624 1427 2688 κακάς.
1466 2625 1525 2676 ’0
1552 2622 1661 2691 γὰρ
1681 2618 1881 2685 ἔξωθεν

312 2724 691 2794 είσπνεόμενος
736 2721 844 2775 ἀπὸ
881 2720 972 2775 τοῦ
1005 2717 1245 2791 πονηροῦ
1298 2717 1495 2786 νόμος,
1526 2716 1620 2768 καὶ
1657 2713 1745 2767 διά
1773 2710 1883 2765 τῶν

314 2816 617 2887 αἰσθήσεων
641 2854 656 2880 ,
688 2812 938 2882 καθάπερ
983 2809 1339 2881 ἀσφαλτῶδες
1380 2807 1556 2878 ῥεῦμα
1575 2846 1590 2868 ,
1628 2804 1773 2857 ἔνδον
1802 2804 1884 2864 εἰς

317 2906 489 2977 αὐτὴν
513 2904 832 2976 ἐκχεόμενος
857 2905 958 2974 τὴν
986 2902 1184 2974 ψυχὴν,
1210 2900 1315 2954 ὑπὸ
1342 2898 1439 2952 τοῦ
1461 2899 1520 2951 ἐν
1549 2897 1708 2968 σαρκὶ
1742 2893 1885 2948 κατὰ

314 2998 412 3067 τὴν
462 2995 752 3067 ἐπιθυμίαν
796 2996 1247 3067 statuae-mex
1299 2988 1645 3062 κραταιοῦται
1695 2985 1880 3054 νόμου.

314 3088 569 3140 Φαίνεται
592 3089 701 3158 γὰρ
727 3088 802 3151 ὡς
849 3090 906 3139 ἐν
948 3089 1080 3158 ἡμῖν
1107 3084 1293 3145 αὐτοῖς
1329 3081 1391 3133 τὸ
1422 3080 1520 3151 μὲν
1551 3077 1757 3149 βέλτιον
1779 3115 1795 3139 ,
1823 3074 1885 3127 τὸ

315 3178 373 3229 δὲ
394 3181 576 3248 χεῖρον
595 3178 676 3232 δν.
717 3181 824 3233 Καὶ
843 3180 971 3233 ὅταν
1000 3177 1099 3248 μὲν
1123 3174 1185 3227 τὸ
1218 3174 1424 3245 βέλτιον
1458 3170 1619 3240 φύσει
1647 3166 1742 3220 τοῦ
1774 3165 1887 3236 χεί-

1981 2002 2125 2074 quod
2147 2019 2212 2059 ex
2239 2003 2560 2073 nequissimi
2591 2002 2950 2071 impressione
2981 1998 3272 2055 conflatum
3300 2003 3544 2053 nostram

1979 2090 2214 2146 animam
2257 2092 2312 2145 in
2360 2092 2782 2163 perturbationis
2829 2090 3172 2162 plenissimas
3226 2087 3546 2159 plerumque

1979 2184 2334 2257 cogitationes
2367 2198 2431 2239 ac
2471 2184 2788 2255 phantasias
2837 2181 3079 2251 conjicit,
3110 2194 3272 2251 quam
3301 2177 3546 2234 eamdem

1978 2275 2085 2347 legi
2112 2275 2310 2332 inentis
2338 2275 2614 2331 adversari
2662 2274 2823 2330 dixit.
2862 2272 3203 2329 Postremum
3233 2285 3407 2342 genus
3439 2276 3544 2330 est,

1980 2365 2127 2436 quod
2157 2380 2253 2435 per
2290 2372 2571 2436 peccatum
2601 2379 2665 2418 ex
2699 2363 2818 2435 ipsa
2846 2361 3141 2433 cupiditate
3167 2360 3221 2415 in
3252 2374 3417 2415 earne
3449 2372 3549 2412 no-

1982 2465 2095 2511 stra
2119 2455 2397 2520 occalluit,
2425 2469 2589 2526 quam
2632 2455 2722 2509 illc
2752 2454 2962 2525 pcccati
2995 2454 3165 2523 legem
3211 2451 3547 2506 habitantem

1984 2540 2039 2595 in
2063 2541 2321 2597 membris
2344 2542 2550 2598 nostris
2577 2541 2844 2596 nominat.
2871 2541 3042 2608 Quam
3072 2540 3238 2597 etiarn
3264 2538 3546 2609 improbus

1984 2630 2074 2685 ille
2101 2628 2274 2687 hostis
2297 2630 2583 2697 invadens,
2612 2632 2773 2702 eique
2798 2632 3062 2699 insidens,
3100 2647 3245 2702 saepe
3276 2631 3544 2686 adversus

1986 2735 2087 2777 nos
2116 2722 2338 2786 excitat,
2375 2732 2539 2793 atquc
2567 2724 2634 2778 ad
2662 2724 2983 2794 injustitiam
3017 2738 3081 2779 ac
3111 2723 3370 2779 scelerata
3416 2719 3550 2776 1αοί-

1985 2824 2120 2865 nora
2145 2812 2441 2881 compellit.
2465 2811 2599 2867 Nam
2629 2813 2715 2869 lex
2749 2814 2862 2877 illa,
2886 2828 3050 2885 quam
3077 2813 3345 2884 malignus
3377 2809 3552 2867 bostis

1984 2902 2327 2959 extrinsecus
2352 2902 2616 2968 insinuat,
2648 2920 2876 2975 quaeque
2905 2920 3001 2975 per
3022 2918 3242 2965 sensus,
3262 2902 3409 2957 velut
3436 2901 3557 2955 len-

1987 2998 2076 3046 tus
2106 2990 2329 3061 quidam
2371 3007 2438 3047 ac
2486 3008 2690 3064 sequax
2726 2995 3010 3050 bituminis
3059 3001 3286 3059 tractus,
3339 2991 3398 3046 in
3435 2989 3555 3044 ani·

1987 3092 2129 3132 mam
2161 3078 2335 3149 ipsam
2363 3080 2512 3137 intus
2540 3081 2866 3148 infunditur,
2897 3082 2970 3137 ab
2999 3082 3105 3138 alia
3135 3082 3257 3152 lege
3290 3078 3551 3135 corrobo-

1986 3161 2160 3234 ratur,
2190 3185 2353 3241 quam
2389 3172 2446 3226 in
2479 3187 2702 3229 carnem
2738 3181 2981 3230 nostram
3011 3172 3285 3244 cupiditas
3313 3171 3429 3241 ipsa
3455 3170 3554 3228 de·

324 3285 473 3339 ρονος
504 3270 933 3341 ἐγκρατέστερον
987 3266 1223 3339 γενηθῇ,
1254 3264 1475 3336 φέρεται
1503 3261 1624 3322 ὅλος
1661 3256 1796 3329 πρὸς
1824 3254 1889 3308 το
1913 3274 1957 3333 C
1990 3260 2147 3313 rix-at.
2174 3259 2310 3315 Nam
2341 3263 2396 3318 in
2426 3264 2584 3319 nobis
2613 3265 2795 3321 inesse
2819 3265 3034 3321 videtur
3062 3265 3231 3329 aliud,
3262 3262 3407 3335 quod
3439 3276 3555 3317 me·

321 3360 522 3425 ἀγαθὸν
570 3363 599 3413 ὁ
637 3359 761 3424 νοῦς
778 3377 792 3390 ·
820 3362 950 3414 ὅταν
975 3358 1033 3413 δὲ
1058 3355 1120 3410 τὸ
1144 3357 1332 3426 χεῖρον.
1353 3351 1614 3424 ἐπιὸρίσῃ
1657 3345 1885 3401 πλεονά-

320 3467 417 3503 σαν
438 3489 453 3513 ,
477 3450 538 3502 τὸ
568 3448 1074 3522 ἀντιστρατεύεσθαι
1111 3447 1127 3479 ¹
1152 3445 1230 3516 τῷ
1253 3445 1311 3498 ἐν
1338 3445 1471 3515 ἡμῖν
1509 3441 1724 3508 λέγεται
1749 3437 1886 3504 ἀγα·

1990 3351 2098 3406 lius
2131 3359 2246 3417 est,
2280 3353 2448 3419 aliud,
2491 3355 2636 3426 quod
2666 3355 3189 3426 deterius.Gumque
3234 3352 3369 3407 illud
3408 3351 3558 3406 dete·

1991 3438 2135 3494 riore
2164 3441 2441 3510 potentius
2488 3441 2673 3507 suerit,
2703 3450 2816 3497 tota
2865 3458 3020 3499 mens
3053 3443 3121 3498 ad
3164 3442 3366 3497 bonum
3408 3437 3558 3494 velut

319 3539 399 3610 θῴ
428 3577 445 3603 ,
506 3538 669 3593 πάλιν
724 3540 915 3608 ἄγεται
970 3537 1341 3606 ἀντιστρόφως
1401 3533 1538 3601 πρὸς
1588 3526 1888 3597 φαντασίας
1993 3526 2198 3596 impetu
2225 3529 2459 3597 quodam
2504 3531 2703 3601 agitur.
2739 3531 2876 3587 Cum
2908 3540 3090 3588 autem
3126 3532 3181 3587 id
3222 3529 3368 3604 quod
3399 3527 3556 3600 pejus

323 3630 659 3691 παντοδαπὰς
679 3630 710 3679 ο
735 3630 1017 3695 ἄνθρωπος
1040 3627 1135 3675 καὶ
1159 3622 1451 3689 λογισμοὺς
1477 3619 1746 3687 χείρονας.
1992 3624 2098 3681 est,
2120 3618 2427 3674 exuberans
2463 3620 2702 3693 pondere
2742 3636 2845 3677 suo
2884 3620 3237 3692 depresserit,
3287 3620 3433 3693 quod
3474 3619 3558 3674 in-

321 3733 451 3778 nato
472 3722 629 3772 nobis
656 3722 799 3772 bono
830 3730 1131 3787 repugnare
1160 3717 1380 3783 dicitur,
1415 3726 1530 3770 tum
1567 3714 1785 3771 demum
1812 3730 1878 3771 ex
1918 3714 2148 3771 adverso
2178 3716 2358 3772 varias
2395 3715 2465 3771 ad
2515 3714 2811 3785 imaginum
2846 3714 3080 3786 specieS,
3142 3728 3206 3769 ac
3258 3713 3557 3770 deteriores

323 3809 683 3876 cogitationes
716 3808 879 3863 homo
903 3807 1231 3865 traducitur.

394 3900 510 3955 38⁹.
552 3895 627 3953 Οῦ
655 3899 720 3964 δὴ
751 3900 844 3954 καὶ
883 3898 1044 3971 χάριν
1072 3903 1101 3954 ὁ
1157 3901 1478 3965 Ἀπόστολος
1526 3902 1745 3973 εῦχεται
1790 3904 1884 3975 ρυ-

326 3990 549 4061 σθῆναι,
578 3990 803 4046 θάνατον
834 3992 966 4045 αὐτὸ
998 3993 1093 4047 καὶ
1128 3993 1346 4065 ὀλεθρον
1378 3990 1516 4048 εἶναι
1550 3992 1846 4065 ἡγούμενος
1867 4006 1881 4021 ·

2051 3895 2210 3951 Lxu.
2250 3898 2425 3967 Atque
2454 3914 2515 3953 ea
2545 3912 2714 3954 eausa
2745 3906 2848 3957 est,
2877 3912 2977 3953 cur
3002 3898 3297 3967 Apostolus
3326 3898 3556 3958 liberari

1985 4000 2108 4040 sese
2140 3993 2311 4054 optet,
2358 4003 2483 4041 cum
2520 3995 2752 4043 mortem
2782 3988 2930 4042 illam
2963 3995 3130 4058 atque
3165 3989 3390 4044 exitium
3432 4005 3558 4046 esse

322 4084 512 4155 ῶσπερ
533 4082 598 4153 δὴ
628 4081 723 4136 καὶ
753 4085 781 4135 ὁ
815 4085 1276 4155 Προφήτης,Ἀ;ω
1304 4084 1423 4137 τῶν
1454 4084 1722 4152 κρυφίων
1742 4098 1887 4152 μου,
1960 4075 2261 4145 ·judicarit.
2292 4076 2752 4143 Quemadmodum
2782 4079 2955 4148 inquit
2992 4079 3263 4150 Propheta
3291 4103 3306 4135 ι
3350 4080 3430 4133 Ab
3467 4097 3559 4134 oc·
3636 4072 3647 4080 ’

324 4175 531 4242 λέγων,
582 4172 908 4241 καθάρισόι·
941 4191 1037 4243 με.
1084 4175 1231 4228 Ain&
1267 4174 1376 4246 γάρ
1407 4174 1475 4228 τὰ
1525 4171 1665 4245 ῥητά
1728 4170 1888 4224 τοῦτο
1989 4167 2147 4221 cultis
2195 4170 2320 4223 meis
2353 4168 2519 4239 589
2545 4169 2741 4222 munda
2794 4186 2873 4223 me
2893 4172 2935 4222 ⁸.
2992 4169 3141 4225 {stud
3194 4172 3338 4225 enim
3389 4172 3556 4226 verba
3633 4185 3639 4190 ·

326 4264 684 4335 παρίστησιν·
735 4262 1070 4333 Συνήδομαι
1105 4265 1213 4336 γὰρ
1266 4264 1348 4330 τῷ
1394 4265 1555 4333 νόμῳ
1601 4261 1707 4316 τοῦ
1741 4260 1889 4315 Θεοῦ
1992 4257 2106 4328 ipsa
2137 4273 2248 4329 prae
2273 4274 2332 4314 se
2362 4258 2579 4313 ferunt:
2609 4257 2969 4323 Condelector,
3004 4260 3199 4330 inquit,
3227 4261 3325 4331 qui
3357 4260 3453 4315 Dei
3476 4277 3555 4317 se·

326 4353 475 4407 κατὰ
530 4353 637 4407 τὸν
687 4354 809 4407 ἔσω
853 4352 1198 4422 ἄνθρωπον,
1250 4354 1517 4423 λέγοντος.
1559 4352 1769 4407 Βλέπω
1822 4348 1892 4404 δὲ
1992 4352 2220 4404 cundum
2245 4350 2542 4405 interiorem
2572 4351 2851 4405 homiuem.
2896 4349 3053 4404 Video
3081 4360 3254 4406 autem
3288 4353 3452 4406 aliam
3485 4353 3555 4409 le·

324 4447 527 4515 ἕτερον
579 4447 767 4514 νόμον
802 4446 1407 4515 ἀντιστρατευόμενον
1446 4443 1526 4510 τῷ
1575 4446 1737 4512 νόμῳ
1785 4441 1891 4495 τοῦ
1992 4456 2106 4509 qem
2144 4450 2510 4508 repugnantem
2555 4439 2656 4511 legi
2699 4441 2889 4495 mentis
2926 4457 3074 4505 meoe,
3120 4452 3170 4496 et
3212 4444 3556 4510 captivantem

326 4537 466 4601 νοός
496 4553 615 4605 μου
633 4573 647 4602 ,
700 4535 795 4589 καὶ
838 4533 1339 4604 αἱχμαλωτίζοντά
1365 4551 1438 4601 με
1483 4532 1564 4597 τῷ
1586 4535 1748 4601 νόμῳ
1782 4529 1893 4598 τῆς
1995 4546 2077 4583 me
2110 4531 2207 4599 leqi
2233 4532 2452 4599 peccati,
2478 4548 2595 4600 quoe
2616 4542 2694 4585 est
2715 4534 2769 4586 in
2797 4532 3043 4588 membris
3068 4534 3217 4589 meis.
3243 4532 3443 4603 Infelix
3461 4551 3555 4606 eqo

326 4628 640 4696 ἁμαρτίας,
677 4626 757 4691 τῷ
794 4627 921 4679 ὄντι
956 4626 1025 4678 ὲν
1076 4626 1197 4692 τοῖς
1242 4624 1463 4695 μέλεσι
1504 4640 1644 4692 μου.
1687 4623 1894 4675 Ταλαί-
1924 4592 1969 4646 D
1995 4619 2183 4673 homo!
2213 4621 2329 4690 quis
2380 4620 2722 4674 meliberobit
2765 4622 2830 4676 de
2850 4638 3066 4692 corpore
3115 4625 3300 4678 ”tortis
3327 4625 3484 4695 hujus
3501 4625 3557 4680 ⁸!

327 4731 523 4782 πωρος
560 4714 675 4784 ἐγὼ
717 4712 1061 4782 ἅνθρωπος]
1103 4712 1194 4778 τίς
1229 4730 1307 4781 με
1349 4715 1602 4781 ῥύσεται
1663 4712 1734 4764 ὲκ
1789 4708 1895 4763 τοῦ
1999 4708 2100 4763 Ubi
2128 4725 2238 4765 non
2273 4724 2475 4780 corpus
2503 4719 2735 4766 mortem
2764 4726 2889 4766 esse
2925 4714 3268 4782 pronuntiat,
3303 4715 3556 4786 eedpee·

327 4804 600 4874 σώματος
643 4804 749 4859 τοῦ
799 4803 1057 4858 θανάτου
1096 4804 1312 4857 τούτου
1333 4820 1352 4865 ,·
1400 4804 1460 4855 οὺ
1497 4801 1560 4854 τὸ
1610 4799 1771 4870 σῶμα
1803 4799 1897 4854 θά·
1993 4800 2098 4853 cati
2129 4799 2378 4855 videlicet
2408 4801 2599 4871 legem,
2634 4816 2755 4870 quae
2786 4803 2840 4855 in
2883 4802 3144 4858 membris
3171 4805 3379 4861 nostris
3423 4804 3556 4861 insi-

327 4913 485 4949 νατον
518 4896 930 4966 ἀποφηνάμενος
949 4937 963 4960 ,
1000 4893 1137 4947 ἀλλά
1167 4895 1257 4948 τὸν
1286 4894 1447 4963 νόμον
1478 4892 1579 4961 τῆς
1602 4889 1892 4961 ἁμαρτίας,

328 4982 419 5034 τὸν
476 4984 532 5034 ἐν
584 4984 697 5044 τοῖς
745 4981 965 5051 μέλεσι,
999 4982 1086 5035 διὰ
1119 4983 1219 5052 τῆς
1267 4981 1631 5053 παραὸάσεως
1676 4979 1734 5031 ἐν
1764 4981 1896 5049 ἡμῖν

328 5070 741 5139 ἐμφωλεύοντα,
790 5070 885 5123 καὶ
933 5070 1069 5140 πρὸς
1119 5069 1348 5124 θάνατον
1382 5071 1470 5125 ἀεὶ
1514 5069 1605 5121 τὸν
1649 5068 1747 5139 τῆς
1783 5066 1898 5120 ἀδι·

330 5163 453 5224 κίας
482 5162 580 5232 τὴν
617 5161 796 5231 ψυχὴν
827 5160 1258 5231 ἐμφαντάζοντα.
1321 5161 1599 5232 Ἐπιφέρει
1643 5158 1774 5228 γοῦν
1810 5158 1899 5210 εὑ-

332 5254 469 5313 θέως
499 5253 689 5324 ἀμέλει
733 5251 1110 5323 διαλεγόμενος
1145 5253 1329 5306 ὁποίου
1380 5251 1609 5305 θανάτου
1653 5250 1896 5319 ἐγλίχετο

332 5346 598 5415 ρυσθῆναι
624 5384 641 5409 ,
668 5345 761 5398 καὶ
794 5345 877 5408 τίς
922 5345 1082 5398 αὐτὸν
1124 5348 1153 5398 ὁ
1184 5345 1443 5416 ῥυόμενος
1474 5340 1576 5415 ἦν·
1608 5341 1787 5412 Χάρις
1813 5340 1894 5407 τῷ

337 5433 459 5497 Θεῷ
483 5434 581 5488 διὰ
623 5434 822 5501 Ἰησοῦ
849 5434 1124 5503 Χριστοῦ.
1156 5433 1489 5504 Προσεκτέον
1525 5433 1632 5506 γὰρ
1655 5472 1672 5496 ,
1702 5432 1786 5486 ὅτι
1804 5472 1820 5495 ,
1848 5431 1898 5483 εί

336 5518 397 5570 τὸ
433 5516 590 5587 σῶμα
619 5518 845 5572 θάνατον
880 5518 1037 5571 τοῦτο
1058 5556 1072 5580 ,
1104 5512 1151 5571 ὦ
1192 5518 1502 5586 Ἀγλαοφῶν
1524 5558 1540 5582 ,
1571 5518 1649 5580 ὡς
1679 5517 1899 5588 ὑπειλή-

340 5623 505 5676 φατε,
538 5608 723 5676 ἔλεγεν
742 5650 757 5673 ,
788 5611 886 5664 οὐκ
911 5610 977 5664 ἀν
1004 5610 1095 5663 τὸν
1123 5610 1353 5679 Χριστὸν
1399 5610 1474 5671 ὼς
1514 5610 1772 5681 ῥυόμενον
1804 5611 1898 5665 αὐ·

344 5701 430 5753 τὸν
454 5697 677 5771 ὕστερον
722 5700 787 5753 ἐκ
815 5700 909 5753 τοῦ
952 5701 1190 5754 τοιούτου
1239 5698 1407 5753 κακοῦ
1461 5699 1894 5771 παρελάμόανεν.

1994 4890 2104 4954 det,
2153 4905 2217 4944 ac
2270 4906 2366 4960 per
2407 4890 2649 4945 mandati
2687 4893 3180 4962 transgressionem
3216 4894 3452 4949 latebras
3501 4895 3555 4951 in

1994 4980 2152 5035 nobis
2186 4981 2504 5045 constituit,
2540 4996 2604 5034 ae
2647 4980 2883 5051 denique
2931 4982 2997 5037 ad
3046 4983 3329 5052 injustitiae
3369 5000 3557 5042 necem

1997 5071 2234 5124 animam
2272 5079 2517 5127 nostram
2548 5072 2713 5128 variis
2754 5073 3085 5144 imaginibus
3132 5074 3409 5130 illudendo
3436 5092 3557 5147 per·
3622 5081 3629 5087 '

1997 5160 2183 5215 trahit.
2217 5159 2580 5225 Quamobrem
2620 5163 2852 5219 subinde
2880 5166 2934 5219 in
2962 5165 3152 5221 eadem
3190 5164 3557 5236 disputatione

1998 5250 2241 5320 subjicit,
2269 5252 2576 5322 cujusmodi
2609 5268 2669 5308 se
2697 5268 2725 5307 a
2756 5262 2933 5309 morte
2964 5254 3185 5310 liberari
3228 5266 3473 5326 cuperet,
3503 5266 3555 5313 et

1997 5356 2028 5396 a
2055 5358 2165 5411 quo
2194 5342 2508 5400 liberandus
2541 5352 2686 5400 esset
2708 5342 2947 5410 :Gratim
2984 5346 3179 5417 inquit,
3206 5345 3316 5402 Deo
3352 5364 3445 5417 per
3465 5347 3555 5404 Ie·

1996 5450 2113 5489 sum
2154 5432 2422 5489 Christum
2444 5435 2488 5489 ⁸.
2538 5435 2673 5490 lllud
2705 5435 2849 5491 enim
2883 5434 3172 5507 diligenter
3217 5439 3425 5495 attendi
3459 5455 3554 5494 cu-

1997 5526 2106 5593 pio,
2137 5526 2185 5579 si
2209 5539 2410 5597 corpus
2447 5526 2594 5581 istud
2634 5535 2885 5595 mortem,
2926 5536 2986 5583 ut
3034 5511 3258 5600 putatis,
3288 5544 3324 5585 o
3364 5530 3554 5600 Aglao-

1997 5610 2165 5678 phon,
2226 5612 2574 5682 appellasset,
2623 5630 2902 5686 nunquam
2953 5617 3105 5674 illum
3163 5618 3390 5685 Christi,
3444 5626 3556 5673 tan-

1997 5713 2162 5770 quam
2208 5700 2348 5766 ejus,
2378 5716 2410 5754 a
2457 5718 2568 5773 quo
2595 5713 2784 5775 postea
2817 5706 2913 5763 tali
2954 5722 3024 5765 ex
3064 5705 3412 5769 incommodo
3444 5703 3555 5763 eri·

410 5860 430 5894 ¹
463 5856 593 5917 Cor.
621 5856 909 5926 δάντιστρ.
988 5862 1006 5891 ²
1041 5857 1183 5914 Psal.
1215 5873 1367 5922 xvnr,
1416 5859 1493 5913 15.
1570 5856 1773 5916 ⁸1l0m.
1812 5874 1907 5926 vu,
1935 5858 2127 5914 2124.
2218 5858 2241 5890 ⁸
2266 5856 2398 5936 ibid.
2421 5858 2510 5916 25.
