3850 6517
296 484 400 541 645

888 472 1260 533 ADVERSUS
1286 470 1629 531 nAEnEsEs
1661 468 1789 527 Lm.
1821 467 1863 524 Ι.
1896 465 2064 523 Tou.
2102 464 2268 522 lll.--
2296 464 2570 522 affines,
2609 463 2868 521 XXXVII.

3436 468 3536 526 6⁸6

290 593 477 651 τοῦτον
512 591 602 646 τὸν
639 590 763 659 ὅφιν
790 589 872 653 είς
901 589 1125 661 ὲχθρίαν
1166 587 1467 657 κατέστησε
1504 584 1599 640 τοῦ
1633 584 1742 640 τῶν
1771 584 1858 639 ἀν·
1891 587 1941 643 Α
1965 580 2071 636 lem
2100 581 2332 638 istorum
2355 581 2631 638 mentibus
2655 580 3039 652 cogitationem
3058 578 3246 649 injecit
3261 580 3535 642 diabolus.

291 683 526 755 θρώπων
552 680 775 750 γένους·
802 678 988 749 ἐπειδὴ
1003 678 1140 742 ὅλως
1166 676 1359 742 σκεῦος
1374 675 1618 731 διαόόλου
1640 675 1858 743 γέγονε,

292 776 487 845 κτῆνος
525 773 623 838 ὢν,
653 771 749 826 καὶ
776 770 844 823 δι’
885 768 1049 823 αὐτοῦ
1077 768 1328 839 ἠπάτησε
1359 766 1603 829 διάδολος
1646 765 1739 818 τὸν
1769 764 1863 819 ὧν·

291 866 509 937 θρωπον
547 866 605 918 ὲν
629 862 709 933 τῷ
740 860 1050 932 παραδείσῳ
1077 877 1091 890 ·
1126 860 1230 925 ἶνα,
1283 857 1481 920 ἰδόντες
1524 856 1623 926 τὴν
1669 852 1862 907 τούτου

290 957 513 1027 ὲχθρίαν
535 955 630 1009 τοῦ
655 953 911 1024 αἰσθητοῦ
932 952 1128 1022 ὄφεως,
1152 950 1586 1021 ἀποδιδράσκωσι
1610 948 1709 1018 τῆς
1730 948 1866 1003 ἁπά-

289 1065 390 1117 της
418 1048 518 1117 τὴν
556 1044 866 1115 ὲπιδουλὴν,
903 1044 998 1098 καὶ
1037 1044 1361 1114 μισήσωσιν,
1387 1040 1461 1105 ὡς
1505 1042 1701 1104 εἰπεῖν,
1732 1037 1854 1092 θεά-

290 1137 487 1190 σασθαι
521 1138 615 1191 καὶ
646 1137 705 1190 τὸ
732 1132 893 1197 εἶδος.

1968 668 2170 739 Ecquis
2208 684 2338 724 vero
2383 669 2568 724 statim
2601 685 2666 724 ac
2696 676 3002 739 serpentem
3047 668 3273 734 viderit,
3298 686 3410 727 non
3439 672 3541 728 ho·

1966 767 2104 818 stem
2135 758 2531 815 animadvertat
2559 774 2623 814 ac
2653 759 2860 830 fugiat?
2889 759 3039 815 llanc
3064 761 3208 815 enim
3224 763 3297 816 ob
3316 761 3537 819 causani

1965 853 2228 909 Dominus
2251 860 2558 922 serpentem
2582 851 2723 906 inter
2746 850 3136 921 hominumque
3160 869 3334 924 genus
3363 855 3536 911 hosti-

1966 946 2046 1002 les
2095 945 2413 1001 inimicitias
2480 942 2742 1007 immisit;
2800 942 2947 1013 quod
3008 944 3234 998 omnino
3289 947 3538 1003 diabolus

1966 1038 2157 1094 best‘tae
2180 1052 2354 1108 genus
2377 1034 2520 1090 istud
2546 1034 2695 1088 velut
2718 1034 3142 1088 instrumentum
3176 1035 3538 1097 adhibuisset.

1960 1127 2347 1196 hominemque
2378 1126 2520 1180 intra
2545 1122 2783 1194 paradisi
2811 1135 2965 1195 septa
2994 1124 3325 1193 decepisset.
3355 1138 3412 1181 ut
3440 1127 3537 1197 qui

288 1230 499 1285 externi
528 1227 798 1298 serpentis
828 1225 1081 1281 hostilem
1111 1224 1348 1295 speciem
1389 1222 1694 1294 conspicati
1716 1221 1964 1293 suerint,
2006 1221 2076 1275 ab
2120 1219 2242 1291 ejus
2284 1216 2502 1274 insidiis
2527 1225 2774 1286 caveant,
2840 1231 2906 1270 ae
2971 1216 3058 1273 vel
3109 1212 3405 1289 ipsum,'ut
3463 1218 3537 1275 ita

290 1321 489 1386 dicam,
512 1327 868 1389 conspectum
899 1317 1047 1372 illius
1071 1317 1485 1372 exhorrescant.

359 1412 433 1464 Ρ.
474 1407 808 1463 ’Δποδιδόασι
831 1405 888 1459 δὲ
910 1405 1005 1459 καὶ
1027 1396 1173 1457 οὗτοι
1214 1405 1264 1458 oi.
1297 1405 1508 1473 Ὀφῖται
1540 1402 1859 1472 καλούμενοι

290 1502 463 1571 τούτῳ
492 1500 571 1572 τῷ
593 1499 704 1553 ἔθει
738 1500 755 1531 ¹
787 1497 886 1569 τὴν
914 1496 1338 1572 πᾶσανχνῶσιν,
1368 1494 1635 1564 λέγοντες,
1661 1495 1744 1548 δτι
1767 1488 1860 1549 εὖ·

288 1608 381 1655 τος
411 1590 554 1662 ἀρχὴ
583 1589 772 1659 γέγονε
797 1587 1051 1657 γνώσεως
1090 1589 1203 1650 τοῖς
1226 1585 1561 1659 ἀνθρώποις·
1600 1582 1859 1656 μυθωδῗις

290 1682 746 1752 παρεισφέροντες
778 1678 850 1732 τὰ
888 1680 1018 1750 παρ’
1057 1678 1236 1741 αὐτοῖς
1283 1676 1611 1748 νομιζόμενα
1648 1692 1856 1747 μυστη-

292 1791 407 1844 ρια,
441 1773 858 1844 μιμολογήματα
892 1768 951 1823 δὲ
984 1768 1133 1831 ὄντα,
1168 1768 1265 1822 καὶ
1298 1766 1493 1839 χλεύης
1519 1766 1732 1837 ἔμπλεα
1764 1765 1857 1820 καὶ

2035 1395 2123 1453 111.
2184 1394 2397 1466 Ophitae
2447 1410 2578 1451 vero
2634 1395 2765 1451 huic
2828 1396 3113 1453 scientiam
3168 1412 3386 1454 omnem
3441 1400 3542 1456 tri-

1964 1487 2160 1552 buunt,
2205 1487 2390 1557 itaque
2433 1485 2762 1556 profitentur
2807 1505 2823 1541 :
2870 1495 3177 1557 serpentem
3222 1488 3539 1548 hominibus

1963 1575 2207 1632 scientiae
2220 1577 2401 1630 omnis
2417 1583 2696 1630 auctorem
2725 1575 3003 1631 exstitisse
3022 1591 3037 1641 ;
3059 1575 3292 1645 indeque
3322 1576 3538 1636 fabulas

1960 1682 2143 1724 meras
2167 1682 2307 1739 quas
2334 1681 2434 1738 pro
2461 1668 2734 1739 mysteriis
2774 1667 2979 1723 habent
3020 1669 3312 1724 commenti
3358 1677 3488 1725 suut
3518 1688 3532 1724 z

1959 1773 2086 1814 cum
2137 1757 2275 1813 nihil
2315 1757 2467 1813 aliud
2508 1766 2704 1828 praeter
2732 1757 3023 1814 mimorum
3056 1757 3269 1815 ludicra
3297 1761 3537 1818 ridicula

293 1862 793 1934 ματαιοφροσύνης·
837 1860 997 1931 μῦθοι
1039 1858 1148 1931 γὰρ
1183 1858 1260 1923 ὡς
1303 1858 1519 1931 ἀληθῶς
1558 1850 1725 1912 οὗτοι.
1748 1857 1857 1912 ῥά·
1887 1900 1936 1961 Β
1963 1864 2191 1921 prorsus
2236 1857 2292 1905 et
2337 1847 2520 1903 inania
2564 1848 2695 1904 sint.
2750 1846 2965 1903 Etenim
3001 1850 3070 1905 ab
3105 1849 3287 1907 AEone
3323 1867 3538 1910 summo

291 1970 477 2007 σκουσι
494 1952 600 2025 γὰρ
610 1952 718 2007 ἀπὸ
732 1950 826 2005 τοῦ
850 1950 964 2005 ἄνω
983 1949 1188 2015 Δίῶνος
1207 1950 1608 2022 προδεδλῆσθαι
1624 1948 1856 2017 Αίῶνας,

289 2045 385 2100 καὶ
436 2043 741 2113 κατώτερον
784 2040 1113 2113 γεγενῆσθαι
1149 2044 1179 2095 ὁ
1222 2041 1546 2096 Ἰαλδαόαώθ
1575 2044 1630 2074 '⁰
1670 2040 1858 2095 τοῦτον

286 2137 345 2191 δὲ
390 2134 788 2207 προόεόλῆσθαι
831 2133 971 2188 κατὰ
1018 2132 1326 2203 ἁδράνειαν,
1360 2133 1453 2187 καὶ
1497 2133 1720 2200 ἄγνοιαν
1759 2132 1860 2202 τῆς

292 2225 426 2288 ἰδίας
455 2224 680 2296 μητρὸς,
704 2223 944 2277 τουτέστι
968 2222 1065 2292 τῆς
1085 2222 1199 2277 ἅνω
1220 2222 1551 2294 Προυνείκου
1573 2221 1615 2277 ⁸.
1642 2219 1859 2291 Ταύτην

287 2316 396 2389 γάρ
417 2333 545 2387 φασι
567 2316 663 2387 τὴν
678 2314 1006 2386 Προύνεικον
1022 2313 1440 2385 κατεληλυθέναι
1469 2314 1552 2378 είς
1572 2313 1642 2367 τὰ
1664 2311 1856 2377 ὕδατα,

290 2408 387 2463 καὶ
420 2407 673 2476 μιχθῆναι
701 2407 903 2468 αὐτοῖς,
941 2406 1036 2458 καὶ
1070 2406 1143 2475 μὴ
1170 2405 1483 2477 δεδυνῆσθαι
1521 2407 1601 2467 είς
1646 2404 1715 2459 τὰ
1746 2404 1859 2459 ἄνω

294 2496 512 2563 χωρεῖν,
545 2494 633 2547 διὰ
658 2494 718 2547 τὸ
762 2494 1022 2564 μεμίχθαι
1054 2493 1131 2564 τῷ
1163 2494 1317 2568 βάρει
1354 2497 1454 2567 τῆς
1481 2496 1637 2565 ὕλης,
1666 2496 1861 2565 ἐπιμε-

299 2582 490 2654 μίχθαι
511 2584 565 2637 δὲ
595 2584 762 2655 αὐτὴν
792 2586 905 2649 τοῖς
949 2584 1105 2637 ὕδασι
1149 2587 1244 2638 καὶ
1277 2589 1342 2657 τῇ
1378 2586 1501 2659 ὕλῃ,
1530 2587 1624 2641 καὶ
1659 2585 1859 2657 μηκέτι

292 2674 583 2746 δυνηθῆναι
628 2676 952 2747 ἀναχωρεῖν.
993 2675 1196 2746 Ἐπῆρε
1236 2675 1296 2729 δὲ
1339 2677 1539 2748 ἑαυτὴν
1567 2678 1705 2734 κατὰ
1738 2677 1860 2747 βίαν

292 2765 374 2826 είς
414 2764 484 2816 τὰ
523 2762 788 2836 ἀνώτερα,
834 2764 931 2817 καὶ
980 2762 1243 2828 ἐξέτεινεν
1292 2765 1516 2834 ἑαυτήν·
1552 2766 1645 2819 καὶ
1688 2764 1862 2829 οὕτως·

291 2853 513 2921 γέγονεν
542 2852 809 2923 ἀνώτερος
835 2850 1083 2924 οὐρανός.
1109 2852 1218 2905 Καὶ
1249 2852 1325 2916 ὡς
1346 2853 1579 2920 παγεῖσα
1611 2850 1857 2923 εὓρηται,

293 2943 491 3013 μηκέτι
517 2943 787 3015 δυναμένη
806 2943 942 3014 μήτε
967 2942 1081 2997 ἄνω
1096 2943 1384 3015 αναόῆναι,
1404 2944 1543 3013 μήτε
1565 2943 1714 2998 κάτω
1739 2958 1864 2996 κατ-

291 3032 495 3086 ελθεῖν·
541 3029 677 3085 ἀλλὰ
714 3031 795 3096 είς
817 3031 878 3085 τὸ
904 3032 1227 3103 μεσαίτατον
1252 3032 1494 3102 παγεῖσά
1511 3049 1567 3085 τε
1593 3033 1686 3087 καὶ
1706 3033 1862 3086 εκτε-

289 3120 503 3192 ταμένη
549 3119 757 3192 έμεινε.
806 3122 971 3176 Κάτω
1025 3122 1124 3192 μὲν
1162 3123 1272 3193 γὰρ
1327 3120 1717 3193 κατενεχθῆναι
1762 3123 1863 3177 οὐκ

1961 1947 2289 2012 propagatos
2311 1936 2521 1993 AEonas
2541 1937 2860 1992 existimant
2884 1956 2899 1993 ε
2927 1953 2961 1994 e
2986 1940 3188 2011 quibus
3209 1940 3433 1997 intimus
3452 1950 3540 1999 est

1958 2030 2302 2096 Jaldabaoth‚
2356 2044 2517 2100 quem
2564 2043 2635 2085 ex
2688 2029 3063 2086 imbecillitate
3122 2015 3540 2103 ignorantiaque

1958 2136 2074 2178 suae
2122 2121 2314 2178 matris
2349 2131 2599 2178 exortum
2648 2120 2924 2189 reserunt;
2979 2122 3086 2178 hoc
3132 2132 3219 2180 est
3256 2126 3406 2180 illius
3444 2140 3539 2182 su·

1958 2226 2178 2283 preme,
2198 2228 2369 2282 quam
2398 2212 2696 2268 Prunicum
2726 2213 3023 2284 appellant.
3054 2213 3208 2272 Hanc
3230 2218 3375 2272 enim
3404 2232 3537 2272 nar·

1959 2311 2084 2356 rant
2112 2303 2168 2356 in
2199 2317 2373 2374 aquas
2409 2302 2712 2373 delapsam.
2739 2302 2921 2375 iisque
2950 2308 3293 2363 commistam
3322 2308 3540 2364 evolare

1959 2394 2185 2450 minime
2245 2395 2526 2465 potuisse,
2578 2397 2726 2468 quod
2776 2399 3020 2453 materiae
3067 2401 3333 2469 gravitate
3379 2411 3527 2458 esset

1959 2483 2255 2554 implicita;
2302 2484 2392 2540 cui
2441 2487 2660 2556 quidem
2696 2488 2923 2558 perinde
2952 2496 3012 2544 ut
3036 2490 3196 2560 aquis
3219 2491 3424 2547 inserta
3450 2506 3539 2546 re-

1960 2574 2151 2630 cedere
2199 2573 2342 2630 ultra
2388 2577 2712 2647 nequiverit.
2753 2577 2833 2633 Ac
2876 2592 3001 2633 cum
3049 2594 3110 2635 se
3148 2579 3415 2634 violenter
3457 2579 3539 2635 es·-

1961 2667 2148 2731 serret,
2177 2676 2339 2739 atque
2365 2671 2711 2727 extendendo
2740 2673 3034 2736 niteretur,
3058 2674 3260 2728 coelum
3290 2673 3422 2728 illud
3451 2689 3541 2729 su·

1962 2758 2148 2829 perius
2176 2757 2432 2814 effectum
2466 2775 2573 2817 est.
2611 2763 2730 2833 lpsa
2758 2777 2888 2819 vero
2917 2763 3009 2818 ubi
3042 2764 3223 2819 defixa
3250 2765 3416 2820 semel
3443 2773 3533 2822 est

1962 2846 2118 2902 baesit
2146 2847 2204 2901 in
2232 2847 2424 2904 eodem
2453 2856 2621 2915 statu,
2645 2865 2825 2922 neque
2852 2859 2943 2906 aut
2970 2852 3141 2905 attolli
3171 2867 3415 2916 sursum.
3447 2859 3541 2908 aut

1964 2938 2224 2993 deorsum
2253 2938 2583 2996 descendere
2613 2942 2786 3012 potuit
2805 2959 2821 3006 ς
2843 2930 2941 2996 s‘ed
2962 2943 3018 2997 in
3041 2942 3218 2998 medio
3245 2943 3542 3002 immobilis

1962 3036 2288 3101 extentaque
2331 3030 2650 3102 permansit.
2682 3032 2802 3088 Non
2847 3033 2992 3088 cnitn
3023 3032 3338 3090 inferiorem
3370 3035 3425 3089 in
3455 3034 3541 3091 lo·-

1963 3133 2087 3174 cum
2119 3130 2382 3191 vergeret,
2404 3135 2514 3191 quo
2547 3136 2669 3176 eum
2692 3122 2742 3178 ei
2768 3122 2925 3180 affine
2955 3122 3091 3178 nihil
3112 3131 3294 3193 csset3
3320 3139 3541 3181 sursum

289 3211 539 3285 ἠδύνατο,
561 3212 645 3265 ὅτι
669 3212 774 3266 οὐκ
814 3206 883 3283 ἦν
923 3212 1190 3284 συγγενής
1210 3229 1224 3243 ·
1251 3212 1366 3266 ἄνω
1402 3211 1460 3266 δὲ
1502 3213 1599 3267 οὐκ
1634 3214 1864 3285 ἠδύνατο
1890 3228 1934 3286 G
1968 3219 2146 3265 autem
2170 3226 2448 3281 emergere
2477 3228 2588 3269 non
2614 3223 2857 3284 poterat;
2888 3230 3015 3271 cum
3046 3231 3166 3272 eam
3195 3218 3422 3273 materia
3451 3218 3540 3274 illa

292 3307 509 3376 χωρεῖν,
536 3301 624 3357 διὰ
650 3304 714 3355 τὸ
744 3302 1030 3374 βαρεῖσθαι
1055 3304 1120 3355 ὲκ
1154 3302 1252 3373 τῆς
1280 3301 1411 3374 ὕλης
1435 3289 1504 3374 ἦς
1540 3305 1861 3376 προσέλαὸε.

293 3394 454 3450 Κατὰ
476 3393 534 3448 δὲ
549 3392 648 3466 τὴν
670 3393 840 3464 αὐτῆς
868 3394 1093 3462 ἄγνοιαν
1113 3394 1438 3467 προὸληθεὶς
1459 3396 1488 3448 ὀ
1516 3395 1866 3462 Ἰαλθαὸαὼθ,

295 3480 461 3556 ἦλθεν
502 3483 584 3547 είς
610 3481 683 3536 τὰ
719 3482 1005 3538 κατώτατα
1022 3500 1037 3514 ·
1073 3485 1169 3539 καὶ
1215 3485 1474 3557 εποίησεν
1518 3484 1697 3558 ἑαυτῷ
1728 3485 1869 3541 ἑπτὰ

293 3571 466 3638 υἱοὺς,
502 3574 697 3640 οἵτινες
721 3574 947 3640 ἑαυτοὺς
978 3574 1241 3647 οὐρανοὺς
1273 3573 1414 3629 ἑπτὰ
1444 3576 1722 3648 ἐποίησαν.
1755 3577 1867 3631 Αὐ-

292 3663 387 3728 τδς
408 3662 465 3717 δὲ
498 3663 822 3729 ἀποκλείσας
845 3663 917 3720 τὰ
943 3664 1087 3737 ὑπὲρ
1111 3666 1275 3720 αὑτὸν
1298 3665 1669 3738 ἀπέκρυπτεν,
1702 3668 1790 3722 ἴνα
1818 3669 1869 3723 οῖ

295 3753 390 3807 ὑπ’
418 3752 581 3808 αὐτοῦ
607 3754 715 3806 υἱοὶ
741 3751 1141 3822 προὸληθέντες
1175 3752 1316 3803 ἑπτὰ
1358 3750 1432 3821 μὴ
1469 3751 1777 3820 γινώσκωσι
1802 3753 1871 3808 τὰ

295 3845 438 3915 ὑπὲρ
470 3844 652 3907 αὐτὸν,
687 3841 988 3913 κατώτεροι
1015 3840 1171 3904 ὄντες
1200 3839 1386 3905 αὐτοῦ,
1419 3839 1534 3894 ἀλλ’
1571 3842 1735 3896 αὑτὸν
1775 3862 1873 3915 μο-

295 3934 551 3995 νωτὰτως
574 3949 588 3963 ·
645 3930 739 3982 καὶ
765 3921 920 3992 οὗτός
964 3930 1105 3994 ἐστι,
1141 3927 1325 3998 φασὶν,
1356 3930 1385 3982 ὁ
1421 3928 1552 3995 Θεὸς
1595 3928 1704 3985 τῶν
1744 3934 1873 3988 Ἰου-

300 4023 467 4078 δαίων
516 4023 546 4074 δ
599 4015 946 4073 Ἰαλδαὸαώθ.
1006 4017 1145 4071 Ἀλλ’
1181 4020 1283 4073 οὐκ
1332 4019 1477 4075 ἔστιν
1533 4019 1730 4089 οὕτως,
1793 4024 1869 4098 μὴ

303 4112 539 4181 γένοιτοί
587 4108 749 4163 Ἀλλὰ
786 4108 970 4182 μέλλει
998 4108 1202 4182 κρίνειν
1238 4111 1434 4177 αὐτοὺς
1458 4113 1488 4167 ὁ
1523 4113 1656 4180 Θεὸς
1677 4117 1707 4171 ὁ
1732 4133 1871 4171 παν-

304 4201 612 4275 τοκράτωρ,
642 4199 773 4265 Θεὸς
815 4199 891 4254 ὢν
912 4202 1007 4256 καὶ
1050 4201 1336 4272 Ἰουδαίων,
1365 4204 1461 4259 καὶ
1505 4207 1870 4279 Χριστιανῶν,

304 4295 403 4349 καὶ
441 4294 655 4349 πάντων
683 4308 699 4322 ·
726 4292 820 4347 καὶ
847 4294 876 4346 ὀ
898 4290 1255 4347 *Ἰαλδαδαώθ
1286 4310 1371 4360 τις
1390 4293 1466 4350 ὢν
1488 4297 1629 4352 κατὰ
1656 4296 1757 4370 τὴν
1778 4298 1875 4354 αὑ-

301 4384 412 4439 τῶν
441 4383 657 4456 ληρώδη
691 4382 1034 4456 μυθολογίαν.

1966 3301 2055 3357 cui
2084 3316 2144 3359 se
2181 3301 2525 3372 adjunxerat,
2558 3313 2752 3376 suopte
2790 3305 3028 3376 pondere
3074 3314 3341 3378 gravaret.
3375 3306 3545 3378 igitur

1965 3403 2031 3443 ex
2072 3388 2234 3459 hujus
2279 3390 2583 3460 ignorantia
2635 3393 2817 3449 editus
2863 3392 3184 3449 Jaldabaoth
3239 3395 3306 3450 ad
3356 3397 3545 3454 intima

1966 3477 2236 3544 subsidit;
2285 3487 2605 3551 septemque
2649 3481 2754 3537 sibi
2801 3482 3006 3540 liberos
3048 3486 3251 3555 genuit,
3285 3486 3378 3555 qni
3413 3487 3544 3544 toti-

1967 3569 2088 3626 dem
2121 3571 2370 3627 coelestes
2398 3574 2559 3629 orbes
2589 3573 2971 3630 condiderunt.
3003 3577 3075 3630 At
3106 3577 3197 3632 ille
3226 3592 3349 3646 quae
3375 3593 3545 3649 supra

1968 3676 2028 3718 se
2050 3669 2207 3717 erant
2237 3662 2563 3729 interclusit,
2598 3679 2934 3735 suorumque
2954 3663 3226 3744 subtraxit
3252 3665 3449 3735 oculis,
3476 3680 3546 3723 ne

1968 3760 2174 3824 septem
2221 3752 2299 3807 illi
2343 3766 2480 3822 quos
2529 3762 2869 3823 susceperat,
2927 3752 3246 3825 quidquam.
3293 3757 3440 3825 quoni
3484 3770 3549 3816 se

1971 3841 2093 3915 ipso
2138 3840 2395 3912 superius
2435 3848 2602 3908 esset,
2646 3848 2844 3911 praeter
2872 3855 2933 3897 se
2964 3855 3132 3896 unum
3166 3851 3544 3911 agnoscerent.

1969 3930 2127 3988 Hune
2152 3928 2477 3986 Jaldabaoth
2522 3927 2835 3985 Judaeorum
2878 3944 3003 3986 esse
3048 3927 3220 3985 Deum
3269 3926 3545 3987 asserunt.

1969 4022 2125 4091 Quod
2158 4022 2301 4078 absit
2326 4033 2387 4077 ut
2413 4037 2536 4078 esse
2565 4036 2752 4077 verum
2802 4031 3075 4093 putemus.
3123 4019 3236 4075 Imo
3286 4021 3378 4077 ille
3429 4021 3549 4094 ipse

1969 4119 2074 4178 est,
2099 4126 2131 4166 a
2165 4126 2274 4183 quo
2307 4109 2590 4182 judicandi
2630 4118 2781 4179 sunt,
2809 4113 3156 4183 omnipotens
3184 4112 3343 4187 271
3378 4112 3545 4182 Deus,

1968 4197 2301 4267 ludaeorum,
2345 4200 2588 4273 inquam,
2630 4211 2692 4257 ut
2728 4207 2787 4256 et
2819 4199 3276 4270 Christianorum,
3303 4203 3549 4276 adeoque

1970 4294 2277 4349 communis
2328 4293 2571 4349 omnium
2619 4292 2798 4360 θεοῦ,
2843 4308 2953 4351 non
2986 4293 3080 4350 ille
3109 4294 3296 4350 nescio
3325 4296 3450 4367 quis
3478 4310 3550 4354 ex

1970 4383 2356 4440 commentitiis
2382 4384 2613 4439 istorum
2639 4382 2800 4454 nugis
2823 4380 3182 4455 depromptus
3201 4381 3547 4443 Jaldabaoth.

1971 4471 2046 4527 De
2075 4488 2185 4542 quo
2211 4474 2287 4527 ita
2313 4488 2542 4530 narrare
2574 4481 2825 4545 pergunt.

372 4560 446 4611 Δ’.
476 4552 611 4611 Εἶτά
656 4568 850 4626 φασιν·
908 4555 1444 4627 ,Ἀποκεκλεισμένων
1485 4556 1595 4613 τῶν
1624 4559 1735 4613 ἄνω
1781 4558 1868 4613 διὰ
1900 4573 1945 4628 1)
2041 4559 2131 4619 IV.
2189 4563 2346 4631 Cum,
2394 4574 2451 4618 ut
2478 4563 2683 4619 dictum
2721 4571 2825 4630 est,
2852 4562 3225 4623 Jaldabaotbis
3251 4568 3549 4626 calliditate

311 4648 401 4720 τῆς
428 4647 524 4701 τοῦ
564 4646 890 4702 Ἰαλδαόαὼθ
925 4648 1189 4713 ἐπινοίας,
1223 4645 1368 4710 οὗτοι
1391 4651 1442 4703 oi
1472 4650 1568 4703 ἀπ’
1598 4649 1762 4704 αὑτοῦ
1787 4666 1879 4719 γε·

302 4735 626 4808 γεννημένοι
657 4737 797 4791 ἑπτὰ
834 4738 960 4803 υἱοὶ,
1000 4739 1119 4810 ἦτοι
1148 4739 1369 4806 Δίῶνες,
1409 4743 1528 4813 ἦτοι
1579 4740 1710 4808 θεοὶ,
1759 4744 1877 4813 ἦτοι

304 4830 526 4900 ἄγγελοι
568 4828 878 4900 (καλοῦνται
907 4829 1015 4903 γὰρ
1055 4831 1186 4902 παρ’
1216 4830 1398 4896 αὐτοῖς
1426 4832 1651 4904 ὀνόμασι
1689 4833 1876 4903 διαφό-

310 4923 465 4993 ροις),
495 4920 638 4974 κατὰ
667 4919 766 4991 τὴν
791 4920 966 4975 εἰδέαν
991 4919 1087 4974 τοῦ
1104 4921 1284 4975 αὐτῶν
1306 4923 1510 4994 πατρὸς
1552 4922 1877 4990 Ἶαλδαδαῲθ

306 5011 550 5066 ἔπλασαν
574 5011 665 5064 τὸν
683 5010 985 5083 ἄνθρωπον,
1007 5014 1069 5066 οὐ
1098 5013 1312 5085 ῥᾳδίως,
1342 5016 1462 5069 οὐδὲ
1488 5016 1717 5087 ταχέως,
1745 5016 1879 5071 ἀλλὰ

307 5102 388 5173 τῷ
414 5102 566 5174 αὐτῷ
597 5101 804 5174 τρόπῳ,
830 5094 875 5170 ᾧ
907 5103 1002 5156 καὶ
1025 5105 1081 5157 αἱ
1115 5106 1375 5177 πρότεραι
1405 5107 1645 5179 αἱρέσεις
1672 5110 1881 5179 ἐμηχα-

311 5196 540 5265 νήσαντο
567 5196 625 5248 ὲν
653 5196 719 5265 τῇ
741 5194 921 5248 αὐτῶν
950 5198 1269 5268 κενοφωνίᾳ.
1296 5199 1433 5251 Φασὶ
1461 5198 1570 5270 γὰρ
1594 5200 1687 5253 καὶ
1712 5194 1876 5253 οὗτοι·

311 5279 423 5337 Ἦν
447 5284 673 5355 ἑρπετὸν
701 5286 730 5338 ὀ
766 5284 1049 5356 ἄνθρωπος
1073 5286 1185 5357 (45)
1216 5287 1291 5351 ὡς
1323 5288 1560 5361 σκώληξ,
1604 5289 1678 5362 μὴ
1718 5289 1879 5344 δυνά-

313 5398 477 5452 μενος
516 5384 655 5455 μήτε
695 5382 1012 5453 ἀνακῦφειν,
1044 5386 1183 5458 μήτε
1224 5383 1533 5456 ὀρθοῦσθαι.
1567 5381 1710 5452 Πρὸς
1757 5383 1880 5434 ἑπι-

434 5541 731 5611 Ιίε,νοοεε
756 5541 833 5613 τῷ
882 5544 995 5600 ἔθει
1042 5553 1394 5614 supervacuae
1441 5546 1570 5593 sunt
1612 5536 1722 5594 nisi
1775 5536 1855 5610 τῷ
1911 5537 2032 5607 ὄφει
2087 5535 2412 5593 substituas.

313 5611 338 5644 ⁸
372 5609 430 5667 F.
470 5612 566 5668 καὶ
588 5611 709 5666 οὐκ.

386 5768 501 5840 (⁸5)
519 5764 631 5825 Ἦν
658 5767 908 5838 ἑρπετὸν
931 5768 967 5820 d
998 5764 1323 5833 ἄνθρωπος.
1356 5761 1488 5829 Quae
1511 5761 1579 5817 de
1602 5760 1883 5817 hominum

293 5838 529 5922 'origine
555 5838 850 5897 commenti
896 5842 1025 5894 sunt
1048 5844 1104 5892 et
1136 5834 1231 5901 hi,
1260 5842 1316 5889 et
1343 5831 1731 5890 Gnosticorum
1767 5832 1881 5904 ple·

1974 4654 2155 4711 aditus
2182 4665 2327 4710 esset
2361 4653 2428 4708 ad
2462 4654 2743 4726 superiora
2776 4656 3097 4727 praeclusus,
3128 4664 3335 4726 septem
3373 4658 3449 4712 illi
3477 4658 3548 4714 ab

1973 4764 2040 4805 eo
2065 4746 2230 4819 geniti
2258 4746 2438 4811 liberi,
2487 4746 2603 4802 sive
2641 4744 2870 4812 diones,
2908 4748 3023 4803 sive
3051 4747 3149 4812 dii,
3178 4747 3294 4803 sive
3327 4746 3547 4804 demum

1974 4840 2182 4910 angeii;
2224 4838 2436 4895 diversa
2483 4837 2627 4892 enim
2667 4838 2876 4894 abillis
2914 4838 3137 4894 nomina
3174 4838 3497 4893 tribuuntur
3529 4857 3545 4895 τ

1976 4934 2042 4987 ad
2093 4930 2336 5002 parentis
2393 4930 2478 4985 sui
2524 4926 2897 4986 Jaldaba‘othis
2940 4930 3231 5001 imaginem
3271 4929 3547 4986 hominem

1977 5022 2321 5093 producunt,
2371 5036 2442 5076 ne
2476 5020 2530 5075 id
2577 5021 2796 5093 quidem
2833 5022 2993 5077 facile
3026 5022 3110 5078 vel
3142 5021 3419 5086 celeriter,
3450 5022 3545 5077 sed

1977 5114 2044 5168 ad
2092 5111 2345 5167 eumdem
2389 5111 2633 5178 modum,
2690 5126 2799 5182 quo
2848 5113 3082 5168 haereses
3128 5112 3350 5182 relique
3399 5110 3546 5165 stoli·

1977 5203 2203 5259 dissime
2224 5202 2519 5256 tinxerunt.
2545 5200 2638 5256 Sic
2662 5202 2810 5257 enim
2840 5199 3194 5272 pronuntiant
3219 5216 3235 5253 ι
3264 5196 3547 5254 Hominem

1977 5294 2246 5366 principio
2289 5294 2494 5349 vermis
2542 5294 2716 5348 instar
2769 5291 2920 5346 humi
2974 5298 3277 5361 reptantem
3326 5304 3548 5346 sursum

1978 5382 2113 5453 erigi
2134 5389 2228 5436 aut
2249 5381 2425 5437 attolli
2452 5382 2745 5452 nequisse;
2775 5380 3052 5436 coelestem
3073 5378 3270 5436 deinde
3297 5391 3547 5444 matrem,

2497 5539 2519 5568 ²
2545 5534 2607 5591 F.
2631 5537 2723 5589 τὸν
2763 5535 2891 5591 Ἰαλ.
3000 5537 3023 5570 ⁸
3049 5535 3549 5611 Leg.11p‹r.ntm.

1992 5761 2171 5831 rique,
2202 5777 2268 5818 ex
2293 5769 2536 5843 veterum
2602 5762 3015 5846 hilosophorum
3053 5765 3403 5850 opinionibus
3431 5778 3549 5817 ma-

1987 5838 2210 5901 narunt,
2242 5830 2311 5888 de
2337 5832 2538 5905 quibus
2614 5832 2840 5893 todorus
2863 5875 2879 5905 ‚
2911 5834 3181 5895 Eusebius
3219 5853 3237 5894 ι
3265 5834 3347 5891 De
3381 5848 3549 5906 proep.
