3850 6517
326 533 396 588 83
1621 541 1678 600 S.
1724 538 2070 597 temptum!
2110 541 2292 599 Vtra,
3491 547 3586 608 ‘st

331 657 476 722 nius,
529 655 580 710 ei
607 655 744 712 dixit
774 672 916 714 unus
942 673 1007 713 cx
1046 658 1297 713 duobus:
1333 659 1529 714 Sancte
1566 668 1748 730 pater,
1787 676 1818 714 v
1842 676 1903 716 se
1935 661 1978 718 Α
2006 661 2146 732 πρὸς
2198 662 2358 719 αὑτὸν
2401 663 2429 716 ό
2461 659 2567 728 εἷς·
2601 665 2776 730 Ὄσιε,
2836 667 2968 737 φησι
2992 708 3015 733 ,
3062 665 3243 739 Πάτερ
3273 669 3581 741 Ἐπιφάυιε,

331 754 628 814 mortuum,
656 759 711 804 et
760 762 925 820 super
955 764 1079 805 eum
1113 749 1277 820 injice
1325 758 1718 822 tegumentum.
1762 751 1899 806 Cum

330 836 445 893 hoec
475 852 608 910 ergo
631 840 900 896 audiisset
921 839 1278 912 Epiphanius,
1320 844 1468 898 stetit
1504 843 1570 898 ad
1611 843 1898 908 orientem,

323 941 426 998 pro
468 943 686 986 mortuo
738 931 974 989 offerens
1006 934 1333 989 orationem.
1391 934 1641 1004 Cumque
1695 949 1754 991 se
1799 950 1902 990 suo

321 1020 566 1076 exuisset
595 1021 934 1087 indumento,
986 1024 1217 1095 projecit
1267 1026 1334 1080 ad
1392 1023 1725 1080 induendum
1754 1040 1900 1079 mor-

322 1118 499 1165 tuum.
530 1109 637 1167 iter
670 1122 849 1168 autem
881 1113 1110 1172 faciente
1141 1116 1465 1189 Epiphanio.
1491 1119 1538 1175 is
1559 1119 1740 1190 quiea
1773 1132 1897 1172 ver-

323 1201 389 1254 ba
440 1201 650 1280 dixerat
676 1245 692 1270 ,
751 1203 888 1260 dixit
915 1206 987 1273 ei,
1016 1207 1109 1277 qni
1140 1223 1199 1264 se
1228 1219 1506 1267 mortuum
1555 1209 1848 1267 simulabat
1880 1224 1903 1260 :-

322 1290 515 1366 Surge,
551 1297 810 1366 praeteriit
841 1299 925 1354 vir
953 1300 1107 1359 rudis
1141 1311 1196 1358 et
1228 1298 1502 1359 indoctus.
1538 1301 1676 1358 Cum
1715 1302 1763 1356 is
1794 1316 1896 1356 au-

320 1394 428 1442 tem
457 1401 565 1442 non
583 1390 956 1461 responderet,
973 1408 1166 1451 rursus
1179 1409 1302 1450 eum
1325 1395 1573 1451 vocabat.
1599 1394 1894 1464 Postquam

322 1492 450 1534 vero
480 1480 862 1540 animadvertit
887 1500 1012 1540 enm
1065 1501 1187 1543 esse
1237 1499 1537 1550 mortuum,
1595 1485 1728 1541 dicit
1751 1481 1893 1554 apud

320 1584 414 1636 se;
444 1572 697 1640 Curram,
746 1584 800 1632 et
860 1578 1062 1651 hospiti
1106 1595 1282 1636 meam
1314 1580 1492 1636 dicam
1544 1580 1778 1648 culpam,
1838 1583 1898 1629 ul·

318 1671 444 1714 eum
487 1662 704 1718 excitet.
739 1663 842 1733 Qui
874 1682 976 1725 nos
1011 1677 1319 1737 assecutus,
1358 1670 1410 1725 in
1436 1679 1636 1726 terram
1676 1665 1892 1728 cecidit,

320 1764 518 1821 rogans
548 1751 936 1825 Epiphanium‚
971 1769 1025 1816 et
1046 1763 1097 1816 ei
1122 1762 1310 1818 dicens
1335 1762 1500 1818 verba
1526 1759 1841 1832 hujusmodi
1877 1774 1891 1810 ι

317 1841 493 1916 Rogo,
530 1855 583 1907 et
615 1850 862 1920 supplico
915 1859 1023 1908 tuae
1066 1855 1380 1924 paternitati
1415 1871 1428 1908 τ
1465 1854 1547 1910 ler
1580 1866 1736 1924 opem
1761 1890 1776 1920 ,
1835 1857 1892 1903 Θῑ

317 1948 477 2000 parce
496 1946 697 1994 nostrae
725 1939 1073 2010 insipientiae.
1101 1943 1332 2011 Quando
1356 1944 1502 2001 enim
1528 1953 1580 1999 te
1607 1956 1729 1998 sum
1755 1937 1899 1994 allo«

2009 746 2302 817 ἐπίσκεψαι
2328 750 2421 805 τὸν
2454 751 2667 822 νεκρὸν,
2702 754 2797 807 καὶ
2839 754 2899 808 τὸ
2930 755 3191 828 κάλυμμα
3241 757 3396 829 ρίψον
3449 761 3587 832 πρὸς

1956 842 1976 857 ·
2007 834 2214 890 τοῦτον.
2260 838 2317 892 '0
2341 832 2435 891 οῦν
2465 839 2784 909 Ἐπιφάνιος
2811 841 3052 907 ἀκούσας
3077 843 3271 906 ταῦτα,
3300 845 3427 916 ἔστη
3449 845 3589 916 πρὸς

2007 927 2271 993 ἀνατολὰς
2295 929 2436 1002 ὑπὲρ
2460 930 2655 1003 νεκροῦ
2687 931 2986 1006 τὴψδέησιν
3015 935 3369 1007 προσφέρων·
3403 937 3497 989 καὶ
3519 937 3584 1009 δὴ

2005 1018 2413 1090 ἀποδυσάμενος
2452 1021 2543 1074 τὸν
2596 1022 2914 1094 ἐπενδύτην,
2968 1025 3188 1096 ἔρριψεν
3214 1026 3351 1094 πρὸς
3375 1026 3588 1080 ἔνδυσιν

2004 1108 2100 1164 τοῦ
2124 1109 2436 1176 τεθνεῶτος.
2468 1113 2574 1168 Τοῦ
2601 1114 2662 1168 δὲ
2684 1115 3005 1186 Ἐπιφανίου
3028 1118 3127 1190 τὴν
3152 1119 3378 1190 πορείαν
3401 1136 3576 1172 ποιου-

2007 1202 2193 1272 μένου,
2223 1206 2389 1276 φησὶν
2414 1208 2443 1260 ό
2469 1207 2603 1271 τοὺς,
2623 1207 2814 1276 λόγους
2852 1208 3092 1283 λαλήσας
3128 1211 3265 1283 πρὸς
3303 1211 3396 1264 τὸν
3445 1211 3577 1265 πλα-

2007 1293 2200 1349 σθέντα
2230 1295 2323 1350 τὺν
2346 1296 2576 1353 θάνατον
2596 1316 2610 1333 ·
2631 1302 2887 1369 Ἀνάστα,
2911 1302 3100 1374 φησὶν,
3126 1302 3527 1374 ἀντιπαρῆλθεν
3554 1305 3586 1357 ό

2007 1385 2242 1460 ἰδιώτης.
2273 1389 2380 1444 Τοῦ
2411 1391 2468 1444 δὲ
2495 1392 2789 1461 ἀπόκρισιν
2822 1394 2897 1466 μὴ
2920 1395 3156 1459 διδόντος
3178 1435 3192 1459 ,
3224 1393 3385 1448 πάλιν
3412 1412 3585 1466 προσ-

2002 1478 2269 1535 εκαλεῖκτο.
2340 1478 2424 1546 Ὡς
2476 1481 2533 1538 δὲ
2570 1486 2878 1555 προσέσχεν
2934 1484 3125 1541 τοῦτον
3168 1484 3381 1556 νεκρὸν,
3418 1484 3585 1555 φησίν

2003 1569 2141 1642 πρὸς
2167 1571 2357 1626 ἑαυτόν
2380 1589 2395 1604 ·
2420 1574 2645 1646 Δράμω,
2709 1576 2804 1629 καὶ
2849 1577 3172 1648 ἀπαγγείλω
3198 1575 3276 1647 τῷ
3320 1575 3453 1647 ξένῳ
3484 1575 3586 1648 τὴν

2001 1661 2201 1726 αἰτίαν,
2253 1663 2402 1728 ὅπως
2450 1663 2640 1720 τοῦτον
2672 1665 2987 1739 ἀναστήσει.
3036 1667 3094 1721 ‘0
3146 1667 3205 1721 δὲ
3243 1666 3587 1733 καταδιώξας

2004 1751 2182 1807 ὀπίσω
2200 1753 2380 1825 ἡμῶν,
2416 1754 2611 1809 ἔπεσεν
2645 1756 2738 1810 ἐπὶ
2783 1756 2883 1829 τὴν
2910 1759 3017 1830 γῆν
3066 1757 3321 1829 δεόμενος
3353 1758 3589 1826 Ἐπιφα-

2001 1843 2136 1909 νίου,
2165 1844 2371 1915 λέγων·
2396 1845 2599 1919 Δέομαι
2625 1847 2721 1902 καὶ
2753 1848 2982 1903 ἱκετεύω
3018 1849 3116 1922 τὴν
3161 1847 3260 1920 σὴν
3295 1850 3587 1922 πατρωσύ·

1999 1949 2118 2004 νην,
2144 1931 2430 2005 βοήθησον,
2458 1937 2554 1990 καὶ
2578 1940 2762 2006 φεῖσαι
2781 1938 2881 2010 τῆς
2906 1937 3063 2011 ἡμῶν
3089 1939 3421 2012 ἀφροσύνης,
3456 1940 3586 1994 Ὅτε

313 2031 473 2081 cutus
489 2025 710 2084 dicens:
734 2028 905 2084 indue
928 2032 1227 2100 mortuum,
1251 2035 1372 2106 ejus
1395 2050 1665 2092 consensu
1682 2050 1802 2092 sum
1819 2032 1903 2086 lo·
1936 2018 1976 2073 Β
2004 2022 2114 2096 γὰρ
2140 2024 2489 2098 ἐφθεγξάμην
2515 2029 2653 2100 πρὸς
2685 2030 2745 2084 σὲ
2772 2030 2949 2100 λέγων
2967 2036 2996 2098 i
3014 2030 3338 2087 Ἐπένδυσῦν
3375 2031 3466 2085 τὸν
3494 2048 3586 2086 τε·

310 2127 470 2174 cutus
505 2135 519 2172 :
575 2133 812 2192 cumque
841 2129 899 2177 tu
930 2136 1038 2178 non
1070 2123 1230 2196 longe
1264 2127 1640 2194 praeteriisses,
1686 2126 1889 2182 allocu-

311 2219 398 2266 tus
421 2227 543 2267 sum
574 2228 755 2267 mcum
782 2213 1044 2280 amicum,
1081 2222 1137 2271 et
1171 2216 1226 2271 in
1260 2230 1467 2273 eonon
1501 2225 1622 2276 erat
1644 2232 1891 2282 vox,nec

309 2302 551 2359 auditus.
589 2302 694 2360 Sed
743 2319 866 2377 age,
893 2305 1093 2377 inquit,
1122 2304 1286 2363 Pater
1306 2349 1321 2375 ,
1347 2309 1555 2365 suscita
1583 2307 1885 2373 mortuum,

307 2401 362 2448 et
389 2408 554 2464 quam
585 2409 615 2449 a
640 2403 693 2449 te
717 2397 1032 2466 accepimus
1065 2399 1328 2464 tunicain,
1359 2415 1481 2455 eam
1512 2401 1717 2471 accipe.
1746 2398 1889 2457 Dixit

307 2492 489 2538 autem
528 2481 868 2555 Epiphanius
901 2485 976 2550 ei,
1023 2486 1117 2558 qui
1165 2486 1533 2558 loquebatur:
1574 2487 1756 2553 Vade,
1786 2487 1884 2554 lili,

305 2582 360 2631 et
385 2575 551 2646 sepeli
588 2589 735 2630 eum.
765 2574 1011 2633 Primum
1045 2579 1192 2635 enim
1223 2587 1308 2636 est
1345 2588 1619 2647 mortuns,
1650 2587 1704 2636 et
1757 2588 1887 2637 tune

306 2667 412 2741 ipsi
468 2667 673 2739 petiisti
728 2668 1134 2728 indumentum.
1177 2670 1315 2728 Cum
1349 2681 1530 2729 autem
1564 2688 1760 2730 rursus
1793 2688 1885 2728 ve-

305 2760 585 2818 nissemus
613 2759 943 2830 Caesaream,
972 2763 1027 2819 in
1050 2762 1287 2838 Cyprum
1318 2765 1713 2838 navigavimus,
1743 2765 1881 2820 Fra-

294 2852 417 2907 'tres
453 2866 588 2909 vero
614 2867 717 2909 nos
745 2868 869 2908 cum
895 2868 1095 2926 magno
1123 2855 1325 2928 gaudio
1351 2865 1717 2925 exceperunt„

371 3111 579 3170 xtvn.
611 3114 739 3172 Erat
771 3125 952 3172 antem
988 3116 1209 3188 quidam
1244 3119 1588 3192 legisperitus
1636 3121 1889 3191 Judaeu82.

303 3206 454 3263 isaac
479 3209 723 3276 nomine,
751 3209 835 3265 vir
870 3210 1012 3281 pius,
1039 3219 1093 3268 et
1125 3212 1216 3285 qui
1265 3223 1521 3270 accurate
1544 3213 1718 3287 legem
1763 3231 1881 3272 ser-

301 3301 464 3356 vabat
491 3300 809 3358 Mosaicam.
834 3303 882 3360 ls
912 3318 1036 3359 cum
1061 3314 1302 3363 sectatus
1321 3316 1475 3364 esset
1490 3306 1877 3378 Epiphanium,

300 3401 355 3450 et
380 3394 651 3449 catechesi
688 3392 882 3450 suisset
931 3394 1236 3462 institutus,
1287 3406 1372 3453 est
1404 3399 1474 3454 ab
1503 3413 1570 3453 eo
1600 3397 1880 3455 illumina-

222 3553 236 3573 ·
292 3487 411 3546 tus.
447 3487 678 3543 Eramns
703 3498 884 3543 antem
911 3498 1021 3544 tres
1047 3489 1194 3545 domi
1229 3498 1533 3548 manentes.

368 3577 581 3635 xhvnl
627 3579 934 3650 Aliquando
992 3596 1123 3637 vero
1175 3595 1299 3636 cum
1356 3596 1517 3636 soror
1574 3578 1790 3633 Arcadii
1821 3588 1877 3633 et

299 3672 524 3730 Honorii
550 3672 940 3741 imperatorum
963 3681 1274 3740 aegrotaret,
1289 3681 1435 3728 esset
1452 3680 1633 3729 autem
1664 3671 1874 3732 Romae,

299 3761 470 3819 audiit
495 3763 562 3817 de
596 3760 922 3833 Epiphanio,
976 3762 1120 3832 quod
1151 3760 1297 3818 Deus
1332 3777 1430 3832 per
1475 3778 1600 3818 eum
1657 3770 1884 3819 sanaret·

299 3865 551 3931 aegrotos.
581 3853 658 3909 Ea
684 3871 816 3926 ergo
844 3854 995 3910 misit
1028 3855 1082 3910 in
1110 3855 1373 3928 Cyprum,
1398 3855 1490 3927 qui
1524 3852 1756 3911 Romam
1777 3855 1875 3910 ad-

297 3934 562 4006 ducerent
603 3946 992 4019 Epiphanium.
1043 3947 1146 4016 Qui
1205 3956 1388 4005 aulem
1443 3948 1599 4005 missi
1636 3948 1872 4014 ruerant,

296 4057 431 4099 eum
468 4041 523 4097 in
562 4040 802 4114 Cyprum
846 4040 1244 4111 pervenissent,
1276 4041 1638 4097 ostenderunt
1660 4039 1873 4095 litteras

297 4133 627 4206 Epiphanio.
695 4131 826 4188 Erat
866 4147 996 4188 vero
1025 4131 1247 4202 quidam
1305 4130 1532 4202 gentilis
1561 4131 1644 4186 vir
1696 4129 1872 4197 dives,

299 4225 496 4294 lingnae
525 4223 818 4278 admodum
853 4221 1144 4292 impeditas,
1197 4222 1418 4278 nomine
1460 4221 1872 4279 Faustinianus.

301 4312 349 4373 is
380 4323 670 4384 ext-eperat
698 4314 847 4370 viros
872 4312 1071 4370 missos
1103 4313 1169 4368 ad
1209 4312 1574 4385 Epiphanium
1601 4352 1616 4377 ‚
1657 4311 1752 4383 qui
1777 4313 1874 4367 ad-

296 4405 621 4462 versabatur
647 4404 939 4460 admodum
993 4403 1091 4460 illi.
1121 4403 1219 4462 His
1261 4413 1445 4461 autem
1479 4404 1692 4462 dieebat
1723 4401 1871 4459 Fau-

297 4497 605 4554 stinianus:
633 4494 776 4564 Quid
794 4495 924 4551 huic
941 4495 1248 4566 impostori,
1266 4478 1523 4568 'tanquam
1558 4495 1689 4563 Deo,
1717 4494 1875 4551 adhi-

297 4588 440 4647 betis
482 4588 772 4645 animum?
809 4586 1026 4661 Frigida
1076 4587 1223 4644 enim
1286 4587 1454 4645 verba
1501 4588 1784 4660 loquitur,
1813 4596 1870 4644 et

299 4681 435 4739 nihil
468 4675 614 4738 aliud
648 4699 662 4737 ι
690 4691 774 4738 est
802 4689 983 4739 autem
1015 4682 1271 4752 pessimis
1295 4680 1559 4738 moribus.
1620 4679 1868 4749 Quodam
1904 4709 1955 4766 D

297 4787 426 4831 vero
449 4773 538 4829 die
557 4787 682 4829 eum
705 4774 921 4829 adesset
944 4771 1306 4844 Epiphanius,
1330 4783 1622 4840 essentque
1648 4770 1875 4841 opifices

296 4873 586 4935 operantes
629 4863 687 4918 in
739 4863 994 4930 ecclesia,
1025 4874 1183 4921 erant
1216 4865 1378 4920 etiam
1433 4863 1545 4919 illie
1594 4862 1719 4930 viri,
1775 4862 1867 4932 qni

296 4952 450 5011 missi
479 4951 716 5017 lucrant,
741 4966 910 5024 prope
927 4950 1313 5025 Epiphanium.
1346 4951 1477 5008 Erat
1516 4961 1698 5007 autem
1727 4949 1872 5005 Fau-

295 5044 571 5102 stinianus
604 5057 826 5114 qnoque
873 5050 1028 5099 stans
1077 5041 1132 5097 in
1179 5059 1247 5099 eo
1300 5043 1437 5098 loco.
1488 5041 1625 5097 Cum
1656 5056 1722 5097 ex
1757 5040 1867 5095 alto

291 5146 424 5205 ergo
459 5132 746 5189 cecidisset
769 5147 915 5188 unus
963 5146 1030 5187 ex
1057 5131 1496 5199 aedificatoribus,
1534 5139 1590 5186 et
1638 5130 1873 5186 descen«

291 5223 462 5281 disset
489 5239 655 5293 supra
676 5232 841 5294 eaput
865 5221 1204 5279 Faustiniani
1236 5245 1249 5280 z
1295 5224 1388 5295 qui
1419 5224 1689 5281 ceciderat
1738 5224 1866 5294 qni-

291 5315 438 5380 dem,
470 5313 607 5369 nihil
634 5313 764 5367 mali
801 5321 886 5369 est
932 5327 1166 5383 passus:
1223 5313 1614 5371 Faustinianus
1639 5329 1768 5372 vero
1809 5315 1863 5370 in

293 5401 487 5460 faciem
557 5402 788 5469 cecidit,
826 5412 882 5459 et
931 5407 1161 5461 mansit·
1193 5412 1468 5463 mortuus.
1527 5404 1865 5476 Epiphanius

291 5504 478 5552 autem
509 5495 954 5567 appropinquans
981 5495 1362 5562 Faustiniano,
1383 5511 1508 5552 eum
1543 5495 1717 5551 tenuit
1751 5511 1865 5550 nua-

293 5603 388 5656 uu,
421 5583 610 5643 dicens
639 5604 656 5642 ι
693 5583 888 5659 Surge,
923 5586 1021 5653 lili,
1074 5589 1129 5642 in
1175 5588 1400 5644 nomine
1434 5587 1674 5654 Domini,
1726 5588 1864 5643 vade

292 5690 463 5734 sanus
485 5672 542 5731 in
568 5675 791 5734 domum
830 5686 1002 5733 tuam.
1060 5676 1256 5734 Statim
1288 5686 1470 5735 autem
1520 5677 1779 5743 surrexit,
1809 5688 1864 5736 et

290 5764 390 5820 ivit
425 5764 481 5821 in
515 5762 740 5826 domum
768 5780 947 5822 snam.
983 5765 1121 5822 Cum
1150 5775 1332 5823 autem
1385 5767 1686 5826 audivisset
1725 5784 1863 5824 uxor

363 5969 441 6044 (a)
489 5963 645 6040 Legit
676 5966 944 6040 interpres
967 5966 1292 6042 Ἐπιφανίῳ.

2000 2114 2229 2182 θνεῶτα,
2259 2116 2403 2171 κατὰ
2432 2117 2647 2175 σύνεσιν
2672 2121 2881 2176 ἐκείνου
2931 2122 3286 2194 ἐφθεγξάμην
3337 2123 3465 2188 τοὺς
3497 2122 3585 2178 λό·

1997 2223 2149 2276 γους,
2208 2207 2308 2262 καὶ
2335 2209 2737 2283 ἀντιπαρῆλθες
2762 2215 2932 2285 ἡμᾶς,
2960 2208 3006 2268 ὦ
3046 2214 3251 2287 Πάτερ,
3302 2215 3364 2270 ού
3422 2215 3581 2281 πολὺ,

2001 2298 2158 2368 κάγὼ
2181 2298 2376 2369 λόγους
2402 2301 2642 2373 ἐλάλησα
2667 2304 2806 2376 πρὸς
2832 2306 2964 2376 ὲμδν
2994 2308 3209 2378 ἑταῖρον
3224 2325 3239 2339 ·
3277 2307 3371 2361 καὶ
3384 2307 3485 2362 οὐκ
3514 2304 3587 2379 ἦν

2001 2390 2174 2461 φωνὴ,
2203 2391 2300 2445 καὶ
2330 2393 2431 2448 οὐκ
2449 2389 2519 2466 ἦν
2539 2395 2820 2468 ἀκρόασις.
2851 2397 3015 2452 Ἀλλὰ
3034 2399 3212 2471 δεῦρο,
3238 2399 3379 2454 Πάτε
3390 2386 3439 2470 ρ,
3455 2399 3585 2454 ἀνά-

2001 2497 2203 2552 στησον
2229 2483 2323 2536 τὸν
2350 2484 2674 2557 τεθνηκότα,
2705 2487 2799 2543 καὶ
2826 2488 2917 2542 τὸν
2948 2489 3176 2559 χιτῶνα,
3199 2489 3259 2544 δν
3283 2489 3588 2560 εἰλήφαμεν

1996 2570 2149 2642 παρὰ
2180 2571 2300 2640 σοῦ’,
2332 2572 2484 2630 λάόε.
2518 2570 2691 2631 Εἶπεν
2717 2578 2773 2632 δὲ
2804 2579 3126 2649 Ἐπιφάνιος
3179 2579 3317 2654 πρὸς
3361 2579 3453 2633 τὸν
3488 2579 3587 2633 λα-

1991 2659 2189 2717 λοῦντα
2211 2681 2225 2695 ·
2262 2664 2525 2731 ’Δπελθε,
2557 2666 2768 2734 τέκνον,
2789 2669 2888 2728 καὶ
2916 2670 3086 2741 θάψον
3108 2671 3299 2726 τοῦτον
3323 2687 3337 2702 ·
3368 2668 3591 2737 πρῶτον

1987 2752 2099 2826 γὰρ
2122 2752 2415 2823 ἀπέθανεν,
2442 2757 2539 2812 καὶ
2565 2759 2683 2813 τότε
2700 2760 2909 2830 ᾔτησας
2919 2762 3011 2815 τὸν
3032 2759 3344 2823 ἐπενδύτην.
3374 2756 3575 2803 Κατελ-

1991 2842 2272 2900 θόντωνδὲ
2307 2847 2465 2918 ἡμῶν
2497 2849 2659 2902 πάλιν
2702 2850 2762 2900 ὲν
2811 2838 3581 2915 Καισαρείφάπεπλεύσαμεν

1988 2935 2048 2988 ὲν
2077 2934 2289 3007 Κύπρῳ
2306 2975 2322 3000 ,
2369 2936 2465 2990 καὶ
2513 2934 2843 3000 ἀπεδέξαντο
2894 2935 3044 3004 ἡμᾶς
3070 2934 3121 2986 οἱ
3170 2930 3393 3001 ἀδελφοὶ
3437 2928 3577 3002 μετὰ

1988 3025 2161 3096 χαρᾶς
2198 3025 2461 3097 μεγάλης.

2058 3118 2190 3173 MZ'.
2221 3114 2415 3174 Ἠν-δέ
2446 3136 2530 3184 τις
2552 3121 2773 3192 νομικὸς
2799 3120 3057 3185 Ἰουδαῖος
3075 3163 3090 3188 ,
3112 3117 3302 3175 ’ῐσαάκ
3328 3117 3577 3189 ὀνόματι,

1988 3214 2129 3286 ἀνὴρ
2154 3212 2411 3286 εὐλαόης,
2432 3213 2528 3267 καὶ
2555 3214 2840 3283 φυλάττων
2866 3213 2959 3268 τὸν
2980 3214 3143 3285 νόμον
3165 3213 3259 3268 τὸν
3284 3208 3579 3266 Μωσαῖκὸν

1990 3304 2128 3378 μετὰ
2175 3301 2483 3376 ἀκριόείας.
2540 3296 2710 3368 Οὗτος
2761 3303 3190 3376 προσκυλληθεὶς
3246 3299 3577 3371 Ἐπιφανίῳ,

1987 3398 2083 3451 καὶ
2112 3395 2447 3468 κατηχηθεὶς
2480 3393 2573 3450 ὑπ’
2595 3392 2783 3463 αὐτοῦ,
2822 3394 3123 3467 ἐφωτίσθη.
3157 3390 3378 3465 Ἤμεθα
3403 3386 3496 3446 οῦν
3525 3391 3584 3449 οἱ

1984 3490 2136 3562 τρεῖς
2171 3487 2427 3559 μένοντες
2456 3487 2515 3541 ὲν
2535 3486 2670 3554 οἴκῳ
2693 3486 2795 3545 ἐνί.
3603 3554 3614 3561 ῃ

2054 3578 2193 3630 Mti'.
2228 3576 2369 3630 Ποτὲ
2400 3569 2493 3630 οῦν
2517 3577 2555 3647 ἡ
2574 3573 2779 3646 ἀδελφὴ
2825 3575 3115 3646 Ἀρκαδίου
3170 3575 3265 3628 καὶ
3316 3569 3575 3643 Ὁνωρίου

1983 3664 2094 3718 τῶν
2122 3663 2384 3734 βασιλέων
2437 3663 2610 3727 πάθος
2668 3663 2867 3734 ἔχουσα
2893 3658 3010 3734 (ἦν.
3055 3663 3113 3716 δὲ
3165 3661 3307 3734 αὕτη
3341 3662 3437 3717 ἐπὶ
3467 3661 3575 3732 τῆς

1995 3753 2255 3827 Ῥώμης)
2294 3754 2524 3827 ῆκουσεν
2570 3753 2700 3824 περὶ
2742 3753 3065 3832 Ἑπιφανίου
3090 3793 3106 3818 ,
3139 3755 3222 3807 ὅτι
3277 3752 3572 3826 θεραπεύει

1982 3844 2013 3898 ό
2042 3842 2175 3909 Θεδς
2204 3841 2271 3897 δι’
2310 3840 2475 3898 αὐτοῦ
2513 3843 2640 3906 τοὺς
2665 3841 3046 3906 ἀσθενοῦντας.
3091 3841 3240 3913 Αὕτη
3306 3836 3400 3897 οῦν
3459 3843 3574 3897 ἀπ-

1984 3933 2227 3989 έστειλεν
2257 3935 2316 3988 ὲν
2332 3935 2399 4006 τῇ
2419 3933 2709 4005 Κυπρίων,
2732 3934 2960 4004 ἀγαγεῖν
2988 3933 3308 4004 Ἐπιφάνιον
3334 3934 3429 3988 ἐπὶ
3470 3933 3571 4005 τῆς

1993 4023 2234 4097 Ῥώμης.
2259 4023 2386 4078 Τῶν
2420 4023 2479 4078 δὲ
2510 4023 2936 4096 ἀπεσταλμένων
2973 4024 3428 4095 καταντησάντων
3475 4024 3572 4077 ἐπὶ

1982 4107 2217 4179 Κύπρῳ,
2244 4107 2532 4172 ἀπέδειξαν
2555 4109 2623 4163 τά
2647 4111 2951 4181 γράμματα
2976 4112 3314 4184 ἔπισκοπείῳ
3341 4114 3440 4183 (α).
3460 4107 3570 4168 Ἦν

1981 4198 2038 4253 δέ
2069 4216 2153 4264 τις
2180 4196 2321 4270 ἀνὴρ
2352 4197 2554 4270 Ἕλλην
2594 4199 2868 4264 πλούσιος,
2900 4201 3104 4274 σφόδρα
3126 4203 3433 4275 μογιλάλος,
3473 4205 3571 4257 καὶ

1980 4290 2153 4361 ᾶνομα
2212 4288 2389 4343 αὐτοῦ,
2426 4289 2830 4351 Φαυστινιανός.
2874 4286 3044 4357 Οὗτος
3093 4291 3414 4359 ἐδεξιώσατο
3439 4293 3571 4359 τοὺς

1981 4379 2179 4451 ἄνδρας
2207 4380 2334 4445 τοῦς
2352 4380 2702 4452 πεμφθέντας
2732 4382 2868 4455 πρὸς
2893 4383 3240 4454 Ἐπιφάνιον·
3274 4381 3341 4458 ἦν
3378 4386 3437 4440 δὲ
3471 4386 3571 4440 καὶ

1983 4473 2190 4546 σφόδρα
2241 4472 2617 4545 ἀντικείμενος
2666 4475 2994 4547 Ἑπιφανίῳ.
3041 4474 3265 4542 Τούτοις
3321 4475 3506 4548 ἔλεγεν
3536 4479 3570 4531 δ

1979 4565 2397 4630 Φαυστινιανός·
2455 4563 2543 4632 Τί,
2601 4565 2787 4636 φησὶν,
2832 4567 3149 4638 προσέχετε,
3202 4566 3279 4633 ὡς
3303 4567 3445 4641 Θεῷ,
3484 4568 3567 4642 τῷ

1981 4658 2236 4732 ὲπιθέτῃς
2270 4657 2477 4729 Λόγους
2506 4656 2616 4729 γάρ
2657 4656 2898 4731 ψυχροὺς
2926 4658 3102 4725 λαλεῖ,
3140 4661 3233 4714 καὶ
3270 4659 3425 4717 οὐδὲν
3446 4663 3566 4718 ἔτε-

1981 4768 2075 4824 ρον
2100 4767 2115 4784 ·
2143 4749 2405 4815 κάκιστός
2446 4750 2565 4804 ἐστι
2611 4750 2741 4822 περὶ
2771 4751 2898 4815 τοὺς
2922 4750 3135 4820 λόγους.
3188 4753 3282 4808 Ἐν
3340 4756 3440 4827 μιᾷ
3468 4751 3563 4810 οῦν

1978 4835 2164 4909 ἡμέρᾳ
2191 4838 2579 4910 ὲπιστήκοντος
2597 4838 2939 4909 Ἑπιφανίου,
2959 4838 3036 4905 ὡς
3062 4835 3204 4912 ἦσαν
3229 4843 3280 4897 oi
3316 4847 3563 4916 τεχνῖται

1977 4928 2332 5000 ἐργαζόμενοι
2364 4929 2457 4983 ἐπὶ
2496 4929 2598 5002 τῆς
2636 4929 2954 5002 ἐκκλησίας,
2986 4925 3127 5004 ἦσαν
3159 4933 3257 4989 καὶ
3286 4935 3335 4990 οί
3370 4935 3562 5007 ἀνδρες

1975 5020 2024 5072 ol
2047 5019 2449 5092 ἀπεσταλμένοι
2476 5021 2645 5091 ἐγγὺς
2672 5020 2906 5086 ἑστῶτες
2961 5023 3307 5094 Ἐπιφανίου.
3363 5021 3474 5082 Ἦν
3499 5027 3560 5082 δὲ

1973 5111 2072 5165 καὶ
2099 5109 2481 5175 Φαυστινιανδς
2510 5108 2680 5174 ἑστὼς
2713 5111 2807 5165 ἐπὶ
2831 5110 2925 5166 τοῦ
2962 5113 3152 5170 τόπου.
3191 5108 3290 5179 Εἷς
3323 5111 3418 5170 οῦν
3448 5116 3559 5170 τῶν

1973 5197 2471 5270 οἰκοδόμων-πεσὼν
2490 5199 2599 5254 ἀπὸ
2625 5198 2792 5270 ὕψους
2825 5200 3086 5273 μεγάλου,
3138 5202 3231 5256 καὶ
3262 5203 3558 5276 ἐρχόμενος

1974 5291 2116 5346 κατὰ
2146 5290 2393 5362 κεφαλῆς
2421 5292 2826 5357 Φαυστινιανοῦ,
2853 5294 2882 5345 ό
2918 5293 3016 5365 μὲν
3055 5293 3237 5350 πεσὼν
3279 5295 3433 5353 οὐδὲν
3457 5315 3560 5351 κα-

1974 5381 2067 5436 κὸν
2090 5381 2316 5436 ἔπαθεν·
2347 5383 2377 5436 ό
2408 5381 2467 5436 δὲ
2493 5383 2879 5447 Φαυστινιανὸς
2899 5381 3091 5439 ἔπεσεν
3120 5385 3214 5440 ἐπὶ
3236 5386 3553 5460 πρόσωπον,

1972 5473 2067 5528 καὶ
2091 5473 2273 5546 ἔμεινε
2309 5474 2521 5547 νεκρός.
2550 5474 2810 5544 Ἐγγίσας
2851 5475 2909 5529 δὲ
2953 5476 3269 5547 Ἐπιφάνιος
3319 5479 3552 5533 onum·

1970 5563 2155 5636 νιανῷ,
2188 5563 2492 5636 ἐκράτησεν
2520 5562 2681 5618 αὐτὸν
2710 5564 2816 5617 ἀπὸ
2839 5565 2940 5636 τῆς
2967 5564 3147 5638 χειρὸς
3168 5563 3341 5636 λέγων
3357 5584 3371 5598 ·
3393 5565 3558 5622 ’Δνά-

1972 5674 2095 5722 στα,
2127 5655 2337 5723 τέκνον,
2383 5656 2566 5729 φησὶν,
2596 5657 2655 5710 ὲν
2684 5656 2909 5728 ὀνόματι
2932 5657 3161 5731 Κυρίου,
3210 5658 3304 5714 καὶ
3348 5660 3549 5716 ἄπελθε

1970 5746 2229 5818 ὑγιαίνων
2260 5748 2321 5804 ὲν
2353 5745 2429 5818 τῷ
2462 5745 2540 5818 σῷ
2579 5746 2734 5802 οἴκω.
2770 5746 2985 5813 Εὐθέως
3035 5748 3091 5803 δὲ
3114 5749 3312 5824 ἀνέστη
3342 5749 3372 5806 ὁ
3402 5751 3543 5809 *Pau-
