3850 6517
169 561 269 617 8¹¹1

833 554 1204 611 ADVERSUS
1244 552 1580 608 ltAEREssss
1613 550 1738 605 Lm.
1775 548 1816 607 l.
1856 547 2021 603 Tou.
2055 542 2506 601 tlt—nmilia
2544 540 2728 596 XLlss.

3291 530 3397 591 828

235 671 345 724 Καὶ
387 670 436 722 εί
467 668 562 738 μὲν
591 664 759 729 νόθως
785 666 934 733 λέγει
974 664 1182 734 πατέρα
1210 663 1381 733 ἔχειν,
1411 664 1470 714 ού
1504 661 1726 714 δύναται
1758 669 1801 721 Α
1898 655 2054 722 Quod
2083 656 2128 711 si
2161 654 2526 709 adulterinum
2560 654 2713 707 illum
2743 658 3020 717 parentem
3058 645 3403 715 intelligeret,

160 757 327 815 αὐτοῦ
348 760 377 811 ὁ
412 756 562 818 νόθος
600 753 792 825 Πατὴρ
815 752 1142 823 καλούμενος
1164 752 1222 803 έν
1247 749 1395 816 αύτῷ
1417 746 1576 812 εἶναι,
1609 748 1733 801 οὐδὲ

1837 763 1949 803 non
2006 754 2189 817 potest
2216 747 2264 801 is
2313 746 2407 815 qui
2449 745 2790 799 adulterinus
2811 741 2971 796 Pater
2996 739 3195 799 dicitur
3225 736 3280 790 in
3312 734 3406 790 illo

163 850 326 913 αὐτὸς
353 851 413 902 έν
447 846 525 917 τῷ
548 846 743 917 Πατρί.
787 846 843 899 'O
871 845 929 897 δὲ
972 843 1113 896 κατὰ
1137 841 1299 911 φύσιν
1327 840 1493 894 αὑτοῦ
1516 838 1736 909 Πατέρα
1831 855 1976 904 esse,
2011 852 2113 893 nec
2145 836 2233 891 ille
2266 837 2320 890 in
2376 835 2557 890 Patre.
2595 832 2700 890 Sed
2732 847 2856 887 cum
2893 844 3209 901 germanum
3250 827 3405 882 illum

164 940 254 993 ἀεὶ
281 936 517 1005 ἀγαθὸν,
555 935 648 989 καὶ
688 934 821 987 Θεὸν
855 934 962 994 ἀεὶ,
999 933 1094 986 καὶ
1127 932 1342 985 πάντων
1373 929 1734 1000 Δημιουργὸν,

165 1025 345 1096 ἐαυτῷ
374 1026 431 1079 δὲ
469 1024 599 1078 ὄντα
633 1023 726 1078 καὶ
757 1023 853 1075 σὺν
900 1022 1050 1091 αύτῷ
1101 1021 1412 1092 ὑπάρχοντα
1448 1019 1735 1084 διδάσκων,

168 1120 265 1170 καὶ
308 1116 619 1185 ἀληθεύων,
663 1114 804 1166 κατὰ
841 1113 935 1166 τοῦ
982 1113 1308 1184 Μαρκίωνος
1367 1112 1466 1181 τὴν
1508 1109 1736 1181 ἀπειλὴν

164 1206 497 1279 διεξέρχεται
532 1204 626 1258 τοῦ
650 1204 900 1272 λέγοντος
924 1204 939 1233 ¹
960 1218 975 1232 ·
1014 1203 1077 1255 '0
1103 1202 1190 1271 μὴ
1218 1200 1403 1271 τιμῶν
1437 1200 1543 1255 τὸν
1578 1199 1737 1265 rior,

164 1300 245 1361 ὡς
283 1294 418 1365 τιμᾷ
448 1294 555 1347 τὸν
591 1292 843 1361 Πατέρα,
875 1295 912 1361 ἡ
941 1292 1088 1361 ὀργὴ
1124 1292 1228 1345 τοῦ
1259 1293 1405 1346 Θεοῦ
1436 1291 1529 1345 ἐπ’
1553 1290 1741 1345 αὐτὸν

161 1387 349 1458 μένει.
388 1385 527 1454 Ἤδη
555 1384 613 1436 δὲ
642 1385 700 1436 ὲν
728 1384 949 1446 πολλαῖς
986 1383 1309 1454 μαρτυρίαις
1339 1383 1619 1452 ἐδείξαμεν
1647 1383 1741 1436 τὸν

167 1481 265 1533 ἕνα
286 1480 414 1532 ὄντα
446 1477 605 1541 Θεὸν,
630 1476 721 1529 τὸν
751 1476 969 1546 Πατέρα
991 1470 1080 1527 τοῦ
1118 1473 1324 1545 Κυρίου
1366 1473 1523 1545 ήμῶν
1563 1473 1740 1544 Ἰησοῦ

170 1564 429 1638 Χριστοῦ,
458 1562 661 1633 ἀγαθὸν
685 1563 838 1628 ὄντα,
864 1563 960 1615 καὶ
984 1562 1187 1630 ἀγαθὸν
1223 1562 1579 1633 γεννήσαντα.
1608 1561 1743 1630 ἀγά-

170 1675 279 1726 πην
305 1656 455 1719 ὄντα,
489 1654 583 1709 καὶ
609 1654 832 1723 ἀγάπην
866 1653 1224 1724 γεννήσαντα,
1255 1653 1436 1722 πηγὴν
1462 1653 1613 1715 ὄντα,
1648 1654 1743 1706 καὶ

170 1746 315 1816 ζωῆς
366 1746 547 1817 πηγὴν
593 1746 930 1815 γεννήσαντα
983 1745 1001 1812 (
1029 1744 1194 1811 Παρὰ
1250 1742 1351 1797 σοί
1418 1744 1529 1812 γὰρ
1578 1742 1740 1812 πηγὴ

170 1837 337 1902 ζωῆς,
363 1839 523 1907 φησὶν
550 1838 583 1906 ή
614 1834 861 1908 Γραφή)·
914 1834 1171 1904 ἀλήθειαν
1199 1834 1348 1895 ὄντα,
1373 1832 1465 1886 καὶ
1487 1832 1744 1899 ἀλήθειαν

173 1928 527 1996 γεννήσαντα,
572 1926 687 1996 φῶς
718 1927 875 1990 ὄντα,
909 1926 1006 1978 καὶ
1039 1925 1155 1993 φῶς
1200 1924 1559 1994 γεννήσαντα,
1596 1924 1742 1991 ζωὴν

168 2017 316 2076 ὅντα,
348 2018 441 2070 καί
464 2017 610 2086 ζωὴν
636 2017 995 2085 γεννήσαντα,
1028 2015 1279 2085 ἁναρχως
1313 2015 1407 2066 καὶ
1432 2013 1620 2075 ἀῖδίως
1647 2012 1741 2065 καὶ
1773 1996 1814 2053 Β

168 2107 432 2177 ἀχρόνως.
484 2109 591 2161 Καὶ
633 2107 953 2178 ἑλήλεγκται
994 2107 1133 2159 κατὰ
1173 2106 1351 2159 πάντα
1379 2106 1413 2174 ή
1459 2102 1551 2157 τοῦ
1583 2104 1740 2174 Μαρ-

170 2196 363 2261 κίωνος
397 2198 595 2270 πὶανη.

242 2366 459 2419 Τούτων
491 2366 673 2419 τοίνυν
711 2366 882 2427 οὕτως
919 2347 1171 2435 ἐχόντων,
1204 2365 1299 2418 καὶ
1339 2364 1438 2434 τῆς
1473 2362 1616 2416 κατὰ
1647 2362 1741 2415 τοῦ

178 2455 488 2517 ἀπατεῶνος
520 2455 835 2523 ἀνατροπῆς
861 2456 949 2507 διὰ
981 2454 1180 2524 πολλῆς
1219 2455 1313 2507 καὶ
1348 2453 1610 2525 ἀληθινῆς
1653 2470 1745 2506 συ-

174 2543 415 2604 στάσεως
438 2543 497 2594 έν
518 2541 638 2611 Θεῷ
670 2544 801 2612 ήμίν
836 2541 1343 2613 κατεργασαμένης,
1369 2542 1530 2596 πάλιν
1554 2543 1646 2594 ἐπὶ
1677 2542 1746 2595 τὰ

168 2631 319 2702 ἑξῆς·
336 2631 537 2701 ταύτης
564 2631 666 2701 τῆς
681 2632 798 2685 νυνὶ
818 2632 893 2695 ὡς
931 2631 1171 2701 μεγάλης
1190 2631 1414 2694 ἀσπίδος
1431 2647 1747 2701 καταπατη-

173 2723 364 2793 θείσης
409 2723 498 2776 διὰ
544 2723 639 2777 τοῦ
692 2720 961 2791 ἀψευδοῦς
1007 2721 1168 2789 λόγου
1210 2720 1307 2772 τοῦ
1359 2720 1608 2790 Σωτῆρος
1650 2722 1745 2775 τοῦ

172 2812 417 2875 εἰπόντος
442 2830 455 2845 ·
490 2811 723 2865 Δέδωκα
750 2810 894 2881 ὑμῖν
920 2809 1132 2864 πατεῖν
1168 2808 1267 2863 ἐπὶ
1316 2808 1481 2876 ὄφεις
1520 2809 1618 2861 καί
1646 2808 1744 2863 ἐπὶ

170 2900 382 2957 πᾶσαν
415 2901 528 2970 τὴν
558 2902 816 2971 δύναμιν
863 2901 970 2955 τοῦ
997 2899 1248 2969 ἐχθροῦ·
1299 2900 1471 2968 ἴωμεν
1504 2897 1600 2951 καὶ
1652 2898 1750 2962 τὰς

170 2992 281 3046 τῶν
320 2992 496 3048 ἄλλων
542 3010 776 3065 ματαιοφ
785 2992 1017 3065 ροσύνας
1057 2991 1375 3044 διασκοπεῖν
1424 3005 1485 3041 τε
1529 2988 1625 3042 καὶ
1668 2989 1749 3044 δι-

172 3083 419 3153 ελέγχειν
462 3081 946 3154 (ἐπικαλούμενοι)
980 3082 1113 3135 Θεὸν
1164 3078 1388 3150 βοηθὸν,
1432 3078 1491 3132 ὲν
1547 3078 1748 3133 ἅπασιν

172 3171 617 3242 ἐπικαλούμενοι.

582 3285 772 3338 ΚΑΤΑ
810 3282 1327 3344 ΛΟΥΚΙΑΝΙΣΤΩΝ
1340 3324 1355 3349 ,

239 3397 499 3465 Elison-rh
530 3396 697 3465 τρίτη
712 3436 727 3458 ,
768 3396 808 3463 ἡ
850 3392 947 3448 καί
983 3396 1445 3465 τεσσαρακοστὴ
1481 3396 1670 3464 τρίτη.

245 3506 326 3557 Δ’.
365 3503 663 3569 Λουκιανός
711 3521 795 3568 τις
833 3504 1079 3575 ἀρχαῖος,
1112 3504 1212 3575 οὐχ
1243 3504 1273 3556 ὁ
1300 3504 1397 3558 νῦν
1439 3507 1500 3560 έν
1536 3505 1750 3575 χρόνοις

178 3592 590 3648 Κωνσταντίνου
634 3594 731 3649 τοῦ
774 3595 1031 3667 γέροντος
1067 3593 1310 3662 γεγονὼς
1333 3636 1350 3658 ,
1398 3594 1459 3648 ὃν
1498 3595 1658 3665 δῆθεν
1698 3596 1747 3649 ot

186 3682 459 3753 ’Δρειανοὶ
494 3685 554 3736 έν
592 3686 861 3755 μάρτυσιν
900 3684 1344 3751 ἐπιψηφίζονται.
1380 3680 1489 3736 Ἦν
1517 3684 1625 3754 γὰρ
1653 3685 1749 3738 καὶ

169 3765 326 3833 οὗτος
354 3774 383 3824 ὸ
416 3773 716 3833 Λουκιανὸς
745 3773 1080 3838 πρόσφατος,
1112 3771 1277 3838 φημὶ,
1303 3771 1653 3841 προσανέχων
1678 3773 1746 3843 τῇ

170 3862 284 3915 τῶν
320 3861 616 3927 Ἀρειανῶν
645 3861 877 3928 αίρέσει,
913 3860 1041 3929 περὶ
1070 3855 1131 3914 οὗ
1174 3859 1403 3931 ὓστερον
1431 3864 1489 3913 ἐν
1529 3864 1591 3932 τῇ
1626 3864 1747 3916 κατ’

174 3952 341 4006 αὐτὸν
376 3953 657 4021 ἀνατροπῇ
683 3951 931 4021 λέξομεν.
965 3950 1079 4003 Νῦν
1103 3951 1160 4004 δὲ
1187 3951 1323 4023 πρὸς
1350 3950 1441 4005 τὸν
1461 3954 1750 4024 εἰρημένον

178 4040 405 4108 ἀρχαῖον
442 4038 738 4091 Λουκιανὸν
776 4041 1118 4093 ἀποτείνεται
1152 4041 1181 4092 ὀ
1212 4040 1389 4108 λόγος.
1421 4035 1587 4105 Οὗτος
1616 4042 1744 4115 γὰρ,

181 4126 543 4195 συνεπόμενος
579 4126 656 4197 τῷ
694 4130 1079 4200 προειρημένῳ
1126 4130 1451 4201 Μαρκίωνι,
1492 4131 1584 4184 καὶ
1639 4131 1750 4185 ἀπὸ

177 4211 366 4266 τούτου
397 4216 722 4285 ἀποσχίσας,
747 4217 843 4270 καὶ
879 4218 1042 4282 αὐτὸς
1082 4218 1354 4290 ἄθροισμα
1386 4219 1564 4290 ἐαυτῷ
1590 4238 1749 4291 ποιη-

175 4304 444 4374 σάμενος,
488 4307 754 4377 αἱρέσεως
799 4309 1056 4380 προέστη,
1095 4310 1188 4378 ἀφ’
1220 4307 1391 4381 οὗπερ
1417 4313 1469 4364 οἱ
1514 4313 1752 4365 Λουκια-

175 4396 352 4465 νισταὶ
406 4398 624 4468 ἀρχαῖοι
669 4398 1011 4469 καλούμενοι.
1062 4399 1215 4454 Κατὰ
1268 4402 1448 4456 πάντα
1502 4403 1601 4473 μὲν
1651 4398 1748 4457 οὖν

175 4484 317 4571 κατα
344 4485 435 4538 τὸν
482 4486 783 4558 Μαρκίωνα
813 4487 1168 4558 δογματίζει·
1203 4491 1468 4561 κέχρηται
1508 4490 1585 4553 δὲ,
1612 4491 1688 4555 ὡς
1717 4493 1748 4546 ὁ

176 4576 257 4638 εἰς
293 4577 440 4645 ἡμᾶς
484 4576 654 4629 ἐλθὼν
694 4578 872 4646 λόγος,
908 4580 1001 4632 καὶ
1039 4582 1073 4650 ή
1106 4583 1237 4650 περὶ
1276 4581 1442 4634 αὑτοῦ
1484 4580 1740 4651 ἔμφασις.

1843 946 2030 999 suum,
2055 944 2120 984 ac
2146 928 2452 983 naturalem
2478 934 2755 996 parentem
2785 937 2999 992 semper
3021 922 3243 984 bonum,
3269 932 3408 972 sem-

1836 1036 2043 1095 perque
2094 1019 2287 1083 Deum,
2352 1016 2706 1085 omniumque
2741 1012 3105 1074 conditorem,
3149 1018 3312 1079 atquc
3350 1012 3408 1061 et

1838 1112 1981 1182 apud
2015 1109 2393 1179 semetipsum,
2423 1115 2628 1163 etcum
2667 1103 2805 1159 Filio
2844 1102 3198 1158 exsistentem
3232 1098 3407 1154 veris·

1838 1200 1978 1255 sime
2028 1197 2254 1262 doceat,
2307 1196 2452 1251 idem
2500 1194 2829 1249 Marcionem
2876 1192 3071 1246 horum
3119 1188 3405 1256 verborum

1838 1290 2257 1345 comminatione
2291 1287 2644 1358 perstringit:
2695 1285 2799 1353 Qui
2832 1300 2935 1338 uon
2962 1282 3277 1351 honorificat
3314 1279 3359 1332 F
3362 1281 3409 1333 i·

1840 1383 1992 1445 littm,
2022 1390 2079 1434 ιιι
2107 1379 2422 1447 honorificat
2462 1377 2701 1442 Patrem,
2735 1377 2818 1429 ira
2851 1374 2951 1428 Dei
2974 1373 3030 1428 in
3050 1374 3144 1427 ino
3174 1379 3347 1425 manet
3360 1372 3404 1424 ⁸.

1838 1476 1917 1531 Ac
1975 1490 2078 1531 nos
2145 1474 2425 1545 plerisque
2480 1471 2594 1542 jam
2649 1468 2983 1525 testimoniis
3044 1465 3405 1527 ostendimus,

1840 1581 2009 1622 unum
2051 1579 2176 1621 csse
2223 1563 2415 1628 Deum,
2459 1577 2525 1617 ac
2568 1561 2786 1617 Patrem
2831 1557 3045 1614 Domini
3079 1556 3252 1612 nostri
3279 1554 3408 1611 lesu

1841 1653 2068 1718 Christi,
2103 1652 2196 1722 qui
2223 1652 2402 1706 bonus
2430 1656 2535 1713 est,
2570 1650 2883 1716 bonumque
2911 1644 3136 1715 genuit;
3171 1642 3412 1698 charitas

1847 1743 1976 1797 item
2006 1748 2114 1805 est,
2149 1748 2206 1796 et
2232 1740 2557 1794 charitatem
2587 1737 2806 1806 genum
2836 1735 2960 1789 fons
2986 1740 3092 1798 est,
3115 1743 3169 1787 et
3202 1731 3408 1787 fontem

1843 1833 1969 1887 vitae
2015 1830 2271 1901 produxit
2318 1828 2494 1898 (Apud
2558 1837 2605 1881 te
2647 1826 2787 1880 enim
2828 1833 2907 1878 est
2969 1822 3086 1892 sons
3129 1823 3286 1886 oitoe,
3334 1821 3414 1876 ait

1847 1921 2133 1989 Scriptura
2160 1920 2226 1989 ⁸).
2279 1918 2420 1972 ldem
2448 1926 2504 1972 et
2533 1914 2746 1971 Veritas
2777 1922 2881 1978 est,
2913 1923 2968 1969 et
2998 1912 3291 1968 Veritatem
3322 1926 3414 1982 ge·

1843 2012 2002 2078 nuit;
2064 2010 2422 2077 similiterque
2480 2008 2664 2062 lumen
2714 2014 2822 2070 est,
2872 2013 2930 2062 et
2973 2006 3156 2060 lumen
3192 2002 3412 2072 genuit3

1843 2101 1955 2155 vita
1987 2105 2096 2163 est,
2124 2106 2178 2152 et
2207 2098 2375 2151 vitam
2409 2096 2765 2166 propagavit3
2795 2095 2958 2166 idque
2986 2095 3106 2149 sine
3134 2094 3246 2147 ullo
3269 2092 3416 2163 prin-

1841 2189 2008 2259 cipio,
2056 2188 2128 2243 ab
2175 2183 2400 2252 aeterno,
2449 2186 2698 2256 citraque
2748 2193 2982 2255 tempus.
3025 2182 3144 2249 Qua
3205 2182 3416 2236 ratione

1844 2277 2137 2332 Marcionis
2160 2291 2317 2331 error
2336 2275 2518 2331 omnis
2537 2276 2825 2331 evertitur.

1911 2367 2049 2433 Quae
2093 2381 2218 2421 cum
2273 2365 2350 2419 ita
2399 2379 2459 2419 se
2512 2364 2771 2428 habeant,
2812 2378 2878 2419 ac
2917 2360 3211 2418 nebulonis
3253 2358 3414 2415 istius

1846 2455 2036 2511 multis
2064 2462 2119 2510 et
2152 2452 2478 2509 certissimis
2509 2454 2819 2509 rationibus
2851 2453 2963 2508 sint
2988 2452 3240 2507 convicta
3271 2463 3416 2504 men-

1845 2545 2023 2610 dacia,
2053 2560 2119 2599 ac
2149 2547 2426 2617 negotium
2452 2547 2620 2618 378
2638 2561 2799 2602 οωιιε
2826 2543 3158 2606 contectum,
3203 2539 3273 2596 ad
3306 2539 3416 2595 alia

1847 2644 2231 2699 transeamus3
2280 2643 2335 2690 et
2373 2636 2477 2690 hac
2519 2636 2666 2691 velut
2709 2633 2933 2689 immani
2961 2632 3194 2703 quadam
3226 2628 3418 2699 aspida

1846 2725 2154 2781 verissimis
2216 2724 2516 2781 salvatoris
2561 2724 2746 2781 verbis
2803 2723 3026 2785 obtrita,
3086 2720 3180 2791 qui
3235 2707 3425 2775 dixitz'

1847 2815 1985 2869 Dedi
2018 2814 2161 2869 vobis
2189 2814 2396 2868 calcare
2421 2829 2576 2882 super
2602 2822 2886 2883 serpentes,
2915 2822 2965 2866 et
3010 2810 3326 2879 scorpiones,
3363 2815 3417 2863 ει

1847 2921 2006 2974 super
2061 2920 2267 2959 omnem
2325 2912 2635 2972 potestatem
2677 2904 2878 2957 inimici
2901 2903 2964 2970 *ς
3003 2902 3071 2957 ad
3094 2910 3416 2958 eaetcmrum

1848 3007 1951 3047 nos
1995 2991 2416 3062 contemplanda
2441 3005 2506 3045 ac
2536 2990 2823 3045 refutanda
2848 2989 3039 3047 deliria
3069 2987 3365 3046 reseramus
3397 3007 3413 3044 ε

1846 3086 1930 3141 sic
1957 3091 2017 3137 ut
2054 3081 2150 3140 Dei
2192 3084 2246 3138 in
2267 3082 2524 3138 omnibus
2556 3097 2716 3153 opem
2757 3094 2825 3135 ac
2865 3081 3175 3151 praesidium
3219 3078 3416 3148 implo-

1847 3188 2060 3232 remus.

2229 3285 2510 3342 CONTRA
2558 3281 3038 3346 Lucmmsras,

2088 3398 2222 3465 Quoe
2251 3406 2331 3453 cst
2357 3397 2573 3453 Itoeresis
2603 3392 2812 3450 XXIII
2844 3394 2924 3449 oet
2952 3389 3177 3447 XLIII.

1918 3507 1959 3564 Ι.
2015 3506 2297 3564 Lucianus
2353 3506 2574 3579 quidam
2633 3504 2957 3576 antiquior:
3015 3517 3126 3557 non
3182 3501 3272 3557 ille
3318 3500 3414 3572 qui

1847 3606 2008 3655 aetate
2048 3606 2235 3655 nostra
2263 3597 2368 3653 sub
2412 3595 2773 3668 Constantino
2810 3593 3027 3650 seniore
3055 3592 3209 3655 vixit,
3249 3604 3412 3660 quens

1848 3690 2035 3743 Ariani
2062 3690 2205 3743 inter
2236 3697 2504 3757 martyres
2526 3686 2826 3741 ascribunt.
2860 3682 2987 3738 Fuit
3032 3682 3178 3738 enim
3219 3681 3412 3736 Lucia·

1847 3793 1955 3832 nus
1993 3776 2096 3831 iste
2139 3776 2323 3845 junior
2368 3774 2693 3828 Arianorum
2745 3771 3024 3828 erroribus
3051 3768 3305 3835 insectus,
3343 3768 3414 3826 de

1846 3882 1958 3939 quo
1991 3876 2201 3937 postea,
2238 3881 2364 3921 cum
2416 3862 2737 3920 refutandus
2789 3863 2914 3929 erit,
2960 3860 3136 3916 acturi
3176 3875 3410 3916 sumus:

1849 3974 2000 4016 nnnc
2053 3958 2317 4016 adversus
2359 3958 2620 4030 majorem
2677 3958 2828 4013 illum
2874 3954 3176 4010 Lucianum
3230 3955 3411 4010 susci·

1848 4047 2047 4120 pienda
2091 4048 2255 4104 nobis
2282 4056 2367 4105 est
2412 4048 2730 4120 disputatio.
2787 4046 2887 4102 llic
2927 4047 3094 4117 igitur
3123 4043 3416 4104 Marcionis

1849 4146 1976 4196 ante
2023 4146 2284 4204 sectator,
2325 4147 2451 4209 post
2482 4140 2552 4194 ab
2599 4136 2786 4193 eodem
2831 4136 3098 4199 divulsus,
3146 4136 3423 4220 privatum—

1848 4223 1951 4279 sibi
1978 4238 2195 4295 gregem
2236 4223 2570 4278 contrahens
2598 4234 2751 4276 novae
2781 4228 2945 4276 sectae
2975 4219 3152 4275 iactus
3173 4226 3258 4276 est
3283 4234 3416 4274 con-

1848 4312 2028 4380 ditor;
2055 4313 2125 4367 ab
2151 4328 2327 4383 eoque
2364 4312 2695 4368 Lucianistae
2716 4317 2927 4366 veteres
2958 4323 3155 4364 nomen
3187 4323 3411 4375 accepe-

1847 4409 1998 4458 runt.
2039 4400 2214 4457 Porro
2261 4401 2554 4456 Marcionis
2598 4398 2691 4454 ille
2717 4397 2973 4469 dogmata
3006 4396 3227 4468 penitus
3263 4411 3419 4453 com·

1847 4491 2039 4561 plexus
2085 4500 2189 4546 est.
2240 4488 2451 4555 Quibus
2487 4488 2716 4559 perinde
2760 4495 2846 4544 est
2886 4501 3041 4551 usus,
3091 4494 3150 4541 ut
3197 4486 3265 4542 ad
3314 4501 3411 4545 nos

1850 4580 1993 4635 santa
2021 4588 2106 4637 est
2134 4589 2188 4635 et
2221 4579 2499 4634 auditione
2532 4579 2818 4648 perlatum.
2851 4578 2986 4632 Nam
3014 4594 3138 4632 curn
3173 4577 3416 4648 antiquis

190 4663 455 4734 ’Δρχαίων
496 4666 607 4737 γὰρ
638 4667 845 4721 τούτων
886 4667 1084 4733 ὄντων,
1120 4671 1215 4723 καὶ
1243 4671 1436 4725 θᾶττον
1470 4672 1740 4725 κατασδε-
1776 4657 1821 4713 D
1848 4671 1927 4726 illi
1981 4670 2318 4741 temporibus
2361 4668 2696 4735 exstiterint,
2738 4676 2793 4723 et
2826 4682 2992 4738 quani
3022 4668 3292 4723 citissime
3320 4682 3410 4723 re·

178 4754 433 4820 σθέντων,
454 4756 711 4827 δυσχερὲς
734 4757 1033 4828 γεγένηται
1062 4760 1216 4829 ὑμῖν,
1244 4761 1320 4824 ὡς
1357 4760 1571 4831 ἀληθῶς
1597 4764 1746 4817 ἐστιν

180 4845 326 4911 ἰδεῖν,
353 4847 387 4916 ή
412 4847 532 4900 κατ’
561 4849 760 4913 αὐτοὺς
790 4848 1004 4921 ἔρευνα.
1039 4851 1104 4903 ’Δ
1131 4851 1189 4904 δὲ
1221 4852 1331 4906 ἀπὸ
1362 4852 1561 4923 μέρους
1580 4854 1746 4922 ἔγνω·

180 4950 279 5003 μεν
309 4936 421 4989 τῶν
451 4936 640 5005 αὑτοῦ,
673 4938 790 4991 ἐστι
824 4939 971 4993 τάδε.

245 5105 399 5159 Μετὰ
427 5107 490 5160 τὸ
527 5107 785 5178 συστῆναι
811 5107 972 5178 δῆθεν
1000 5109 1186 5181 ἕτερον
1218 5109 1319 5180 μὲν
1353 5109 1446 5164 τὸν
1474 5113 1747 5183 Δημιουρ-

178 5193 294 5263 γὸν,
326 5197 422 5250 καὶ
449 5198 665 5269 κριτὴν,
695 5200 793 5251 καὶ
835 5199 1041 5253 δίκαιον
1060 5216 1075 5229 ·
1109 5200 1295 5271 ἕτερον
1339 5200 1498 5272 δῆθεν
1542 5203 1746 5271 ἀγαθον

179 5286 465 5353 ὡσαύτως,
493 5291 587 5343 καὶ
605 5291 794 5361 ἓτερον
821 5291 911 5344 τὸν
943 5292 1203 5363 πονηρόν·
1236 5290 1482 5362 βούλεται
1515 5294 1746 5364 χρῆσθαι

180 5376 274 5429 καὶ
316 5380 638 5451 μαρτυρίαις
666 5382 777 5434 τισὶ
803 5381 944 5435 κατὰ
977 5382 1069 5435 τὸν
1101 5381 1424 5452 Μαρκίωνα,
1472 5384 1615 5436 κατὰ
1647 5384 1746 5456 τὴν

178 5464 344 5518 αὐτοῦ
392 5467 641 5523 ὑπόνοιαν
674 5471 782 5525 ἀπὸ
829 5471 931 5542 τῆς
986 5471 1095 5525 τῶν
1143 5470 1440 5541 προφητῶν
1483 5472 1738 5544 Γραφῆς·

177 5557 322 5628 φημὶ
353 5557 409 5611 δὲ
452 5558 533 5624 τὸ,
577 5561 836 5630 Μάταιος
880 5568 914 5619 ό
960 5564 1265 5617 δουλεύων
1303 5563 1527 5632 Κυρίῳ·
1559 5565 1742 5619 καὶτὸ

176 5649 465 5719 εἰρημένον
490 5667 505 5681 ·
573 5652 969 5720 'Artem-nour
1036 5651 1188 5717 Θεῷ,
1248 5654 1346 5707 καί
1400 5653 1735 5722 ἐσώθησαν.

177 5735 395 5790 Τέλειον
435 5738 492 5791 δὲ
541 5733 694 5804 οὗτος
747 5743 895 5813 παρὰ
936 5743 1032 5813 τὴν
1078 5742 1172 5795 τοῦ
1210 5742 1525 5798 διδασκάλου
1573 5745 1735 5799 αὐτοῦ

1844 4761 2033 4816 stincti
2079 4764 2208 4824 sint,
2263 4758 2579 4814 dlfflcillima
2626 4760 2805 4825 nobis,
2841 4758 3158 4829 inintelligi
3191 4758 3262 4814 ab
3291 4773 3410 4812 om-

1846 4851 2010 4906 nibus
2056 4858 2273 4921 potest,
2338 4850 2553 4905 illorum
2597 4850 2885 4921 inquisitio
2943 4850 3064 4904 suit.
3122 4849 3229 4905 Sed
3287 4864 3408 4918 qum

1842 4938 1910 4993 de
1939 4938 2032 4993 illo
2074 4946 2348 5009 utcunque
2386 4940 2689 5009 comperire
2733 4938 3033 5009 potuimus,
3079 4947 3211 4993 sunt
3256 4938 3408 5007 ejus·

1841 5026 2006 5082 modi.

1910 5116 2047 5172 Nam
2097 5122 2448 5187 posteaquam
2499 5118 2640 5174 alius
2687 5118 2758 5174 ab
2809 5133 2876 5175 eo
2929 5119 3264 5174 constitutus
3323 5126 3408 5172 est

1840 5206 2067 5261 Creator
2087 5221 2152 5262 ac
2178 5207 2369 5277 judex,
2401 5215 2455 5263 et
2479 5208 2706 5277 justus3
2747 5210 2923 5264 bonus
2961 5209 3131 5273 alius;
3171 5211 3409 5276 itemque

1842 5297 2019 5354 malus
2071 5300 2289 5363 tertius,
2340 5300 2622 5355 nonnullis
2656 5298 2949 5355 Marcionis
2979 5299 3228 5369 exemplo
3255 5299 3407 5354 testi·

1844 5387 2044 5443 moniis
2104 5389 2297 5453 utitur,
2355 5403 2477 5460 quae
2525 5405 2591 5444 ex
2643 5390 3031 5461 prophetarum
3081 5389 3306 5459 scriptis
3339 5390 3406 5444 ad

1843 5480 2072 5542 erroris,
2119 5488 2178 5534 ut
2221 5481 2331 5546 illc,
2382 5482 2467 5536 sui
2518 5482 2879 5549 patrocinium
2929 5480 3169 5535 adducit.
3208 5481 3409 5551 Cujus·

1845 5570 1992 5625 modi
2024 5570 2167 5625 istud
2213 5579 2341 5626 est:
2392 5569 2568 5624 Vanus
2614 5582 2689 5624 ese
2745 5570 2835 5637 qui
2893 5572 3052 5624 servit
3099 5571 3403 5640 Domino⁸3

1842 5659 1971 5715 item
1999 5679 2011 5714 :
2043 5660 2360 5715 [tesaurum
2419 5659 2549 5723 Deo,
2570 5673 2619 5716 et
2648 5662 2782 5717 salvi
2812 5664 2943 5733 [acti
2963 5673 3090 5719 ssmt
3113 5665 3156 5719 ⁸.
3191 5663 3269 5717 Ad
3294 5664 3408 5718 ltaec

1851 5750 2034 5805 omnia
2091 5759 2284 5819 ptzrtct·
2328 5752 2573 5822 magistri
2620 5755 2704 5808 sui
2752 5754 3005 5827 dogmata
3051 5756 3269 5826 nuptias
3317 5752 3408 5809 ilie

251 5850 465 5913 'Deest,
498 5855 713 5923 opium,
740 5857 962 5925 aliquid,
995 5857 1166 5921 λέγων
1205 5858 1571 5913 scribendum.
1647 5864 1668 5892 ¹
1697 5857 1852 5916 Ioau.
1888 5879 1938 5929 v,
1961 5863 2060 5928 25;
2095 5876 2177 5930 ιιι,
2216 5862 2310 5923 20.
2384 5864 2404 5895 ³
2434 5864 2557 5920 Psal
2613 5880 2776 5935 xxxv,
2810 5867 2893 5923 to.
2969 5867 2992 5901 ⁸
3029 5865 3164 5921 Luc.
3213 5881 3267 5933 x,
3311 5864 3404 5921 w.

248 5919 517 5979 ‘Malacim
546 5940 627 5995 ιιι,
667 5927 748 5980 Η.
825 5927 1000 5982 'ibim
1036 5926 1115 5981 ¹5.
