<?xml version="1.0" encoding="UTF-8"?>
<!DOCTYPE html PUBLIC "-//W3C//DTD XHTML 1.0 Transitional//EN"
    "http://www.w3.org/TR/xhtml1/DTD/xhtml1-transitional.dtd">
<html xmlns="http://www.w3.org/1999/xhtml" xml:lang="en" lang="en">
 <head>
  <title>
</title>
<meta http-equiv="Content-Type" content="text/html;charset=utf-8" />
  <meta name='ocr-system' content='tesseract 3.04.00' />
  <meta name='ocr-capabilities' content='ocr_page ocr_carea ocr_par ocr_line ocrx_word'/>
</head>
<body>
  <div class='ocr_page' id='page_1' title='image "./patrologicursus108migngoog_0195.png"; bbox 0 0 3850 6517; ppageno 0'>
   <div class='ocr_carea' id='block_1_1' title="bbox 444 571 547 628">
    <p class='ocr_par' dir='ltr' id='par_1_1' title="bbox 444 571 547 628">
     <span class='ocr_line' id='line_1_1' title="bbox 444 571 547 628; baseline -0.019 0"><span class='ocrx_word' id='word_1_1' title='bbox 444 571 547 628; x_wconf 63' lang='lat'>³:29</span> 
     </span>
    </p>
   </div>
   <div class='ocr_carea' id='block_1_2' title="bbox 1782 565 2224 625">
    <p class='ocr_par' dir='ltr' id='par_1_2' title="bbox 1782 565 2224 625">
     <span class='ocr_line' id='line_1_2' title="bbox 1782 565 2224 625; baseline -0.002 0"><span class='ocrx_word' id='word_1_2' title='bbox 1782 568 1839 625; x_wconf 90' lang='lat' dir='ltr'>S.</span> <span class='ocrx_word' id='word_1_3' title='bbox 1883 565 2224 624; x_wconf 72' lang='lat' dir='ltr'>EPtPnANu</span> 
     </span>
    </p>
   </div>
   <div class='ocr_carea' id='block_1_3' title="bbox 3593 557 3711 615">
    <p class='ocr_par' dir='ltr' id='par_1_3' title="bbox 3593 557 3711 615">
     <span class='ocr_line' id='line_1_3' title="bbox 3593 557 3711 615; baseline 0 0"><span class='ocrx_word' id='word_1_4' title='bbox 3593 557 3711 615; x_wconf 70' lang='lat'>3⁴0</span> 
     </span>
    </p>
   </div>
   <div class='ocr_carea' id='block_1_4' title="bbox 445 680 3710 764">
    <p class='ocr_par' dir='ltr' id='par_1_4' title="bbox 445 680 3710 764">
     <span class='ocr_line' id='line_1_4' title="bbox 445 680 3710 764; baseline -0 -17"><span class='ocrx_word' id='word_1_5' title='bbox 445 706 569 749; x_wconf 81' lang='lat' dir='ltr'>nem</span> <span class='ocrx_word' id='word_1_6' title='bbox 613 691 900 747; x_wconf 85' lang='lat' dir='ltr'>collectum</span> <span class='ocrx_word' id='word_1_7' title='bbox 946 705 1055 746; x_wconf 85' lang='lat' dir='ltr'>una</span> <span class='ocrx_word' id='word_1_8' title='bbox 1091 705 1285 749; x_wconf 89' lang='lat' dir='ltr'>omnes</span> <span class='ocrx_word' id='word_1_9' title='bbox 1330 691 1649 750; x_wconf 84' lang='lat' dir='ltr'>absorbent.</span> <span class='ocrx_word' id='word_1_10' title='bbox 1696 692 1876 764; x_wconf 76' lang='lat' dir='ltr'>Atque</span> <span class='ocrx_word' id='word_1_11' title='bbox 1920 692 2011 748; x_wconf 86' lang='lat' dir='ltr'>bic</span> <span class='ocrx_word' id='word_1_12' title='bbox 2040 702 2086 757; x_wconf 71' lang='grc' dir='ltr'><strong>Α</strong></span> <span class='ocrx_word' id='word_1_13' title='bbox 2117 690 2268 747; x_wconf 89' lang='grc' dir='ltr'><strong>στοῦ.</strong></span> <span class='ocrx_word' id='word_1_14' title='bbox 2320 689 2593 755; x_wconf 82' lang='grc' dir='ltr'>Ὡσαύτως</span> <span class='ocrx_word' id='word_1_15' title='bbox 2618 689 2676 745; x_wconf 81' lang='grc' dir='ltr'>δὲ</span> <span class='ocrx_word' id='word_1_16' title='bbox 2719 690 2814 743; x_wconf 75' lang='grc' dir='ltr'>καὶ</span> <span class='ocrx_word' id='word_1_17' title='bbox 2861 688 2922 743; x_wconf 73' lang='grc' dir='ltr'>τὸ</span> <span class='ocrx_word' id='word_1_18' title='bbox 2959 687 3068 743; x_wconf 77' lang='grc' dir='ltr'>ἀπὸ</span> <span class='ocrx_word' id='word_1_19' title='bbox 3093 686 3196 757; x_wconf 85' lang='grc' dir='ltr'>τῆς</span> <span class='ocrx_word' id='word_1_20' title='bbox 3242 680 3534 755; x_wconf 64' lang='grc' dir='ltr'><strong>γυναικὸς,</strong></span> <span class='ocrx_word' id='word_1_21' title='bbox 3571 682 3710 737; x_wconf 64' lang='grc' dir='ltr'><strong>ὅταν</strong></span> 
     </span>
    </p>
   </div>
   <div class='ocr_carea' id='block_1_5' title="bbox 445 779 1374 853">
    <p class='ocr_par' dir='ltr' id='par_1_5' title="bbox 445 779 1374 853">
     <span class='ocr_line' id='line_1_5' title="bbox 445 779 1374 853; baseline 0.003 -17"><span class='ocrx_word' id='word_1_22' title='bbox 445 787 552 846; x_wconf 85' lang='lat' dir='ltr'>est,</span> <span class='ocrx_word' id='word_1_23' title='bbox 583 779 862 851; x_wconf 86' lang='lat' dir='ltr'>inquiunt,</span> <span class='ocrx_word' id='word_1_24' title='bbox 891 780 1117 853; x_wconf 84' lang='lat' dir='ltr'>sanguis</span> <span class='ocrx_word' id='word_1_25' title='bbox 1148 780 1374 840; x_wconf 75' lang='lat' dir='ltr'>Christi.</span> 
     </span>
    </p>
   </div>
   <div class='ocr_carea' id='block_1_6' title="bbox 2118 769 3711 853">
    <p class='ocr_par' dir='ltr' id='par_1_6' title="bbox 2118 769 3711 853">
     <span class='ocr_line' id='line_1_6' title="bbox 2118 769 3711 853; baseline -0.007 -19"><span class='ocrx_word' id='word_1_26' title='bbox 2118 782 2341 853; x_wconf 81' lang='grc' dir='ltr'><strong>γένηται</strong></span> <span class='ocrx_word' id='word_1_27' title='bbox 2395 780 2565 853; x_wconf 77' lang='grc' dir='ltr'><strong>αὐτὴν</strong></span> <span class='ocrx_word' id='word_1_28' title='bbox 2617 778 2869 849; x_wconf 81' lang='grc' dir='ltr'><strong>γενέσθαι</strong></span> <span class='ocrx_word' id='word_1_29' title='bbox 2911 779 2969 834; x_wconf 82' lang='grc' dir='ltr'>ὲν</span> <span class='ocrx_word' id='word_1_30' title='bbox 3008 776 3162 850; x_wconf 86' lang='grc' dir='ltr'><strong>ρύσει</strong></span> <span class='ocrx_word' id='word_1_31' title='bbox 3208 774 3303 829; x_wconf 90' lang='grc' dir='ltr'>τοῦ</span> <span class='ocrx_word' id='word_1_32' title='bbox 3332 773 3569 845; x_wconf 78' lang='grc' dir='ltr'><strong>αἵματος</strong></span> <span class='ocrx_word' id='word_1_33' title='bbox 3594 813 3612 837; x_wconf 89' lang='grc'><strong>,</strong></span> <span class='ocrx_word' id='word_1_34' title='bbox 3646 769 3711 824; x_wconf 82' lang='grc' dir='ltr'>τδ</span> 
     </span>
    </p>
   </div>
   <div class='ocr_carea' id='block_1_7' title="bbox 444 863 3709 954">
    <p class='ocr_par' dir='ltr' id='par_1_7' title="bbox 444 863 3709 954">
     <span class='ocr_line' id='line_1_7' title="bbox 444 863 3709 954; baseline -0.006 -21"><span class='ocrx_word' id='word_1_35' title='bbox 444 872 776 944; x_wconf 77' lang='grc' dir='ltr'><strong>καταμήνιον</strong></span> <span class='ocrx_word' id='word_1_36' title='bbox 815 874 1076 945; x_wconf 82' lang='grc' dir='ltr'><strong>συναχθὲν</strong></span> <span class='ocrx_word' id='word_1_37' title='bbox 1124 875 1260 950; x_wconf 78' lang='grc' dir='ltr'><strong>αὐτῇ</strong></span> <span class='ocrx_word' id='word_1_38' title='bbox 1308 876 1445 954; x_wconf 74' lang='grc' dir='ltr'><strong>αἷμα</strong></span> <span class='ocrx_word' id='word_1_39' title='bbox 1497 879 1597 952; x_wconf 87' lang='grc' dir='ltr'>τῆς</span> <span class='ocrx_word' id='word_1_40' title='bbox 1651 874 2010 949; x_wconf 73' lang='grc' dir='ltr'><strong>ἀκαθαρσίας,</strong></span> <span class='ocrx_word' id='word_1_41' title='bbox 2046 872 2308 936; x_wconf 83' lang='grc' dir='ltr'>ὡσαύτως</span> <span class='ocrx_word' id='word_1_42' title='bbox 2334 872 2586 936; x_wconf 72' lang='grc' dir='ltr'><strong>λαὸόντες</strong></span> <span class='ocrx_word' id='word_1_43' title='bbox 2610 873 2763 942; x_wconf 81' lang='grc' dir='ltr'><strong>κοινῇ</strong></span> <span class='ocrx_word' id='word_1_44' title='bbox 2799 870 3056 924; x_wconf 73' lang='grc' dir='ltr'><strong>ἐσθίουσι.</strong></span> <span class='ocrx_word' id='word_1_45' title='bbox 3093 868 3205 923; x_wconf 71' lang='grc' dir='ltr'>Καὶ</span> <span class='ocrx_word' id='word_1_46' title='bbox 3263 865 3444 929; x_wconf 83' lang='grc' dir='ltr'><strong>τοῦτο,</strong></span> <span class='ocrx_word' id='word_1_47' title='bbox 3510 863 3709 932; x_wconf 68' lang='grc' dir='ltr'><strong>φασὶν,</strong></span> 
     </span>
    </p>
   </div>
   <div class='ocr_carea' id='block_1_8' title="bbox 443 957 2017 1312">
    <p class='ocr_par' dir='ltr' id='par_1_8' title="bbox 443 957 1214 1038">
     <span class='ocr_line' id='line_1_8' title="bbox 443 957 1214 1038; baseline 0.01 -24"><span class='ocrx_word' id='word_1_48' title='bbox 443 963 561 1015; x_wconf 74' lang='grc' dir='ltr'><strong>ἔστι</strong></span> <span class='ocrx_word' id='word_1_49' title='bbox 588 962 651 1016; x_wconf 84' lang='grc' dir='ltr'>τδ</span> <span class='ocrx_word' id='word_1_50' title='bbox 677 957 816 1034; x_wconf 68' lang='grc' dir='ltr'><strong>αἷμα</strong></span> <span class='ocrx_word' id='word_1_51' title='bbox 843 963 938 1017; x_wconf 90' lang='grc' dir='ltr'>τοῦ</span> <span class='ocrx_word' id='word_1_52' title='bbox 959 966 1214 1038; x_wconf 82' lang='grc' dir='ltr'><strong>Χριστοῦ.</strong></span> 
     </span>
    </p>

    <p class='ocr_par' dir='ltr' id='par_1_9' title="bbox 445 1047 2017 1312">
     <span class='ocr_line' id='line_1_9' title="bbox 519 1047 2014 1132; baseline 0.003 -29"><span class='ocrx_word' id='word_1_53' title='bbox 519 1047 583 1103; x_wconf 85' lang='lat' dir='ltr'>V.</span> <span class='ocrx_word' id='word_1_54' title='bbox 624 1048 920 1122; x_wconf 73' lang='lat' dir='ltr'>Propterea</span> <span class='ocrx_word' id='word_1_55' title='bbox 953 1056 1010 1110; x_wconf 89' lang='lat' dir='ltr'>in</span> <span class='ocrx_word' id='word_1_56' title='bbox 1044 1058 1373 1130; x_wconf 75' lang='lat' dir='ltr'>apocryphis</span> <span class='ocrx_word' id='word_1_57' title='bbox 1417 1059 1647 1132; x_wconf 76' lang='lat' dir='ltr'>legunt:</span> <span class='ocrx_word' id='word_1_58' title='bbox 1689 1057 1812 1113; x_wconf 78' lang='lat' dir='ltr'>Vidi</span> <span class='ocrx_word' id='word_1_59' title='bbox 1855 1054 2014 1110; x_wconf 80' lang='lat' dir='ltr'>arbo·</span> 
     </span>
     <span class='ocr_line' id='line_1_10' title="bbox 445 1139 2017 1221; baseline 0.003 -29"><span class='ocrx_word' id='word_1_60' title='bbox 445 1153 559 1193; x_wconf 82' lang='lat' dir='ltr'>rem</span> <span class='ocrx_word' id='word_1_61' title='bbox 585 1139 860 1197; x_wconf 72' lang='lat' dir='ltr'>duodecim</span> <span class='ocrx_word' id='word_1_62' title='bbox 905 1143 1111 1211; x_wconf 75' lang='lat' dir='ltr'>{ructus</span> <span class='ocrx_word' id='word_1_63' title='bbox 1145 1149 1427 1219; x_wconf 70' lang='lat' dir='ltr'>quotannis</span> <span class='ocrx_word' id='word_1_64' title='bbox 1461 1149 1735 1221; x_wconf 71' lang='lat' dir='ltr'>ferentem,</span> <span class='ocrx_word' id='word_1_65' title='bbox 1774 1155 1824 1202; x_wconf 84' lang='lat' dir='ltr'>et</span> <span class='ocrx_word' id='word_1_66' title='bbox 1876 1144 2017 1199; x_wconf 74' lang='lat' dir='ltr'>dixit</span> 
     </span>
     <span class='ocr_line' id='line_1_11' title="bbox 445 1233 2017 1312; baseline 0.004 -27"><span class='ocrx_word' id='word_1_67' title='bbox 445 1233 580 1286; x_wconf 75' lang='lat' dir='ltr'>mihi</span> <span class='ocrx_word' id='word_1_68' title='bbox 602 1248 624 1288; x_wconf 92' lang='lat'>.·</span> <span class='ocrx_word' id='word_1_69' title='bbox 645 1235 760 1287; x_wconf 79' lang='lat' dir='ltr'>Hoc</span> <span class='ocrx_word' id='word_1_70' title='bbox 789 1243 870 1289; x_wconf 76' lang='lat' dir='ltr'>est</span> <span class='ocrx_word' id='word_1_71' title='bbox 903 1235 1104 1307; x_wconf 72' lang='lat' dir='ltr'>liquam</span> <span class='ocrx_word' id='word_1_72' title='bbox 1143 1240 1286 1294; x_wconf 78' lang='lat' dir='ltr'>vitoe.</span> <span class='ocrx_word' id='word_1_73' title='bbox 1322 1238 1565 1312; x_wconf 78' lang='lat' dir='ltr'>idipsum</span> <span class='ocrx_word' id='word_1_74' title='bbox 1612 1241 1680 1294; x_wconf 86' lang='lat' dir='ltr'>de</span> <span class='ocrx_word' id='word_1_75' title='bbox 1718 1234 2017 1294; x_wconf 79' lang='lat' dir='ltr'>menstruis</span> 
     </span>
    </p>
   </div>
   <div class='ocr_carea' id='block_1_9' title="bbox 446 1322 2016 1490">
    <p class='ocr_par' dir='ltr' id='par_1_10' title="bbox 446 1322 2016 1490">
     <span class='ocr_line' id='line_1_12' title="bbox 446 1322 2016 1402; baseline 0.003 -26"><span class='ocrx_word' id='word_1_76' title='bbox 446 1322 737 1379; x_wconf 79' lang='lat' dir='ltr'>mulierum</span> <span class='ocrx_word' id='word_1_77' title='bbox 772 1323 1058 1395; x_wconf 81' lang='lat' dir='ltr'>profluviis</span> <span class='ocrx_word' id='word_1_78' title='bbox 1097 1329 1548 1402; x_wconf 89' lang='lat' dir='ltr'>interpretantur.</span> <span class='ocrx_word' id='word_1_79' title='bbox 1584 1330 1854 1386; x_wconf 69' lang='lat' dir='ltr'>Caeterum</span> <span class='ocrx_word' id='word_1_80' title='bbox 1888 1339 2016 1381; x_wconf 88' lang='lat' dir='ltr'>cum</span> 
     </span>
     <span class='ocr_line' id='line_1_13' title="bbox 448 1411 2015 1490; baseline 0 -24"><span class='ocrx_word' id='word_1_81' title='bbox 448 1411 596 1468; x_wconf 85' lang='lat' dir='ltr'>inter</span> <span class='ocrx_word' id='word_1_82' title='bbox 626 1428 749 1470; x_wconf 87' lang='lat' dir='ltr'>sese</span> <span class='ocrx_word' id='word_1_83' title='bbox 780 1411 1050 1471; x_wconf 80' lang='lat' dir='ltr'>Venerem</span> <span class='ocrx_word' id='word_1_84' title='bbox 1080 1425 1392 1486; x_wconf 76' lang='lat' dir='ltr'>exerceant,</span> <span class='ocrx_word' id='word_1_85' title='bbox 1427 1418 1537 1490; x_wconf 74' lang='lat'>8⁷</span> <span class='ocrx_word' id='word_1_86' title='bbox 1589 1417 1796 1472; x_wconf 86' lang='lat' dir='ltr'>liberos</span> <span class='ocrx_word' id='word_1_87' title='bbox 1833 1422 2015 1469; x_wconf 88' lang='lat' dir='ltr'>tamen</span> 
     </span>
    </p>
   </div>
   <div class='ocr_carea' id='block_1_10' title="bbox 449 1501 2025 1940">
    <p class='ocr_par' dir='ltr' id='par_1_11' title="bbox 449 1501 2025 1940">
     <span class='ocr_line' id='line_1_14' title="bbox 449 1501 2019 1580; baseline -0.002 -20"><span class='ocrx_word' id='word_1_88' title='bbox 449 1504 732 1574; x_wconf 69' lang='lat' dir='ltr'>suscipere</span> <span class='ocrx_word' id='word_1_89' title='bbox 759 1505 1069 1577; x_wconf 86' lang='lat' dir='ltr'>probibent.</span> <span class='ocrx_word' id='word_1_90' title='bbox 1113 1507 1234 1564; x_wconf 86' lang='lat' dir='ltr'>Non</span> <span class='ocrx_word' id='word_1_91' title='bbox 1279 1508 1427 1564; x_wconf 90' lang='lat' dir='ltr'>enim</span> <span class='ocrx_word' id='word_1_92' title='bbox 1470 1507 1641 1580; x_wconf 88' lang='lat' dir='ltr'>prolis</span> <span class='ocrx_word' id='word_1_93' title='bbox 1684 1504 1888 1570; x_wconf 90' lang='lat' dir='ltr'>studio,</span> <span class='ocrx_word' id='word_1_94' title='bbox 1921 1501 2019 1559; x_wconf 86' lang='lat' dir='ltr'>sed</span> 
     </span>
     <span class='ocr_line' id='line_1_15' title="bbox 451 1588 2019 1669; baseline -0.004 -18"><span class='ocrx_word' id='word_1_95' title='bbox 451 1603 513 1651; x_wconf 90' lang='lat' dir='ltr'>ut</span> <span class='ocrx_word' id='word_1_96' title='bbox 541 1594 753 1652; x_wconf 80' lang='lat' dir='ltr'>libidini</span> <span class='ocrx_word' id='word_1_97' title='bbox 776 1611 893 1653; x_wconf 74' lang='lat' dir='ltr'>suoe</span> <span class='ocrx_word' id='word_1_98' title='bbox 920 1598 1184 1664; x_wconf 78' lang='lat' dir='ltr'>serviant,</span> <span class='ocrx_word' id='word_1_99' title='bbox 1218 1598 1270 1653; x_wconf 93' lang='lat' dir='ltr'>ei</span> <span class='ocrx_word' id='word_1_100' title='bbox 1318 1597 1650 1669; x_wconf 69' lang='lat' dir='ltr'>corruptelae</span> <span class='ocrx_word' id='word_1_101' title='bbox 1691 1599 1910 1651; x_wconf 79' lang='lat' dir='ltr'>vacant.</span> <span class='ocrx_word' id='word_1_102' title='bbox 1937 1588 2019 1645; x_wconf 88' lang='lat' dir='ltr'>lta</span> 
     </span>
     <span class='ocr_line' id='line_1_16' title="bbox 451 1682 2023 1758; baseline -0.001 -16"><span class='ocrx_word' id='word_1_103' title='bbox 451 1687 672 1744; x_wconf 84' lang='lat' dir='ltr'>miseris</span> <span class='ocrx_word' id='word_1_104' title='bbox 720 1688 1035 1746; x_wconf 86' lang='lat' dir='ltr'>hominibus</span> <span class='ocrx_word' id='word_1_105' title='bbox 1079 1688 1331 1747; x_wconf 88' lang='lat' dir='ltr'>diabolus</span> <span class='ocrx_word' id='word_1_106' title='bbox 1386 1688 1590 1756; x_wconf 81' lang='lat' dir='ltr'>illudit,</span> <span class='ocrx_word' id='word_1_107' title='bbox 1644 1695 1700 1743; x_wconf 87' lang='lat' dir='ltr'>et</span> <span class='ocrx_word' id='word_1_108' title='bbox 1741 1702 1881 1758; x_wconf 89' lang='lat' dir='ltr'>opus</span> <span class='ocrx_word' id='word_1_109' title='bbox 1925 1682 2023 1740; x_wconf 88' lang='lat' dir='ltr'>Dei</span> 
     </span>
     <span class='ocr_line' id='line_1_17' title="bbox 449 1777 2019 1854; baseline -0.001 -20"><span class='ocrx_word' id='word_1_110' title='bbox 449 1778 740 1837; x_wconf 75' lang='lat' dir='ltr'>fraudibus</span> <span class='ocrx_word' id='word_1_111' title='bbox 765 1781 883 1837; x_wconf 81' lang='lat' dir='ltr'>suis</span> <span class='ocrx_word' id='word_1_112' title='bbox 921 1781 1259 1852; x_wconf 88' lang='lat' dir='ltr'>implicatum</span> <span class='ocrx_word' id='word_1_113' title='bbox 1291 1797 1389 1854; x_wconf 87' lang='lat' dir='ltr'>per</span> <span class='ocrx_word' id='word_1_114' title='bbox 1426 1780 1721 1837; x_wconf 87' lang='lat' dir='ltr'>ludibrium</span> <span class='ocrx_word' id='word_1_115' title='bbox 1756 1777 2019 1835; x_wconf 85' lang='lat' dir='ltr'>traducit.</span> 
     </span>
     <span class='ocr_line' id='line_1_18' title="bbox 450 1869 2025 1940; baseline -0.001 -15"><span class='ocrx_word' id='word_1_116' title='bbox 450 1869 691 1928; x_wconf 83' lang='lat' dir='ltr'>Proinde</span> <span class='ocrx_word' id='word_1_117' title='bbox 723 1870 805 1927; x_wconf 89' lang='lat' dir='ltr'>sic</span> <span class='ocrx_word' id='word_1_118' title='bbox 835 1870 1053 1927; x_wconf 80' lang='lat' dir='ltr'>libidini</span> <span class='ocrx_word' id='word_1_119' title='bbox 1099 1871 1451 1929; x_wconf 78' lang='lat' dir='ltr'>satisfaciunt</span> <span class='ocrx_word' id='word_1_120' title='bbox 1491 1887 1628 1937; x_wconf 80' lang='lat' dir='ltr'>suae,</span> <span class='ocrx_word' id='word_1_121' title='bbox 1674 1877 1734 1925; x_wconf 89' lang='lat' dir='ltr'>ut</span> <span class='ocrx_word' id='word_1_122' title='bbox 1763 1869 2025 1940; x_wconf 90' lang='lat' dir='ltr'>impuris-</span> 
     </span>
    </p>
   </div>
   <div class='ocr_carea' id='block_1_11' title="bbox 2117 1039 3717 1949">
    <p class='ocr_par' dir='ltr' id='par_1_12' title="bbox 2117 1039 3717 1949">
     <span class='ocr_line' id='line_1_19' title="bbox 2190 1039 3712 1115; baseline -0.002 -15"><span class='ocrx_word' id='word_1_123' title='bbox 2190 1048 2266 1102; x_wconf 88' lang='lat' dir='ltr'>E&#39;.</span> <span class='ocrx_word' id='word_1_124' title='bbox 2298 1046 2388 1100; x_wconf 83' lang='grc' dir='ltr'>Διὸ</span> <span class='ocrx_word' id='word_1_125' title='bbox 2438 1046 2532 1101; x_wconf 72' lang='grc' dir='ltr'>καὶ</span> <span class='ocrx_word' id='word_1_126' title='bbox 2576 1045 2635 1098; x_wconf 73' lang='grc' dir='ltr'>ἰν</span> <span class='ocrx_word' id='word_1_127' title='bbox 2690 1043 3031 1115; x_wconf 68' lang='grc' dir='ltr'><strong>ἀποκρύφοις</strong></span> <span class='ocrx_word' id='word_1_128' title='bbox 3067 1039 3536 1112; x_wconf 80' lang='grc' dir='ltr'><strong>ἀναγινώσκοντες</strong></span> <span class='ocrx_word' id='word_1_129' title='bbox 3558 1081 3577 1107; x_wconf 89' lang='grc'><strong>,</strong></span> <span class='ocrx_word' id='word_1_130' title='bbox 3624 1041 3712 1097; x_wconf 80' lang='grc' dir='ltr'>ὅτι</span> 
     </span>
     <span class='ocr_line' id='line_1_20' title="bbox 2118 1130 3711 1207; baseline -0.004 -12"><span class='ocrx_word' id='word_1_131' title='bbox 2118 1135 2300 1195; x_wconf 78' lang='grc' dir='ltr'><strong>Εἶδον</strong></span> <span class='ocrx_word' id='word_1_132' title='bbox 2326 1136 2579 1207; x_wconf 77' lang='grc' dir='ltr'><em>δένδρον</em></span> <span class='ocrx_word' id='word_1_133' title='bbox 2598 1134 2783 1206; x_wconf 75' lang='grc' dir='ltr'><strong>φέρον</strong></span> <span class='ocrx_word' id='word_1_134' title='bbox 2803 1134 3036 1189; x_wconf 80' lang='grc' dir='ltr'><strong>δώδεκα</strong></span> <span class='ocrx_word' id='word_1_135' title='bbox 3062 1132 3329 1204; x_wconf 75' lang='grc' dir='ltr'><strong>καρποὺς</strong></span> <span class='ocrx_word' id='word_1_136' title='bbox 3353 1130 3462 1187; x_wconf 84' lang='grc' dir='ltr'>τοῦ</span> <span class='ocrx_word' id='word_1_137' title='bbox 3500 1133 3711 1189; x_wconf 65' lang='lat' dir='ltr'>&amp;reuv-</span> 
     </span>
     <span class='ocr_line' id='line_1_21' title="bbox 2117 1223 3711 1299; baseline -0.005 -13"><span class='ocrx_word' id='word_1_138' title='bbox 2117 1231 2225 1287; x_wconf 84' lang='grc' dir='ltr'>τοῦ</span> <span class='ocrx_word' id='word_1_139' title='bbox 2244 1248 2259 1263; x_wconf 89' lang='grc'><em>·</em></span> <span class='ocrx_word' id='word_1_140' title='bbox 2289 1229 2388 1286; x_wconf 78' lang='grc' dir='ltr'>καί</span> <span class='ocrx_word' id='word_1_141' title='bbox 2413 1228 2546 1284; x_wconf 77' lang='grc' dir='ltr'><strong>εἶπέ</strong></span> <span class='ocrx_word' id='word_1_142' title='bbox 2564 1244 2694 1299; x_wconf 86' lang='grc' dir='ltr'><strong>μοι·</strong></span> <span class='ocrx_word' id='word_1_143' title='bbox 2726 1227 2908 1283; x_wconf 85' lang='grc' dir='ltr'><strong>Τοῦτό</strong></span> <span class='ocrx_word' id='word_1_144' title='bbox 2928 1227 3061 1281; x_wconf 79' lang='grc' dir='ltr'><strong>ἐστι</strong></span> <span class='ocrx_word' id='word_1_145' title='bbox 3087 1225 3154 1280; x_wconf 80' lang='grc' dir='ltr'>τὸ</span> <span class='ocrx_word' id='word_1_146' title='bbox 3178 1225 3373 1291; x_wconf 72' lang='grc' dir='ltr'><strong>ξύλον</strong></span> <span class='ocrx_word' id='word_1_147' title='bbox 3392 1223 3509 1294; x_wconf 81' lang='grc' dir='ltr'>τῆς</span> <span class='ocrx_word' id='word_1_148' title='bbox 3533 1223 3711 1294; x_wconf 73' lang='grc' dir='ltr'><strong>ζωῆς,</strong></span> 
     </span>
     <span class='ocr_line' id='line_1_22' title="bbox 2117 1315 3716 1393; baseline -0.004 -15"><span class='ocrx_word' id='word_1_149' title='bbox 2117 1322 2146 1378; x_wconf 82' lang='grc' dir='ltr'><strong>δ</strong></span> <span class='ocrx_word' id='word_1_150' title='bbox 2175 1322 2330 1378; x_wconf 71' lang='grc' dir='ltr'><strong>αὐτοὶ</strong></span> <span class='ocrx_word' id='word_1_151' title='bbox 2374 1318 2764 1393; x_wconf 85' lang='grc' dir='ltr'><strong>άλληγοροῦσιν</strong></span> <span class='ocrx_word' id='word_1_152' title='bbox 2807 1319 2889 1382; x_wconf 87' lang='grc' dir='ltr'>είς</span> <span class='ocrx_word' id='word_1_153' title='bbox 2916 1319 3017 1390; x_wconf 80' lang='grc' dir='ltr'>τὴν</span> <span class='ocrx_word' id='word_1_154' title='bbox 3055 1315 3199 1372; x_wconf 78' lang='grc' dir='ltr'><strong>κατὰ</strong></span> <span class='ocrx_word' id='word_1_155' title='bbox 3232 1317 3375 1390; x_wconf 78' lang='grc' dir='ltr'><strong>μῆνα</strong></span> <span class='ocrx_word' id='word_1_156' title='bbox 3405 1316 3716 1389; x_wconf 70' lang='grc' dir='ltr'><strong>γινομένην</strong></span> 
     </span>
     <span class='ocr_line' id='line_1_23' title="bbox 2120 1405 3717 1485; baseline -0.003 -16"><span class='ocrx_word' id='word_1_157' title='bbox 2120 1415 2440 1485; x_wconf 82' lang='grc' dir='ltr'><strong>γυναικείαν</strong></span> <span class='ocrx_word' id='word_1_158' title='bbox 2501 1413 2676 1485; x_wconf 88' lang='grc' dir='ltr'><strong>ρύσιν.</strong></span> <span class='ocrx_word' id='word_1_159' title='bbox 2750 1411 3087 1482; x_wconf 85' lang='grc' dir='ltr'><strong>Μισγόμενοι</strong></span> <span class='ocrx_word' id='word_1_160' title='bbox 3149 1408 3206 1462; x_wconf 81' lang='grc' dir='ltr'>δὲ</span> <span class='ocrx_word' id='word_1_161' title='bbox 3277 1408 3397 1479; x_wconf 86' lang='grc' dir='ltr'><strong>μετ’</strong></span> <span class='ocrx_word' id='word_1_162' title='bbox 3457 1405 3717 1481; x_wconf 81' lang='grc' dir='ltr'><strong>ἀλλήλων</strong></span> 
     </span>
     <span class='ocr_line' id='line_1_24' title="bbox 2121 1496 3715 1576; baseline -0.004 -16"><span class='ocrx_word' id='word_1_163' title='bbox 2121 1505 2461 1560; x_wconf 77' lang='grc' dir='ltr'>τεκνοποιίαν</span> <span class='ocrx_word' id='word_1_164' title='bbox 2487 1502 2935 1576; x_wconf 78' lang='grc' dir='ltr'><strong>ἀπαγορεύουσιν.</strong></span> <span class='ocrx_word' id='word_1_165' title='bbox 2961 1500 3037 1554; x_wconf 78' lang='grc' dir='ltr'>Οὐ</span> <span class='ocrx_word' id='word_1_166' title='bbox 3062 1497 3172 1570; x_wconf 81' lang='grc' dir='ltr'><strong>γὰρ</strong></span> <span class='ocrx_word' id='word_1_167' title='bbox 3194 1499 3275 1562; x_wconf 83' lang='grc' dir='ltr'>είς</span> <span class='ocrx_word' id='word_1_168' title='bbox 3303 1496 3363 1552; x_wconf 75' lang='grc' dir='ltr'>τὸ</span> <span class='ocrx_word' id='word_1_169' title='bbox 3387 1499 3715 1574; x_wconf 70' lang='grc' dir='ltr'><strong>τεκνοποιῆ·</strong></span> 
     </span>
     <span class='ocr_line' id='line_1_25' title="bbox 2131 1591 3713 1671; baseline -0.004 -18"><span class='ocrx_word' id='word_1_170' title='bbox 2131 1616 2222 1654; x_wconf 90' lang='grc' dir='ltr'>σαι</span> <span class='ocrx_word' id='word_1_171' title='bbox 2249 1597 2379 1671; x_wconf 85' lang='grc' dir='ltr'><strong>παρ’</strong></span> <span class='ocrx_word' id='word_1_172' title='bbox 2411 1598 2595 1661; x_wconf 81' lang='grc' dir='ltr'><strong>αὐτοῖς</strong></span> <span class='ocrx_word' id='word_1_173' title='bbox 2621 1598 2655 1669; x_wconf 79' lang='grc' dir='ltr'>ἡ</span> <span class='ocrx_word' id='word_1_174' title='bbox 2688 1594 2865 1667; x_wconf 75' lang='grc' dir='ltr'><strong>φθορά</strong></span> <span class='ocrx_word' id='word_1_175' title='bbox 2923 1593 3319 1659; x_wconf 77' lang='grc' dir='ltr'><strong>ὲσπούδασται,</strong></span> <span class='ocrx_word' id='word_1_176' title='bbox 3366 1591 3485 1647; x_wconf 79' lang='grc' dir='ltr'><strong>ἀλλ’</strong></span> <span class='ocrx_word' id='word_1_177' title='bbox 3514 1593 3713 1668; x_wconf 77' lang='grc' dir='ltr'><strong>ἡδονῆς</strong></span> 
     </span>
     <span class='ocr_line' id='line_1_26' title="bbox 2127 1683 3717 1765; baseline -0.003 -18"><span class='ocrx_word' id='word_1_178' title='bbox 2127 1691 2290 1765; x_wconf 83' lang='grc' dir='ltr'><strong>χάριν</strong></span> <span class='ocrx_word' id='word_1_179' title='bbox 2307 1731 2323 1758; x_wconf 94' lang='grc'><strong>,</strong></span> <span class='ocrx_word' id='word_1_180' title='bbox 2350 1689 2445 1745; x_wconf 90' lang='grc' dir='ltr'>τοῦ</span> <span class='ocrx_word' id='word_1_181' title='bbox 2473 1688 2716 1744; x_wconf 78' lang='grc' dir='ltr'><strong>διαὸόλου</strong></span> <span class='ocrx_word' id='word_1_182' title='bbox 2748 1687 3108 1761; x_wconf 77' lang='grc' dir='ltr'><strong>ἐμπαίζοντας</strong></span> <span class='ocrx_word' id='word_1_183' title='bbox 3148 1688 3261 1750; x_wconf 83' lang='grc' dir='ltr'><strong>τοῖς</strong></span> <span class='ocrx_word' id='word_1_184' title='bbox 3287 1683 3589 1754; x_wconf 80' lang='grc' dir='ltr'><strong>τοιούτοις,</strong></span> <span class='ocrx_word' id='word_1_185' title='bbox 3618 1687 3717 1742; x_wconf 72' lang='grc' dir='ltr'>καὶ</span> 
     </span>
     <span class='ocr_line' id='line_1_27' title="bbox 2127 1775 3711 1856; baseline -0.002 -18"><span class='ocrx_word' id='word_1_186' title='bbox 2127 1780 2615 1856; x_wconf 77' lang='grc' dir='ltr'><strong>καταχλευάζοντος</strong></span> <span class='ocrx_word' id='word_1_187' title='bbox 2645 1780 2706 1836; x_wconf 80' lang='grc' dir='ltr'>τὸ</span> <span class='ocrx_word' id='word_1_188' title='bbox 2745 1782 2810 1835; x_wconf 77' lang='grc' dir='ltr'><strong>ὲκ</strong></span> <span class='ocrx_word' id='word_1_189' title='bbox 2840 1779 2975 1835; x_wconf 84' lang='grc' dir='ltr'><strong>Θεοῦ</strong></span> <span class='ocrx_word' id='word_1_190' title='bbox 3008 1779 3233 1851; x_wconf 90' lang='grc' dir='ltr'><strong>πλάσμα</strong></span> <span class='ocrx_word' id='word_1_191' title='bbox 3263 1775 3711 1850; x_wconf 78' lang='grc' dir='ltr'><strong>πεπλανημένον.</strong></span> 
     </span>
     <span class='ocr_line' id='line_1_28' title="bbox 2142 1871 3716 1949; baseline -0.001 -19"><span class='ocrx_word' id='word_1_192' title='bbox 2142 1876 2301 1932; x_wconf 83' lang='grc' dir='ltr'><strong>Ἀλλά</strong></span> <span class='ocrx_word' id='word_1_193' title='bbox 2331 1875 2431 1949; x_wconf 80' lang='grc' dir='ltr'>τὴν</span> <span class='ocrx_word' id='word_1_194' title='bbox 2464 1875 2563 1948; x_wconf 76' lang='grc' dir='ltr'>μὲν</span> <span class='ocrx_word' id='word_1_195' title='bbox 2600 1873 2792 1947; x_wconf 73' lang='grc' dir='ltr'><strong>ἡδονὴν</strong></span> <span class='ocrx_word' id='word_1_196' title='bbox 2840 1872 3179 1927; x_wconf 73' lang='grc' dir='ltr'><strong>ἐπιτελοῦσιν</strong></span> <span class='ocrx_word' id='word_1_197' title='bbox 3200 1912 3216 1936; x_wconf 92' lang='grc'><strong>,</strong></span> <span class='ocrx_word' id='word_1_198' title='bbox 3260 1871 3340 1935; x_wconf 89' lang='grc' dir='ltr'>είς</span> <span class='ocrx_word' id='word_1_199' title='bbox 3373 1872 3609 1938; x_wconf 76' lang='grc' dir='ltr'><strong>ἑαυτοὺς</strong></span> <span class='ocrx_word' id='word_1_200' title='bbox 3657 1871 3716 1928; x_wconf 77' lang='lat' dir='ltr'>st</span> 
     </span>
    </p>
   </div>
   <div class='ocr_carea' id='block_1_12' title="bbox 453 1958 3713 2047">
    <p class='ocr_par' dir='ltr' id='par_1_13' title="bbox 453 1958 3713 2047">
     <span class='ocr_line' id='line_1_29' title="bbox 453 1958 3713 2047; baseline 0.001 -31"><span class='ocrx_word' id='word_1_201' title='bbox 453 1961 656 2017; x_wconf 87' lang='lat' dir='ltr'>simum</span> <span class='ocrx_word' id='word_1_202' title='bbox 690 1976 883 2019; x_wconf 85' lang='lat' dir='ltr'>semen</span> <span class='ocrx_word' id='word_1_203' title='bbox 925 1962 979 2018; x_wconf 91' lang='lat' dir='ltr'>in</span> <span class='ocrx_word' id='word_1_204' title='bbox 1009 1964 1226 2035; x_wconf 86' lang='lat' dir='ltr'>seipsos</span> <span class='ocrx_word' id='word_1_205' title='bbox 1252 1962 1542 2034; x_wconf 86' lang='lat' dir='ltr'>recipiant,</span> <span class='ocrx_word' id='word_1_206' title='bbox 1579 1976 1758 2033; x_wconf 90' lang='lat' dir='ltr'>neque</span> <span class='ocrx_word' id='word_1_207' title='bbox 1786 1959 1922 2016; x_wconf 90' lang='lat' dir='ltr'>illud</span> <span class='ocrx_word' id='word_1_208' title='bbox 1954 1958 2025 2014; x_wconf 88' lang='lat' dir='ltr'>ad</span> <span class='ocrx_word' id='word_1_209' title='bbox 2055 1991 2098 2047; x_wconf 74' lang='lat' dir='ltr'>B</span> <span class='ocrx_word' id='word_1_210' title='bbox 2130 1966 2660 2041; x_wconf 67' lang='grc' dir='ltr'><strong>ἀπολαμεάνουσιτὰ</strong></span> <span class='ocrx_word' id='word_1_211' title='bbox 2688 1966 2789 2038; x_wconf 74' lang='grc' dir='ltr'>τῆς</span> <span class='ocrx_word' id='word_1_212' title='bbox 2814 1963 3152 2037; x_wconf 74' lang='grc' dir='ltr'><strong>ἀκαθαρσίας</strong></span> <span class='ocrx_word' id='word_1_213' title='bbox 3176 1962 3357 2018; x_wconf 77' lang='grc' dir='ltr'><strong>αὐτῶν</strong></span> <span class='ocrx_word' id='word_1_214' title='bbox 3389 1962 3713 2036; x_wconf 81' lang='grc' dir='ltr'><strong>σπέρματα,</strong></span> 
     </span>
    </p>
   </div>
   <div class='ocr_carea' id='block_1_13' title="bbox 449 2051 2030 2852">
    <p class='ocr_par' dir='ltr' id='par_1_14' title="bbox 449 2051 2030 2852">
     <span class='ocr_line' id='line_1_30' title="bbox 451 2051 2023 2126; baseline 0 -21"><span class='ocrx_word' id='word_1_215' title='bbox 451 2051 860 2122; x_wconf 74' lang='lat' dir='ltr'>propagandam</span> <span class='ocrx_word' id='word_1_216' title='bbox 891 2053 1136 2110; x_wconf 79' lang='lat' dir='ltr'>sobolem</span> <span class='ocrx_word' id='word_1_217' title='bbox 1165 2054 1446 2118; x_wconf 86' lang='lat' dir='ltr'>emittant,</span> <span class='ocrx_word' id='word_1_218' title='bbox 1475 2052 1571 2110; x_wconf 86' lang='lat' dir='ltr'>sed</span> <span class='ocrx_word' id='word_1_219' title='bbox 1610 2068 1714 2110; x_wconf 87' lang='lat' dir='ltr'>sua</span> <span class='ocrx_word' id='word_1_220' title='bbox 1762 2051 1867 2126; x_wconf 88' lang='lat' dir='ltr'>ipsi</span> <span class='ocrx_word' id='word_1_221' title='bbox 1899 2058 2023 2105; x_wconf 91' lang='lat' dir='ltr'>tur-</span> 
     </span>
     <span class='ocr_line' id='line_1_31' title="bbox 453 2139 2025 2216; baseline 0.001 -20"><span class='ocrx_word' id='word_1_222' title='bbox 453 2139 702 2213; x_wconf 84' lang='lat' dir='ltr'>pitudine</span> <span class='ocrx_word' id='word_1_223' title='bbox 727 2151 1051 2214; x_wconf 85' lang='lat' dir='ltr'>pascantur.</span> <span class='ocrx_word' id='word_1_224' title='bbox 1083 2144 1239 2211; x_wconf 86' lang='lat' dir='ltr'>Quod</span> <span class='ocrx_word' id='word_1_225' title='bbox 1264 2145 1310 2201; x_wconf 88' lang='lat' dir='ltr'>si</span> <span class='ocrx_word' id='word_1_226' title='bbox 1339 2143 1483 2201; x_wconf 82' lang='lat' dir='ltr'>l’orte</span> <span class='ocrx_word' id='word_1_227' title='bbox 1509 2145 1783 2216; x_wconf 78' lang='lat' dir='ltr'>quispiam</span> <span class='ocrx_word' id='word_1_228' title='bbox 1818 2141 2025 2198; x_wconf 82' lang='lat' dir='ltr'>excreti</span> 
     </span>
     <span class='ocr_line' id='line_1_32' title="bbox 453 2231 2027 2303; baseline -0.003 -15"><span class='ocrx_word' id='word_1_229' title='bbox 453 2231 682 2288; x_wconf 89' lang='lat' dir='ltr'>seminis</span> <span class='ocrx_word' id='word_1_230' title='bbox 722 2232 1125 2290; x_wconf 81' lang='lat' dir='ltr'>immissionem</span> <span class='ocrx_word' id='word_1_231' title='bbox 1165 2234 1540 2300; x_wconf 72' lang='lat' dir='ltr'>anteverterit,</span> <span class='ocrx_word' id='word_1_232' title='bbox 1576 2242 1629 2289; x_wconf 90' lang='lat' dir='ltr'>et</span> <span class='ocrx_word' id='word_1_233' title='bbox 1677 2248 1743 2289; x_wconf 86' lang='lat' dir='ltr'>ex</span> <span class='ocrx_word' id='word_1_234' title='bbox 1791 2244 2027 2303; x_wconf 83' lang='lat' dir='ltr'>eogra-</span> 
     </span>
     <span class='ocr_line' id='line_1_33' title="bbox 450 2320 2029 2396; baseline -0.001 -18"><span class='ocrx_word' id='word_1_235' title='bbox 450 2321 578 2378; x_wconf 76' lang='lat' dir='ltr'>vida</span> <span class='ocrx_word' id='word_1_236' title='bbox 617 2320 762 2378; x_wconf 75' lang='lat' dir='ltr'>facta</span> <span class='ocrx_word' id='word_1_237' title='bbox 794 2324 870 2381; x_wconf 89' lang='lat' dir='ltr'>sit</span> <span class='ocrx_word' id='word_1_238' title='bbox 910 2324 1130 2388; x_wconf 85' lang='lat' dir='ltr'>mulier,</span> <span class='ocrx_word' id='word_1_239' title='bbox 1176 2325 1306 2380; x_wconf 89' lang='lat' dir='ltr'>audi</span> <span class='ocrx_word' id='word_1_240' title='bbox 1339 2324 1471 2396; x_wconf 84' lang='lat' dir='ltr'>quid</span> <span class='ocrx_word' id='word_1_241' title='bbox 1521 2328 1742 2381; x_wconf 91' lang='lat' dir='ltr'>demum</span> <span class='ocrx_word' id='word_1_242' title='bbox 1791 2321 2029 2394; x_wconf 85' lang='lat' dir='ltr'>flagitio-</span> 
     </span>
     <span class='ocr_line' id='line_1_34' title="bbox 452 2414 2028 2488; baseline -0.001 -17"><span class='ocrx_word' id='word_1_243' title='bbox 452 2416 573 2472; x_wconf 85' lang='lat' dir='ltr'>sius</span> <span class='ocrx_word' id='word_1_244' title='bbox 592 2416 1002 2488; x_wconf 71' lang='lat' dir='ltr'>aggrediantur.</span> <span class='ocrx_word' id='word_1_245' title='bbox 1035 2415 1172 2473; x_wconf 82' lang='lat' dir='ltr'>Nam</span> <span class='ocrx_word' id='word_1_246' title='bbox 1209 2418 1500 2474; x_wconf 78' lang='lat' dir='ltr'>informem</span> <span class='ocrx_word' id='word_1_247' title='bbox 1538 2416 1720 2472; x_wconf 85' lang='lat' dir='ltr'>adbuc</span> <span class='ocrx_word' id='word_1_248' title='bbox 1762 2414 1933 2472; x_wconf 74' lang='lat' dir='ltr'>letum</span> <span class='ocrx_word' id='word_1_249' title='bbox 1959 2430 2028 2471; x_wconf 84' lang='lat' dir='ltr'>ex</span> 
     </span>
     <span class='ocr_line' id='line_1_35' title="bbox 451 2505 2024 2580; baseline -0.001 -20"><span class='ocrx_word' id='word_1_250' title='bbox 451 2512 614 2562; x_wconf 78' lang='lat' dir='ltr'>utero</span> <span class='ocrx_word' id='word_1_251' title='bbox 639 2505 970 2573; x_wconf 83' lang='lat' dir='ltr'>detractum,</span> <span class='ocrx_word' id='word_1_252' title='bbox 994 2522 1329 2580; x_wconf 82' lang='lat' dir='ltr'>quocunque</span> <span class='ocrx_word' id='word_1_253' title='bbox 1351 2508 1420 2565; x_wconf 89' lang='lat' dir='ltr'>iis</span> <span class='ocrx_word' id='word_1_254' title='bbox 1442 2516 1692 2580; x_wconf 85' lang='lat' dir='ltr'>tempore</span> <span class='ocrx_word' id='word_1_255' title='bbox 1711 2507 1889 2563; x_wconf 83' lang='lat' dir='ltr'>visum</span> <span class='ocrx_word' id='word_1_256' title='bbox 1916 2511 2024 2570; x_wconf 89' lang='lat' dir='ltr'>est,</span> 
     </span>
     <span class='ocr_line' id='line_1_36' title="bbox 449 2591 2030 2668; baseline -0.001 -18"><span class='ocrx_word' id='word_1_257' title='bbox 449 2591 740 2661; x_wconf 69' lang='lat' dir='ltr'>inflantem,</span> <span class='ocrx_word' id='word_1_258' title='bbox 770 2595 1017 2668; x_wconf 85' lang='lat' dir='ltr'>iuquam,</span> <span class='ocrx_word' id='word_1_259' title='bbox 1049 2597 1338 2654; x_wconf 84' lang='lat' dir='ltr'>abortione</span> <span class='ocrx_word' id='word_1_260' title='bbox 1375 2597 1679 2668; x_wconf 77' lang='lat' dir='ltr'>projectum</span> <span class='ocrx_word' id='word_1_261' title='bbox 1725 2594 1784 2650; x_wconf 89' lang='lat' dir='ltr'>in</span> <span class='ocrx_word' id='word_1_262' title='bbox 1831 2602 2030 2650; x_wconf 83' lang='lat' dir='ltr'>morta·</span> 
     </span>
     <span class='ocr_line' id='line_1_37' title="bbox 451 2679 2028 2757; baseline -0.001 -15"><span class='ocrx_word' id='word_1_263' title='bbox 451 2685 539 2742; x_wconf 80' lang='lat' dir='ltr'>rie</span> <span class='ocrx_word' id='word_1_264' title='bbox 568 2679 778 2757; x_wconf 67' lang='lat' dir='ltr'>pistillo</span> <span class='ocrx_word' id='word_1_265' title='bbox 805 2688 1065 2745; x_wconf 82' lang='lat' dir='ltr'>tundunt.</span> <span class='ocrx_word' id='word_1_266' title='bbox 1089 2686 1189 2745; x_wconf 90' lang='lat' dir='ltr'>Cui</span> <span class='ocrx_word' id='word_1_267' title='bbox 1212 2687 1282 2744; x_wconf 85' lang='lat' dir='ltr'>ad</span> <span class='ocrx_word' id='word_1_268' title='bbox 1310 2685 1593 2743; x_wconf 80' lang='lat' dir='ltr'>vitandam</span> <span class='ocrx_word' id='word_1_269' title='bbox 1622 2699 1886 2742; x_wconf 82' lang='lat' dir='ltr'>nauseam</span> <span class='ocrx_word' id='word_1_270' title='bbox 1915 2685 2028 2740; x_wconf 91' lang='lat' dir='ltr'>mel</span> 
     </span>
     <span class='ocr_line' id='line_1_38' title="bbox 453 2775 2030 2852; baseline -0.001 -18"><span class='ocrx_word' id='word_1_271' title='bbox 453 2793 519 2835; x_wconf 89' lang='lat' dir='ltr'>ac</span> <span class='ocrx_word' id='word_1_272' title='bbox 561 2779 719 2852; x_wconf 77' lang='lat' dir='ltr'>piper</span> <span class='ocrx_word' id='word_1_273' title='bbox 753 2793 880 2836; x_wconf 87' lang='lat' dir='ltr'>cum</span> <span class='ocrx_word' id='word_1_274' title='bbox 925 2779 1052 2837; x_wconf 82' lang='lat' dir='ltr'>aliis</span> <span class='ocrx_word' id='word_1_275' title='bbox 1094 2780 1437 2836; x_wconf 71' lang='lat' dir='ltr'>aromatibus</span> <span class='ocrx_word' id='word_1_276' title='bbox 1484 2785 1542 2835; x_wconf 88' lang='lat' dir='ltr'>et</span> <span class='ocrx_word' id='word_1_277' title='bbox 1588 2778 1883 2852; x_wconf 85' lang='lat' dir='ltr'>unguentis</span> <span class='ocrx_word' id='word_1_278' title='bbox 1926 2775 2030 2832; x_wconf 83' lang='lat' dir='ltr'>ad·-</span> 
     </span>
    </p>
   </div>
   <div class='ocr_carea' id='block_1_14' title="bbox 333 2870 2028 2944">
    <p class='ocr_par' dir='ltr' id='par_1_15' title="bbox 333 2870 2028 2944">
     <span class='ocr_line' id='line_1_39' title="bbox 333 2870 2028 2944; baseline -0.001 -21"><span class='ocrx_word' id='word_1_279' title='bbox 333 2913 343 2923; x_wconf 94' lang='lat'>.</span> <span class='ocrx_word' id='word_1_280' title='bbox 454 2872 709 2930; x_wconf 86' lang='lat' dir='ltr'>miscent.</span> <span class='ocrx_word' id='word_1_281' title='bbox 735 2871 878 2928; x_wconf 81' lang='lat' dir='ltr'>Tum</span> <span class='ocrx_word' id='word_1_282' title='bbox 925 2873 986 2928; x_wconf 88' lang='lat' dir='ltr'>in</span> <span class='ocrx_word' id='word_1_283' title='bbox 1025 2886 1198 2929; x_wconf 86' lang='lat' dir='ltr'>unum</span> <span class='ocrx_word' id='word_1_284' title='bbox 1235 2870 1472 2928; x_wconf 87' lang='lat' dir='ltr'>collecto</span> <span class='ocrx_word' id='word_1_285' title='bbox 1501 2885 1798 2944; x_wconf 82' lang='lat' dir='ltr'>porcorum</span> <span class='ocrx_word' id='word_1_286' title='bbox 1833 2883 1898 2924; x_wconf 89' lang='lat' dir='ltr'>ac</span> <span class='ocrx_word' id='word_1_287' title='bbox 1929 2883 2028 2923; x_wconf 88' lang='lat' dir='ltr'>ca-</span> 
     </span>
    </p>
   </div>
   <div class='ocr_carea' id='block_1_15' title="bbox 452 2940 2032 3314">
    <p class='ocr_par' dir='ltr' id='par_1_16' title="bbox 452 2940 2032 3314">
     <span class='ocr_line' id='line_1_40' title="bbox 453 2940 2030 3035; baseline -0.004 -15"><span class='ocrx_word' id='word_1_288' title='bbox 453 2978 585 3020; x_wconf 87' lang='lat' dir='ltr'>num</span> <span class='ocrx_word' id='word_1_289' title='bbox 615 2940 895 3032; x_wconf 77' lang='lat' dir='ltr'>sodalitio,</span> <span class='ocrx_word' id='word_1_290' title='bbox 922 2966 1306 3035; x_wconf 81' lang='lat' dir='ltr'>unusquisqne</span> <span class='ocrx_word' id='word_1_291' title='bbox 1340 2977 1374 3018; x_wconf 90' lang='lat' dir='ltr'>e</span> <span class='ocrx_word' id='word_1_292' title='bbox 1401 2961 1743 3019; x_wconf 90' lang='lat' dir='ltr'>comminuto</span> <span class='ocrx_word' id='word_1_293' title='bbox 1773 2958 2030 3017; x_wconf 79' lang='lat' dir='ltr'>infantuli</span> 
     </span>
     <span class='ocr_line' id='line_1_41' title="bbox 452 3051 2029 3127; baseline -0.002 -17"><span class='ocrx_word' id='word_1_294' title='bbox 452 3056 782 3126; x_wconf 84' lang='lat' dir='ltr'>corpusculo</span> <span class='ocrx_word' id='word_1_295' title='bbox 812 3056 988 3127; x_wconf 86' lang='lat' dir='ltr'>digito</span> <span class='ocrx_word' id='word_1_296' title='bbox 1023 3055 1250 3112; x_wconf 86' lang='lat' dir='ltr'>delibat.</span> <span class='ocrx_word' id='word_1_297' title='bbox 1307 3052 1402 3109; x_wconf 87' lang='lat' dir='ltr'>Sic</span> <span class='ocrx_word' id='word_1_298' title='bbox 1446 3053 1708 3110; x_wconf 84' lang='lat' dir='ltr'>humanis</span> <span class='ocrx_word' id='word_1_299' title='bbox 1760 3051 2029 3109; x_wconf 84' lang='lat' dir='ltr'>carnibus</span> 
     </span>
     <span class='ocr_line' id='line_1_42' title="bbox 454 3145 2032 3219; baseline -0.003 -15"><span class='ocrx_word' id='word_1_300' title='bbox 454 3147 598 3219; x_wconf 88' lang='lat' dir='ltr'>pasti</span> <span class='ocrx_word' id='word_1_301' title='bbox 642 3146 713 3203; x_wconf 89' lang='lat' dir='ltr'>ad</span> <span class='ocrx_word' id='word_1_302' title='bbox 756 3147 1026 3204; x_wconf 88' lang='lat' dir='ltr'>orandum</span> <span class='ocrx_word' id='word_1_303' title='bbox 1067 3146 1240 3202; x_wconf 85' lang='lat' dir='ltr'>Deum</span> <span class='ocrx_word' id='word_1_304' title='bbox 1276 3160 1402 3203; x_wconf 86' lang='lat' dir='ltr'>sese</span> <span class='ocrx_word' id='word_1_305' title='bbox 1449 3151 1797 3202; x_wconf 85' lang='lat' dir='ltr'>convertunt.</span> <span class='ocrx_word' id='word_1_306' title='bbox 1833 3145 1901 3201; x_wconf 87' lang='lat' dir='ltr'>Et</span> <span class='ocrx_word' id='word_1_307' title='bbox 1935 3158 2032 3200; x_wconf 92' lang='lat' dir='ltr'>cu-</span> 
     </span>
     <span class='ocr_line' id='line_1_43' title="bbox 454 3239 2027 3314; baseline 0 -18"><span class='ocrx_word' id='word_1_308' title='bbox 454 3240 728 3314; x_wconf 83' lang='lat' dir='ltr'>piditatis.</span> <span class='ocrx_word' id='word_1_309' title='bbox 782 3241 1078 3313; x_wconf 87' lang='lat' dir='ltr'>inquiunt,</span> <span class='ocrx_word' id='word_1_310' title='bbox 1137 3243 1398 3314; x_wconf 81' lang='lat' dir='ltr'>princeps</span> <span class='ocrx_word' id='word_1_311' title='bbox 1462 3254 1811 3312; x_wconf 87' lang='lat' dir='ltr'>nequaquam</span> <span class='ocrx_word' id='word_1_312' title='bbox 1867 3239 2027 3296; x_wconf 88' lang='lat' dir='ltr'>nobis</span> 
     </span>
    </p>
   </div>
   <div class='ocr_carea' id='block_1_16' title="bbox 2128 2052 3717 2134">
    <p class='ocr_par' dir='ltr' id='par_1_17' title="bbox 2128 2052 3717 2134">
     <span class='ocr_line' id='line_1_44' title="bbox 2128 2052 3717 2134; baseline -0.002 -20"><span class='ocrx_word' id='word_1_313' title='bbox 2128 2061 2204 2134; x_wconf 80' lang='grc' dir='ltr'>μὴ</span> <span class='ocrx_word' id='word_1_314' title='bbox 2251 2061 2331 2124; x_wconf 89' lang='grc' dir='ltr'>είς</span> <span class='ocrx_word' id='word_1_315' title='bbox 2359 2057 2707 2128; x_wconf 88' lang='grc' dir='ltr'><strong>τεκνογονίαν</strong></span> <span class='ocrx_word' id='word_1_316' title='bbox 2760 2055 3224 2127; x_wconf 77' lang='grc' dir='ltr'><strong>καταὸαλλόμενοι</strong></span> <span class='ocrx_word' id='word_1_317' title='bbox 3248 2094 3265 2120; x_wconf 92' lang='grc'><strong>,</strong></span> <span class='ocrx_word' id='word_1_318' title='bbox 3301 2052 3440 2108; x_wconf 79' lang='grc' dir='ltr'><strong>ἀλλά</strong></span> <span class='ocrx_word' id='word_1_319' title='bbox 3466 2055 3629 2110; x_wconf 69' lang='grc' dir='ltr'><strong>αὐτοὶ</strong></span> <span class='ocrx_word' id='word_1_320' title='bbox 3655 2057 3717 2112; x_wconf 64' lang='lat' dir='ltr'>sb</span> 
     </span>
    </p>
   </div>
   <div class='ocr_carea' id='block_1_17' title="bbox 2123 2143 3717 2309">
    <p class='ocr_par' dir='ltr' id='par_1_18' title="bbox 2123 2143 3717 2309">
     <span class='ocr_line' id='line_1_45' title="bbox 2123 2143 3714 2222; baseline -0.006 -17"><span class='ocrx_word' id='word_1_321' title='bbox 2123 2151 2224 2222; x_wconf 82' lang='grc' dir='ltr'>τῆς</span> <span class='ocrx_word' id='word_1_322' title='bbox 2271 2147 2625 2220; x_wconf 86' lang='grc' dir='ltr'><strong>αίσχρότητος</strong></span> <span class='ocrx_word' id='word_1_323' title='bbox 2670 2145 2961 2210; x_wconf 81' lang='grc' dir='ltr'><strong>ἐσθίοντες.</strong></span> <span class='ocrx_word' id='word_1_324' title='bbox 3010 2144 3135 2200; x_wconf 84' lang='grc' dir='ltr'>Ἐὰν</span> <span class='ocrx_word' id='word_1_325' title='bbox 3184 2143 3241 2198; x_wconf 84' lang='grc' dir='ltr'>δὲ</span> <span class='ocrx_word' id='word_1_326' title='bbox 3277 2143 3371 2197; x_wconf 75' lang='grc' dir='ltr'>καὶ</span> <span class='ocrx_word' id='word_1_327' title='bbox 3419 2143 3714 2218; x_wconf 67' lang='grc' dir='ltr'><strong>προληφδῃ</strong></span> 
     </span>
     <span class='ocr_line' id='line_1_46' title="bbox 2123 2233 3717 2309; baseline -0.006 -13"><span class='ocrx_word' id='word_1_328' title='bbox 2123 2259 2210 2307; x_wconf 91' lang='grc' dir='ltr'>τις</span> <span class='ocrx_word' id='word_1_329' title='bbox 2254 2240 2432 2295; x_wconf 81' lang='grc' dir='ltr'><strong>αὐτῶν</strong></span> <span class='ocrx_word' id='word_1_330' title='bbox 2489 2240 2926 2309; x_wconf 72' lang='grc' dir='ltr'><strong>ἐγκατασπεῖραι</strong></span> <span class='ocrx_word' id='word_1_331' title='bbox 2962 2235 3063 2307; x_wconf 78' lang='grc' dir='ltr'>τὴν</span> <span class='ocrx_word' id='word_1_332' title='bbox 3098 2233 3404 2306; x_wconf 75' lang='grc' dir='ltr'><strong>καταδολὴν</strong></span> <span class='ocrx_word' id='word_1_333' title='bbox 3432 2233 3538 2307; x_wconf 80' lang='grc' dir='ltr'>τῆς</span> <span class='ocrx_word' id='word_1_334' title='bbox 3572 2236 3717 2292; x_wconf 76' lang='grc' dir='ltr'><strong>κατὰ</strong></span> 
     </span>
    </p>
   </div>
   <div class='ocr_carea' id='block_1_18' title="bbox 2125 2327 3721 3316">
    <p class='ocr_par' dir='ltr' id='par_1_19' title="bbox 2125 2327 3721 3316">
     <span class='ocr_line' id='line_1_47' title="bbox 2127 2327 3710 2407; baseline -0.008 -17"><span class='ocrx_word' id='word_1_335' title='bbox 2127 2333 2289 2407; x_wconf 79' lang='grc' dir='ltr'><strong>φύσιν</strong></span> <span class='ocrx_word' id='word_1_336' title='bbox 2340 2330 2520 2388; x_wconf 79' lang='grc' dir='ltr'><strong>αὐτῶν</strong></span> <span class='ocrx_word' id='word_1_337' title='bbox 2569 2330 2903 2403; x_wconf 77' lang='grc' dir='ltr'><strong>ἀπορροίας,</strong></span> <span class='ocrx_word' id='word_1_338' title='bbox 2938 2328 3033 2383; x_wconf 70' lang='grc' dir='ltr'>καὶ</span> <span class='ocrx_word' id='word_1_339' title='bbox 3068 2327 3421 2401; x_wconf 74' lang='grc' dir='ltr'><strong>ὲγκυμονησῃ</strong></span> <span class='ocrx_word' id='word_1_340' title='bbox 3457 2329 3494 2401; x_wconf 77' lang='grc' dir='ltr'>ὴ</span> <span class='ocrx_word' id='word_1_341' title='bbox 3552 2328 3710 2402; x_wconf 65' lang='grc' dir='ltr'><strong>γυνὴ,</strong></span> 
     </span>
     <span class='ocr_line' id='line_1_48' title="bbox 2125 2415 3715 2491; baseline -0.001 -18"><span class='ocrx_word' id='word_1_342' title='bbox 2125 2420 2177 2474; x_wconf 90' lang='grc' dir='ltr'>τί</span> <span class='ocrx_word' id='word_1_343' title='bbox 2199 2418 2497 2491; x_wconf 85' lang='grc' dir='ltr'><strong>δεινότερον</strong></span> <span class='ocrx_word' id='word_1_344' title='bbox 2527 2417 2797 2489; x_wconf 62' lang='grc' dir='ltr'><strong>τολμῖισιν</strong></span> <span class='ocrx_word' id='word_1_345' title='bbox 2820 2418 2869 2470; x_wconf 87' lang='grc' dir='ltr'>οί</span> <span class='ocrx_word' id='word_1_346' title='bbox 2892 2415 3122 2469; x_wconf 84' lang='grc' dir='ltr'><strong>τοιοῦτοι</strong></span> <span class='ocrx_word' id='word_1_347' title='bbox 3145 2453 3161 2480; x_wconf 90' lang='grc'><strong>,</strong></span> <span class='ocrx_word' id='word_1_348' title='bbox 3196 2415 3381 2470; x_wconf 78' lang='grc' dir='ltr'><strong>ἄκουε.</strong></span> <span class='ocrx_word' id='word_1_349' title='bbox 3410 2417 3715 2472; x_wconf 63' lang='lat' dir='ltr'>Ratae-nd·</span> 
     </span>
     <span class='ocr_line' id='line_1_49' title="bbox 2128 2506 3721 2583; baseline -0.003 -17"><span class='ocrx_word' id='word_1_350' title='bbox 2128 2527 2320 2576; x_wconf 88' lang='grc' dir='ltr'><strong>σαντες</strong></span> <span class='ocrx_word' id='word_1_351' title='bbox 2363 2509 2473 2582; x_wconf 79' lang='grc' dir='ltr'><strong>γὰρ</strong></span> <span class='ocrx_word' id='word_1_352' title='bbox 2517 2508 2579 2563; x_wconf 81' lang='grc' dir='ltr'>τὸ</span> <span class='ocrx_word' id='word_1_353' title='bbox 2624 2507 2860 2581; x_wconf 75' lang='grc' dir='ltr'><strong>ἔμδρυον</strong></span> <span class='ocrx_word' id='word_1_354' title='bbox 2908 2506 3085 2580; x_wconf 81' lang='grc' dir='ltr'><strong>καιρῷ</strong></span> <span class='ocrx_word' id='word_1_355' title='bbox 3125 2506 3226 2579; x_wconf 74' lang='grc' dir='ltr'>οἴῳ</span> <span class='ocrx_word' id='word_1_356' title='bbox 3255 2507 3302 2561; x_wconf 77' lang='grc' dir='ltr'>δ’</span> <span class='ocrx_word' id='word_1_357' title='bbox 3332 2506 3399 2563; x_wconf 80' lang='grc' dir='ltr'>ἀν</span> <span class='ocrx_word' id='word_1_358' title='bbox 3430 2507 3721 2583; x_wconf 71' lang='grc' dir='ltr'><strong>ἐπιχειρή-</strong></span> 
     </span>
     <span class='ocr_line' id='line_1_50' title="bbox 2130 2598 3719 2675; baseline -0.001 -16"><span class='ocrx_word' id='word_1_359' title='bbox 2130 2620 2266 2659; x_wconf 88' lang='grc' dir='ltr'><strong>σωσι</strong></span> <span class='ocrx_word' id='word_1_360' title='bbox 2289 2641 2307 2670; x_wconf 92' lang='grc'><strong>,</strong></span> <span class='ocrx_word' id='word_1_361' title='bbox 2356 2601 2725 2675; x_wconf 79' lang='grc' dir='ltr'><strong>λαμὸάνουσιν</strong></span> <span class='ocrx_word' id='word_1_362' title='bbox 2772 2599 3044 2674; x_wconf 84' lang='grc' dir='ltr'><strong>ὲκτρωθὲν</strong></span> <span class='ocrx_word' id='word_1_363' title='bbox 3086 2599 3246 2656; x_wconf 82' lang='grc' dir='ltr'><strong>τοῦτο</strong></span> <span class='ocrx_word' id='word_1_364' title='bbox 3274 2600 3337 2655; x_wconf 78' lang='grc' dir='ltr'>τὸ</span> <span class='ocrx_word' id='word_1_365' title='bbox 3376 2598 3577 2673; x_wconf 77' lang='grc' dir='ltr'><strong>βρέφος</strong></span> <span class='ocrx_word' id='word_1_366' title='bbox 3602 2643 3620 2669; x_wconf 88' lang='grc'><strong>,</strong></span> <span class='ocrx_word' id='word_1_367' title='bbox 3654 2604 3719 2657; x_wconf 70' lang='grc' dir='ltr'>ἐν</span> 
     </span>
     <span class='ocr_line' id='line_1_51' title="bbox 2126 2686 3718 2767; baseline -0.004 -19"><span class='ocrx_word' id='word_1_368' title='bbox 2126 2692 2278 2767; x_wconf 72' lang='grc' dir='ltr'><strong>ὅλμῳ</strong></span> <span class='ocrx_word' id='word_1_369' title='bbox 2333 2692 2444 2749; x_wconf 74' lang='grc' dir='ltr'><strong>τινὶ</strong></span> <span class='ocrx_word' id='word_1_370' title='bbox 2496 2690 2788 2748; x_wconf 86' lang='grc' dir='ltr'><strong>κόπτουσιν</strong></span> <span class='ocrx_word' id='word_1_371' title='bbox 2826 2689 3042 2762; x_wconf 77' lang='grc' dir='ltr'><strong>ὑπέρῳ,</strong></span> <span class='ocrx_word' id='word_1_372' title='bbox 3095 2688 3192 2744; x_wconf 71' lang='grc' dir='ltr'>καὶ</span> <span class='ocrx_word' id='word_1_373' title='bbox 3240 2686 3718 2760; x_wconf 77' lang='grc' dir='ltr'><strong>ὲγκαταμίξαντες</strong></span> 
     </span>
     <span class='ocr_line' id='line_1_52' title="bbox 2130 2775 3698 2859; baseline -0.01 -19"><span class='ocrx_word' id='word_1_374' title='bbox 2130 2785 2253 2859; x_wconf 81' lang='grc' dir='ltr'><strong>μέλι</strong></span> <span class='ocrx_word' id='word_1_375' title='bbox 2286 2786 2382 2841; x_wconf 72' lang='grc' dir='ltr'>καὶ</span> <span class='ocrx_word' id='word_1_376' title='bbox 2404 2785 2624 2858; x_wconf 79' lang='grc' dir='ltr'><strong>πέπερι,</strong></span> <span class='ocrx_word' id='word_1_377' title='bbox 2660 2782 2755 2837; x_wconf 72' lang='grc' dir='ltr'>καὶ</span> <span class='ocrx_word' id='word_1_378' title='bbox 2786 2781 2923 2837; x_wconf 77' lang='grc' dir='ltr'><strong>ἄλλα</strong></span> <span class='ocrx_word' id='word_1_379' title='bbox 2951 2779 3076 2837; x_wconf 77' lang='grc' dir='ltr'><strong>τινὰ</strong></span> <span class='ocrx_word' id='word_1_380' title='bbox 3097 2779 3378 2854; x_wconf 77' lang='grc' dir='ltr'><strong>ἀρώματα,</strong></span> <span class='ocrx_word' id='word_1_381' title='bbox 3407 2778 3496 2830; x_wconf 78' lang='grc' dir='ltr'>καί</span> <span class='ocrx_word' id='word_1_382' title='bbox 3521 2775 3698 2847; x_wconf 82' lang='grc' dir='ltr'><strong>μύρα,</strong></span> 
     </span>
     <span class='ocr_line' id='line_1_53' title="bbox 2128 2865 3699 2951; baseline -0.01 -18"><span class='ocrx_word' id='word_1_383' title='bbox 2128 2877 2267 2951; x_wconf 75' lang='grc' dir='ltr'><strong>πρὸς</strong></span> <span class='ocrx_word' id='word_1_384' title='bbox 2290 2878 2352 2933; x_wconf 81' lang='grc' dir='ltr'>τὸ</span> <span class='ocrx_word' id='word_1_385' title='bbox 2376 2877 2451 2950; x_wconf 78' lang='grc' dir='ltr'>μὴ</span> <span class='ocrx_word' id='word_1_386' title='bbox 2471 2877 2694 2948; x_wconf 73' lang='grc' dir='ltr'><strong>ναυτιᾷν</strong></span> <span class='ocrx_word' id='word_1_387' title='bbox 2726 2874 2924 2939; x_wconf 77' lang='grc' dir='ltr'><strong>αὐτοὺς</strong></span> <span class='ocrx_word' id='word_1_388' title='bbox 2947 2912 2962 2938; x_wconf 89' lang='grc'><strong>,</strong></span> <span class='ocrx_word' id='word_1_389' title='bbox 2997 2871 3171 2938; x_wconf 78' lang='grc' dir='ltr'><strong>οὕτως</strong></span> <span class='ocrx_word' id='word_1_390' title='bbox 3197 2867 3533 2943; x_wconf 77' lang='grc' dir='ltr'><strong>συναχθέντες</strong></span> <span class='ocrx_word' id='word_1_391' title='bbox 3560 2865 3699 2921; x_wconf 84' lang='grc' dir='ltr'><strong>πάν-</strong></span> 
     </span>
     <span class='ocr_line' id='line_1_54' title="bbox 2127 2954 3707 3041; baseline -0.009 -17"><span class='ocrx_word' id='word_1_392' title='bbox 2127 2987 2219 3035; x_wconf 87' lang='grc' dir='ltr'>τες</span> <span class='ocrx_word' id='word_1_393' title='bbox 2267 2969 2319 3022; x_wconf 88' lang='grc' dir='ltr'>οί</span> <span class='ocrx_word' id='word_1_394' title='bbox 2356 2965 2499 3041; x_wconf 65' lang='grc' dir='ltr'><strong>[τῆς]</strong></span> <span class='ocrx_word' id='word_1_395' title='bbox 2532 2966 2638 3021; x_wconf 83' lang='grc' dir='ltr'>τῶν</span> <span class='ocrx_word' id='word_1_396' title='bbox 2669 2963 2870 3038; x_wconf 79' lang='grc' dir='ltr'><strong>χοίρων</strong></span> <span class='ocrx_word' id='word_1_397' title='bbox 2905 2963 3111 3020; x_wconf 88' lang='grc' dir='ltr'><strong>τούτων</strong></span> <span class='ocrx_word' id='word_1_398' title='bbox 3167 2965 3261 3020; x_wconf 73' lang='grc' dir='ltr'>καὶ</span> <span class='ocrx_word' id='word_1_399' title='bbox 3287 2957 3461 3018; x_wconf 69' lang='grc' dir='ltr'><strong>κυνῶν</strong></span> <span class='ocrx_word' id='word_1_400' title='bbox 3497 2954 3707 3013; x_wconf 65' lang='grc' dir='ltr'><strong>θιασῶ-</strong></span> 
     </span>
     <span class='ocr_line' id='line_1_55' title="bbox 2125 3046 3715 3132; baseline -0.008 -16"><span class='ocrx_word' id='word_1_401' title='bbox 2125 3078 2239 3126; x_wconf 87' lang='grc' dir='ltr'><strong>ται,</strong></span> <span class='ocrx_word' id='word_1_402' title='bbox 2283 3057 2787 3132; x_wconf 61' lang='grc' dir='ltr'><strong>μεταλαμβάνουσιν</strong></span> <span class='ocrx_word' id='word_1_403' title='bbox 2824 3056 3058 3120; x_wconf 75' lang='grc' dir='ltr'><strong>ἓκαστος</strong></span> <span class='ocrx_word' id='word_1_404' title='bbox 3088 3055 3166 3126; x_wconf 82' lang='grc' dir='ltr'>τῷ</span> <span class='ocrx_word' id='word_1_405' title='bbox 3202 3053 3447 3126; x_wconf 74' lang='grc' dir='ltr'><strong>δακτύλῳ</strong></span> <span class='ocrx_word' id='word_1_406' title='bbox 3470 3049 3580 3106; x_wconf 72' lang='grc' dir='ltr'>ἀπὸ</span> <span class='ocrx_word' id='word_1_407' title='bbox 3609 3046 3715 3104; x_wconf 84' lang='grc' dir='ltr'>τοῦ</span> 
     </span>
     <span class='ocr_line' id='line_1_56' title="bbox 2128 3140 3718 3215; baseline -0.008 -6"><span class='ocrx_word' id='word_1_408' title='bbox 2128 3150 2526 3215; x_wconf 76' lang='grc' dir='ltr'><strong>κατακοπέντας</strong></span> <span class='ocrx_word' id='word_1_409' title='bbox 2552 3149 2789 3204; x_wconf 80' lang='grc' dir='ltr'><strong>παιδίου.</strong></span> <span class='ocrx_word' id='word_1_410' title='bbox 2814 3150 2926 3204; x_wconf 74' lang='grc' dir='ltr'>Καὶ</span> <span class='ocrx_word' id='word_1_411' title='bbox 2948 3147 3113 3210; x_wconf 75' lang='grc' dir='ltr'><strong>οὕτως</strong></span> <span class='ocrx_word' id='word_1_412' title='bbox 3131 3145 3230 3215; x_wconf 83' lang='grc' dir='ltr'>τὴν</span> <span class='ocrx_word' id='word_1_413' title='bbox 3253 3140 3718 3215; x_wconf 74' lang='grc' dir='ltr'><strong>ἀνθρωποόορίαν</strong></span> 
     </span>
     <span class='ocr_line' id='line_1_57' title="bbox 2129 3230 3719 3316; baseline -0.007 -17"><span class='ocrx_word' id='word_1_414' title='bbox 2129 3244 2573 3316; x_wconf 78' lang='grc' dir='ltr'><strong>ἀπεργασάμενοι</strong></span> <span class='ocrx_word' id='word_1_415' title='bbox 2598 3283 2613 3308; x_wconf 94' lang='grc'><strong>,</strong></span> <span class='ocrx_word' id='word_1_416' title='bbox 2664 3239 2915 3313; x_wconf 73' lang='grc' dir='ltr'><strong>εὔχονται</strong></span> <span class='ocrx_word' id='word_1_417' title='bbox 2945 3236 3123 3296; x_wconf 74' lang='grc' dir='ltr'><strong>λοιπδν</strong></span> <span class='ocrx_word' id='word_1_418' title='bbox 3151 3233 3229 3308; x_wconf 78' lang='grc' dir='ltr'>τῷ</span> <span class='ocrx_word' id='word_1_419' title='bbox 3276 3230 3442 3306; x_wconf 61' lang='grc' dir='ltr'><strong>Θεῷ,</strong></span> <span class='ocrx_word' id='word_1_420' title='bbox 3461 3233 3553 3288; x_wconf 75' lang='grc' dir='ltr'>ὅτι</span> <span class='ocrx_word' id='word_1_421' title='bbox 3585 3233 3719 3288; x_wconf 77' lang='grc' dir='ltr'><strong>Οὐκ</strong></span> 
     </span>
    </p>
   </div>
   <div class='ocr_carea' id='block_1_19' title="bbox 454 3326 3722 3409">
    <p class='ocr_par' dir='ltr' id='par_1_20' title="bbox 454 3326 3722 3409">
     <span class='ocr_line' id='line_1_58' title="bbox 454 3326 3722 3409; baseline -0.002 -19"><span class='ocrx_word' id='word_1_422' title='bbox 454 3336 627 3395; x_wconf 81' lang='lat' dir='ltr'>illusit</span> <span class='ocrx_word' id='word_1_423' title='bbox 650 3354 667 3403; x_wconf 85' lang='grc'><strong>;</strong></span> <span class='ocrx_word' id='word_1_424' title='bbox 689 3334 786 3393; x_wconf 85' lang='lat' dir='ltr'>sed</span> <span class='ocrx_word' id='word_1_425' title='bbox 809 3336 956 3408; x_wconf 87' lang='lat' dir='ltr'>quod</span> <span class='ocrx_word' id='word_1_426' title='bbox 979 3336 1261 3393; x_wconf 80' lang='lat' dir='ltr'>exciderat</span> <span class='ocrx_word' id='word_1_427' title='bbox 1283 3334 1439 3391; x_wconf 75' lang='lat' dir='ltr'>fratri</span> <span class='ocrx_word' id='word_1_428' title='bbox 1461 3344 1655 3392; x_wconf 89' lang='lat' dir='ltr'>nostro</span> <span class='ocrx_word' id='word_1_429' title='bbox 1682 3333 2026 3406; x_wconf 77' lang='lat' dir='ltr'>collegimus.</span> <span class='ocrx_word' id='word_1_430' title='bbox 2053 3329 2097 3387; x_wconf 88' lang='lat' dir='ltr'>C</span> <span class='ocrx_word' id='word_1_431' title='bbox 2130 3337 2529 3409; x_wconf 79' lang='grc' dir='ltr'><strong>ὲνεπαίχθημεν</strong></span> <span class='ocrx_word' id='word_1_432' title='bbox 2556 3375 2573 3402; x_wconf 98' lang='grc'><strong>,</strong></span> <span class='ocrx_word' id='word_1_433' title='bbox 2607 3333 2792 3406; x_wconf 74' lang='grc' dir='ltr'><strong>φασὶν,</strong></span> <span class='ocrx_word' id='word_1_434' title='bbox 2828 3335 2935 3389; x_wconf 71' lang='grc' dir='ltr'><strong>ἀπὸ</strong></span> <span class='ocrx_word' id='word_1_435' title='bbox 2964 3332 3059 3388; x_wconf 82' lang='grc' dir='ltr'>τοῦ</span> <span class='ocrx_word' id='word_1_436' title='bbox 3089 3331 3340 3404; x_wconf 71' lang='grc' dir='ltr'><strong>ἄρχοντος</strong></span> <span class='ocrx_word' id='word_1_437' title='bbox 3365 3327 3468 3400; x_wconf 62' lang='grc' dir='ltr'>τῆς</span> <span class='ocrx_word' id='word_1_438' title='bbox 3514 3326 3722 3382; x_wconf 65' lang='grc' dir='ltr'><strong>ἐπιθυ-</strong></span> 
     </span>
    </p>
   </div>
   <div class='ocr_carea' id='block_1_20' title="bbox 453 3425 2035 4690">
    <p class='ocr_par' dir='ltr' id='par_1_21' title="bbox 453 3425 2035 4690">
     <span class='ocr_line' id='line_1_59' title="bbox 454 3425 2024 3499; baseline -0.003 -17"><span class='ocrx_word' id='word_1_439' title='bbox 454 3430 632 3498; x_wconf 77' lang='lat' dir='ltr'>Atque</span> <span class='ocrx_word' id='word_1_440' title='bbox 655 3427 710 3482; x_wconf 87' lang='lat' dir='ltr'>id</span> <span class='ocrx_word' id='word_1_441' title='bbox 736 3426 1040 3499; x_wconf 79' lang='lat' dir='ltr'>perlectum</span> <span class='ocrx_word' id='word_1_442' title='bbox 1061 3442 1186 3483; x_wconf 90' lang='lat' dir='ltr'>esse</span> <span class='ocrx_word' id='word_1_443' title='bbox 1202 3425 1419 3484; x_wconf 81' lang='lat' dir='ltr'>Pascha</span> <span class='ocrx_word' id='word_1_444' title='bbox 1441 3425 1661 3482; x_wconf 86' lang='lat' dir='ltr'>demum</span> <span class='ocrx_word' id='word_1_445' title='bbox 1684 3425 2024 3482; x_wconf 81' lang='lat' dir='ltr'>existimant.</span> 
     </span>
     <span class='ocr_line' id='line_1_60' title="bbox 454 3516 2027 3589; baseline -0.003 -15"><span class='ocrx_word' id='word_1_446' title='bbox 454 3517 661 3574; x_wconf 67' lang='lat' dir='ltr'>Praeter</span> <span class='ocrx_word' id='word_1_447' title='bbox 695 3519 813 3573; x_wconf 74' lang='lat' dir='ltr'>lmc</span> <span class='ocrx_word' id='word_1_448' title='bbox 868 3519 976 3574; x_wconf 84' lang='lat' dir='ltr'>alia</span> <span class='ocrx_word' id='word_1_449' title='bbox 1028 3518 1255 3589; x_wconf 88' lang='lat' dir='ltr'>insuper</span> <span class='ocrx_word' id='word_1_450' title='bbox 1300 3517 1423 3574; x_wconf 82' lang='lat' dir='ltr'>dira</span> <span class='ocrx_word' id='word_1_451' title='bbox 1474 3524 1640 3588; x_wconf 83' lang='lat' dir='ltr'>atque</span> <span class='ocrx_word' id='word_1_452' title='bbox 1683 3516 2027 3574; x_wconf 86' lang='lat' dir='ltr'>exsecranda</span> 
     </span>
     <span class='ocr_line' id='line_1_61' title="bbox 453 3605 2029 3665; baseline -0.003 0"><span class='ocrx_word' id='word_1_453' title='bbox 453 3608 828 3665; x_wconf 83' lang='lat' dir='ltr'>committunt.</span> <span class='ocrx_word' id='word_1_454' title='bbox 861 3605 1001 3662; x_wconf 89' lang='lat' dir='ltr'>Cum</span> <span class='ocrx_word' id='word_1_455' title='bbox 1048 3607 1195 3663; x_wconf 89' lang='lat' dir='ltr'>enim</span> <span class='ocrx_word' id='word_1_456' title='bbox 1235 3621 1433 3663; x_wconf 87' lang='lat' dir='ltr'>rursus</span> <span class='ocrx_word' id='word_1_457' title='bbox 1481 3607 1536 3662; x_wconf 90' lang='lat' dir='ltr'>in</span> <span class='ocrx_word' id='word_1_458' title='bbox 1572 3621 1633 3662; x_wconf 88' lang='lat' dir='ltr'>se</span> <span class='ocrx_word' id='word_1_459' title='bbox 1674 3611 1867 3661; x_wconf 87' lang='lat' dir='ltr'>mutuo</span> <span class='ocrx_word' id='word_1_460' title='bbox 1896 3605 2029 3660; x_wconf 87' lang='lat' dir='ltr'>bac-</span> 
     </span>
     <span class='ocr_line' id='line_1_62' title="bbox 456 3695 2028 3770; baseline -0.003 -15"><span class='ocrx_word' id='word_1_461' title='bbox 456 3699 612 3756; x_wconf 85' lang='lat' dir='ltr'>cbari</span> <span class='ocrx_word' id='word_1_462' title='bbox 647 3713 712 3754; x_wconf 88' lang='lat' dir='ltr'>ae</span> <span class='ocrx_word' id='word_1_463' title='bbox 773 3696 957 3755; x_wconf 74' lang='lat' dir='ltr'>furere</span> <span class='ocrx_word' id='word_1_464' title='bbox 1005 3697 1299 3770; x_wconf 83' lang='lat' dir='ltr'>coeperint,</span> <span class='ocrx_word' id='word_1_465' title='bbox 1350 3696 1626 3769; x_wconf 78' lang='lat' dir='ltr'>respersis</span> <span class='ocrx_word' id='word_1_466' title='bbox 1681 3695 2028 3768; x_wconf 83' lang='lat' dir='ltr'>spurcissimi</span> 
     </span>
     <span class='ocr_line' id='line_1_63' title="bbox 459 3788 2029 3862; baseline -0.003 -16"><span class='ocrx_word' id='word_1_467' title='bbox 459 3789 712 3848; x_wconf 83' lang='lat' dir='ltr'>humoris</span> <span class='ocrx_word' id='word_1_468' title='bbox 737 3789 1061 3862; x_wconf 75' lang='lat' dir='ltr'>prolusione</span> <span class='ocrx_word' id='word_1_469' title='bbox 1088 3789 1344 3846; x_wconf 87' lang='lat' dir='ltr'>manibus</span> <span class='ocrx_word' id='word_1_470' title='bbox 1368 3794 1734 3859; x_wconf 89' lang='lat' dir='ltr'>consurgunt,</span> <span class='ocrx_word' id='word_1_471' title='bbox 1757 3795 1923 3858; x_wconf 87' lang='lat' dir='ltr'>atque</span> <span class='ocrx_word' id='word_1_472' title='bbox 1952 3788 2029 3842; x_wconf 89' lang='lat' dir='ltr'>ita</span> 
     </span>
     <span class='ocr_line' id='line_1_64' title="bbox 456 3879 2025 3954; baseline -0.003 -16"><span class='ocrx_word' id='word_1_473' title='bbox 456 3881 694 3940; x_wconf 79' lang='lat' dir='ltr'>l&#39;oedatas</span> <span class='ocrx_word' id='word_1_474' title='bbox 724 3890 974 3954; x_wconf 77' lang='lat' dir='ltr'>gerentes</span> <span class='ocrx_word' id='word_1_475' title='bbox 1001 3889 1117 3937; x_wconf 89' lang='lat' dir='ltr'>toto</span> <span class='ocrx_word' id='word_1_476' title='bbox 1149 3896 1381 3952; x_wconf 85' lang='lat' dir='ltr'>corpore</span> <span class='ocrx_word' id='word_1_477' title='bbox 1415 3879 1549 3937; x_wconf 85' lang='lat' dir='ltr'>nudi</span> <span class='ocrx_word' id='word_1_478' title='bbox 1576 3887 2025 3950; x_wconf 81' lang='lat' dir='ltr'>comprecantur.</span> 
     </span>
     <span class='ocr_line' id='line_1_65' title="bbox 458 3969 2034 4045; baseline -0.006 -13"><span class='ocrx_word' id='word_1_479' title='bbox 458 3983 606 4033; x_wconf 82' lang='lat' dir='ltr'>ntea</span> <span class='ocrx_word' id='word_1_480' title='bbox 630 3989 690 4030; x_wconf 88' lang='lat' dir='ltr'>re</span> <span class='ocrx_word' id='word_1_481' title='bbox 714 3973 979 4044; x_wconf 80' lang='lat' dir='ltr'>majorem</span> <span class='ocrx_word' id='word_1_482' title='bbox 1016 3972 1123 4030; x_wconf 82' lang='lat' dir='ltr'>sibi</span> <span class='ocrx_word' id='word_1_483' title='bbox 1171 3973 1316 4045; x_wconf 83' lang='lat' dir='ltr'>apud</span> <span class='ocrx_word' id='word_1_484' title='bbox 1349 3971 1520 4029; x_wconf 83' lang='lat' dir='ltr'>Deum</span> <span class='ocrx_word' id='word_1_485' title='bbox 1557 3969 1811 4026; x_wconf 81' lang='lat' dir='ltr'>fiduciam</span> <span class='ocrx_word' id='word_1_486' title='bbox 1842 3969 2034 4040; x_wconf 87' lang='lat' dir='ltr'>acqui·</span> 
     </span>
     <span class='ocr_line' id='line_1_66' title="bbox 456 4061 2033 4134; baseline -0.004 -11"><span class='ocrx_word' id='word_1_487' title='bbox 456 4073 607 4123; x_wconf 88' lang='lat' dir='ltr'>rant.</span> <span class='ocrx_word' id='word_1_488' title='bbox 637 4063 908 4121; x_wconf 80' lang='lat' dir='ltr'>Caeterum</span> <span class='ocrx_word' id='word_1_489' title='bbox 937 4064 997 4120; x_wconf 91' lang='lat' dir='ltr'>in</span> <span class='ocrx_word' id='word_1_490' title='bbox 1028 4063 1276 4119; x_wconf 85' lang='lat' dir='ltr'>curando</span> <span class='ocrx_word' id='word_1_491' title='bbox 1304 4078 1538 4134; x_wconf 87' lang='lat' dir='ltr'>corpore</span> <span class='ocrx_word' id='word_1_492' title='bbox 1569 4061 1687 4118; x_wconf 89' lang='lat' dir='ltr'>dies</span> <span class='ocrx_word' id='word_1_493' title='bbox 1731 4068 2033 4130; x_wconf 84' lang='lat' dir='ltr'>noctesque</span> 
     </span>
     <span class='ocr_line' id='line_1_67' title="bbox 457 4153 2031 4232; baseline -0.007 -16"><span class='ocrx_word' id='word_1_494' title='bbox 457 4160 669 4232; x_wconf 84' lang='lat' dir='ltr'>pariter</span> <span class='ocrx_word' id='word_1_495' title='bbox 696 4157 1038 4214; x_wconf 70' lang='lat' dir='ltr'>mulierculae</span> <span class='ocrx_word' id='word_1_496' title='bbox 1063 4166 1119 4212; x_wconf 91' lang='lat' dir='ltr'>et</span> <span class='ocrx_word' id='word_1_497' title='bbox 1147 4153 1549 4212; x_wconf 83' lang='lat' dir='ltr'>homunciones</span> <span class='ocrx_word' id='word_1_498' title='bbox 1573 4160 1941 4222; x_wconf 84' lang='lat' dir='ltr'>occupantur,</span> <span class='ocrx_word' id='word_1_499' title='bbox 1965 4165 2031 4205; x_wconf 88' lang='lat' dir='ltr'>ac</span> 
     </span>
     <span class='ocr_line' id='line_1_68' title="bbox 456 4231 2033 4321; baseline -0.008 -13"><span class='ocrx_word' id='word_1_500' title='bbox 456 4267 520 4308; x_wconf 81' lang='lat' dir='ltr'>se</span> <span class='ocrx_word' id='word_1_501' title='bbox 547 4258 604 4307; x_wconf 91' lang='lat' dir='ltr'>et</span> <span class='ocrx_word' id='word_1_502' title='bbox 636 4255 916 4321; x_wconf 88' lang='lat' dir='ltr'>unguento</span> <span class='ocrx_word' id='word_1_503' title='bbox 938 4247 1299 4319; x_wconf 79' lang='lat' dir='ltr'>perfundunt.</span> <span class='ocrx_word' id='word_1_504' title='bbox 1325 4254 1380 4304; x_wconf 87' lang='lat' dir='ltr'>et</span> <span class='ocrx_word' id='word_1_505' title='bbox 1422 4245 1629 4312; x_wconf 80' lang='lat' dir='ltr'>lavant,</span> <span class='ocrx_word' id='word_1_506' title='bbox 1676 4251 1733 4300; x_wconf 90' lang='lat' dir='ltr'>et</span> <span class='ocrx_word' id='word_1_507' title='bbox 1778 4231 2033 4299; x_wconf 79' lang='lat' dir='ltr'>convivia</span> 
     </span>
     <span class='ocr_line' id='line_1_69' title="bbox 458 4335 2033 4408; baseline -0.003 -12"><span class='ocrx_word' id='word_1_508' title='bbox 458 4341 768 4407; x_wconf 86' lang='lat' dir='ltr'>celebrant,</span> <span class='ocrx_word' id='word_1_509' title='bbox 803 4347 860 4396; x_wconf 89' lang='lat' dir='ltr'>et</span> <span class='ocrx_word' id='word_1_510' title='bbox 877 4338 1129 4397; x_wconf 87' lang='lat' dir='ltr'>ebrietati</span> <span class='ocrx_word' id='word_1_511' title='bbox 1161 4354 1227 4396; x_wconf 88' lang='lat' dir='ltr'>ac</span> <span class='ocrx_word' id='word_1_512' title='bbox 1261 4337 1460 4395; x_wconf 85' lang='lat' dir='ltr'>Veneri</span> <span class='ocrx_word' id='word_1_513' title='bbox 1489 4335 1796 4408; x_wconf 75' lang='lat' dir='ltr'>indulgent,</span> <span class='ocrx_word' id='word_1_514' title='bbox 1828 4350 2033 4405; x_wconf 88' lang='lat' dir='ltr'>eosque</span> 
     </span>
     <span class='ocr_line' id='line_1_70' title="bbox 458 4427 2034 4505; baseline -0.003 -16"><span class='ocrx_word' id='word_1_515' title='bbox 458 4432 557 4505; x_wconf 84' lang='lat' dir='ltr'>qui</span> <span class='ocrx_word' id='word_1_516' title='bbox 590 4431 846 4504; x_wconf 75' lang='lat' dir='ltr'>ieiunant</span> <span class='ocrx_word' id='word_1_517' title='bbox 874 4438 1261 4488; x_wconf 85' lang='lat' dir='ltr'>exsecrantur.</span> <span class='ocrx_word' id='word_1_518' title='bbox 1303 4428 1518 4502; x_wconf 80' lang='lat' dir='ltr'>Negant</span> <span class='ocrx_word' id='word_1_519' title='bbox 1547 4427 1696 4484; x_wconf 87' lang='lat' dir='ltr'>enim</span> <span class='ocrx_word' id='word_1_520' title='bbox 1723 4441 1847 4484; x_wconf 84' lang='lat' dir='ltr'>esse</span> <span class='ocrx_word' id='word_1_521' title='bbox 1889 4427 2034 4499; x_wconf 77' lang='lat' dir='ltr'>jein-‚-</span> 
     </span>
     <span class='ocr_line' id='line_1_71' title="bbox 461 4518 2035 4595; baseline -0.004 -14"><span class='ocrx_word' id='word_1_522' title='bbox 461 4524 725 4589; x_wconf 88' lang='lat' dir='ltr'>nandnm,</span> <span class='ocrx_word' id='word_1_523' title='bbox 755 4523 905 4595; x_wconf 85' lang='lat' dir='ltr'>quod</span> <span class='ocrx_word' id='word_1_524' title='bbox 933 4524 1002 4579; x_wconf 84' lang='lat' dir='ltr'>ad</span> <span class='ocrx_word' id='word_1_525' title='bbox 1034 4523 1200 4593; x_wconf 82' lang='lat' dir='ltr'>hujus</span> <span class='ocrx_word' id='word_1_526' title='bbox 1229 4521 1416 4579; x_wconf 65' lang='lat' dir='ltr'>saculi</span> <span class='ocrx_word' id='word_1_527' title='bbox 1449 4518 1791 4578; x_wconf 86' lang='lat' dir='ltr'>conditorem</span> <span class='ocrx_word' id='word_1_528' title='bbox 1824 4518 2035 4590; x_wconf 87' lang='lat' dir='ltr'>princi-</span> 
     </span>
     <span class='ocr_line' id='line_1_72' title="bbox 461 4599 2034 4690; baseline -0.004 -16"><span class='ocrx_word' id='word_1_529' title='bbox 461 4633 584 4690; x_wconf 85' lang='lat' dir='ltr'>pem</span> <span class='ocrx_word' id='word_1_530' title='bbox 606 4615 881 4689; x_wconf 78' lang='lat' dir='ltr'>jejunium</span> <span class='ocrx_word' id='word_1_531' title='bbox 911 4615 1217 4687; x_wconf 65' lang='lat' dir='ltr'>pertineam</span> <span class='ocrx_word' id='word_1_532' title='bbox 1242 4614 1356 4671; x_wconf 84' lang='lat' dir='ltr'>itno</span> <span class='ocrx_word' id='word_1_533' title='bbox 1386 4613 1650 4671; x_wconf 71' lang='lat' dir='ltr'>aliumnto</span> <span class='ocrx_word' id='word_1_534' title='bbox 1681 4599 1867 4682; x_wconf 88' lang='lat' dir='ltr'>potius</span> <span class='ocrx_word' id='word_1_535' title='bbox 1891 4626 2034 4684; x_wconf 80' lang='lat' dir='ltr'>opus</span> 
     </span>
    </p>
   </div>
   <div class='ocr_carea' id='block_1_21' title="bbox 2132 3418 3720 4694">
    <p class='ocr_par' dir='ltr' id='par_1_22' title="bbox 2132 3418 3720 4694">
     <span class='ocr_line' id='line_1_73' title="bbox 2136 3418 3718 3503; baseline -0.005 -19"><span class='ocrx_word' id='word_1_536' title='bbox 2136 3431 2293 3503; x_wconf 85' lang='grc' dir='ltr'><strong>μίας,</strong></span> <span class='ocrx_word' id='word_1_537' title='bbox 2325 3429 2461 3484; x_wconf 84' lang='grc' dir='ltr'><strong>ἀλλά</strong></span> <span class='ocrx_word' id='word_1_538' title='bbox 2486 3428 2844 3500; x_wconf 83' lang='grc' dir='ltr'><strong>συνελέξαμεν</strong></span> <span class='ocrx_word' id='word_1_539' title='bbox 2870 3427 2933 3482; x_wconf 81' lang='grc' dir='ltr'>τὸ</span> <span class='ocrx_word' id='word_1_540' title='bbox 2956 3425 3313 3497; x_wconf 78' lang='grc' dir='ltr'><strong>παράπτωμα</strong></span> <span class='ocrx_word' id='word_1_541' title='bbox 3331 3419 3425 3476; x_wconf 84' lang='grc' dir='ltr'>τοῦ</span> <span class='ocrx_word' id='word_1_542' title='bbox 3453 3418 3718 3490; x_wconf 73' lang='grc' dir='ltr'><strong>ἀδελφοῦ.</strong></span> 
     </span>
     <span class='ocr_line' id='line_1_74' title="bbox 2132 3511 3718 3595; baseline -0.006 -18"><span class='ocrx_word' id='word_1_543' title='bbox 2132 3522 2245 3579; x_wconf 74' lang='grc' dir='ltr'>Καὶ</span> <span class='ocrx_word' id='word_1_544' title='bbox 2264 3521 2423 3595; x_wconf 82' lang='grc' dir='ltr'><strong>δῆθεν</strong></span> <span class='ocrx_word' id='word_1_545' title='bbox 2454 3520 2610 3576; x_wconf 88' lang='grc' dir='ltr'><strong>τοῦτο</strong></span> <span class='ocrx_word' id='word_1_546' title='bbox 2628 3520 2691 3575; x_wconf 81' lang='grc' dir='ltr'>τὸ</span> <span class='ocrx_word' id='word_1_547' title='bbox 2710 3520 2912 3575; x_wconf 78' lang='grc' dir='ltr'><strong>τέλειον</strong></span> <span class='ocrx_word' id='word_1_548' title='bbox 2938 3518 3132 3588; x_wconf 87' lang='grc' dir='ltr'><strong>Πάσχα</strong></span> <span class='ocrx_word' id='word_1_549' title='bbox 3162 3513 3424 3586; x_wconf 78' lang='grc' dir='ltr'><strong>ἡγοῦνται</strong></span> <span class='ocrx_word' id='word_1_550' title='bbox 3447 3529 3461 3543; x_wconf 91' lang='grc'><em>·</em></span> <span class='ocrx_word' id='word_1_551' title='bbox 3485 3511 3625 3571; x_wconf 63' lang='grc' dir='ltr'><strong>ἄλλα</strong></span> <span class='ocrx_word' id='word_1_552' title='bbox 3653 3511 3718 3568; x_wconf 65' lang='grc' dir='ltr'>δὲ</span> 
     </span>
     <span class='ocr_line' id='line_1_75' title="bbox 2133 3604 3718 3682; baseline -0.005 -14"><span class='ocrx_word' id='word_1_553' title='bbox 2133 3615 2233 3668; x_wconf 81' lang='grc' dir='ltr'>ὅσα</span> <span class='ocrx_word' id='word_1_554' title='bbox 2252 3612 2399 3668; x_wconf 84' lang='grc' dir='ltr'><strong>δεινὰ</strong></span> <span class='ocrx_word' id='word_1_555' title='bbox 2426 3612 2609 3678; x_wconf 77' lang='grc' dir='ltr'><strong>αὐτοῖς</strong></span> <span class='ocrx_word' id='word_1_556' title='bbox 2633 3611 2976 3682; x_wconf 83' lang='grc' dir='ltr'><strong>τετόλμηται.</strong></span> <span class='ocrx_word' id='word_1_557' title='bbox 3007 3607 3178 3661; x_wconf 87' lang='grc' dir='ltr'><strong>Ὅταν</strong></span> <span class='ocrx_word' id='word_1_558' title='bbox 3199 3605 3310 3677; x_wconf 80' lang='grc' dir='ltr'><strong>γὰρ</strong></span> <span class='ocrx_word' id='word_1_559' title='bbox 3343 3604 3510 3661; x_wconf 89' lang='grc' dir='ltr'><strong>πάλιν</strong></span> <span class='ocrx_word' id='word_1_560' title='bbox 3521 3605 3718 3679; x_wconf 61' lang='grc' dir='ltr'><strong>ὄμμα-</strong></span> 
     </span>
     <span class='ocr_line' id='line_1_76' title="bbox 2135 3690 3717 3773; baseline -0.006 -13"><span class='ocrx_word' id='word_1_561' title='bbox 2135 3707 2245 3770; x_wconf 84' lang='grc' dir='ltr'><strong>νείς</strong></span> <span class='ocrx_word' id='word_1_562' title='bbox 2272 3690 2329 3759; x_wconf 75' lang='grc' dir='ltr'>ἐν</span> <span class='ocrx_word' id='word_1_563' title='bbox 2363 3705 2578 3768; x_wconf 78' lang='grc' dir='ltr'><strong>ἑαυτοῖς</strong></span> <span class='ocrx_word' id='word_1_564' title='bbox 2608 3703 2890 3773; x_wconf 84' lang='grc' dir='ltr'><strong>γένωνται,</strong></span> <span class='ocrx_word' id='word_1_565' title='bbox 2924 3696 3198 3771; x_wconf 81' lang='grc' dir='ltr'><strong>φύραντες</strong></span> <span class='ocrx_word' id='word_1_566' title='bbox 3230 3697 3445 3752; x_wconf 77' lang='grc' dir='ltr'><strong>ἑαυτῶν</strong></span> <span class='ocrx_word' id='word_1_567' title='bbox 3471 3694 3575 3761; x_wconf 79' lang='grc' dir='ltr'>τὰς</span> <span class='ocrx_word' id='word_1_568' title='bbox 3603 3696 3717 3767; x_wconf 74' lang='grc' dir='ltr'><strong>χεῖ-</strong></span> 
     </span>
     <span class='ocr_line' id='line_1_77' title="bbox 2140 3786 3717 3870; baseline -0.007 -18"><span class='ocrx_word' id='word_1_569' title='bbox 2140 3814 2239 3870; x_wconf 86' lang='grc' dir='ltr'>ρας</span> <span class='ocrx_word' id='word_1_570' title='bbox 2273 3797 2373 3869; x_wconf 84' lang='grc' dir='ltr'>τῆς</span> <span class='ocrx_word' id='word_1_571' title='bbox 2403 3795 2615 3851; x_wconf 78' lang='grc' dir='ltr'><strong>ἑαυτῶν</strong></span> <span class='ocrx_word' id='word_1_572' title='bbox 2643 3792 2995 3867; x_wconf 77' lang='grc' dir='ltr'><strong>αἰσχράτητος</strong></span> <span class='ocrx_word' id='word_1_573' title='bbox 3029 3792 3097 3863; x_wconf 77' lang='grc' dir='ltr'>τῇ</span> <span class='ocrx_word' id='word_1_574' title='bbox 3131 3789 3433 3863; x_wconf 76' lang='grc' dir='ltr'><strong>ἀπορροία,</strong></span> <span class='ocrx_word' id='word_1_575' title='bbox 3470 3786 3717 3860; x_wconf 72' lang='grc' dir='ltr'><strong>ὲγείρον·</strong></span> 
     </span>
     <span class='ocr_line' id='line_1_78' title="bbox 2136 3880 3712 3957; baseline -0.007 -15"><span class='ocrx_word' id='word_1_576' title='bbox 2136 3906 2225 3942; x_wconf 88' lang='grc' dir='ltr'>ται</span> <span class='ocrx_word' id='word_1_577' title='bbox 2248 3929 2263 3955; x_wconf 96' lang='grc'><strong>,</strong></span> <span class='ocrx_word' id='word_1_578' title='bbox 2300 3889 2396 3942; x_wconf 77' lang='grc' dir='ltr'>καὶ</span> <span class='ocrx_word' id='word_1_579' title='bbox 2436 3887 2536 3952; x_wconf 75' lang='grc' dir='ltr'>τὰς</span> <span class='ocrx_word' id='word_1_580' title='bbox 2574 3885 2784 3940; x_wconf 81' lang='grc' dir='ltr'><strong>ἑαυτῶν</strong></span> <span class='ocrx_word' id='word_1_581' title='bbox 2811 3881 3226 3957; x_wconf 80' lang='grc' dir='ltr'><strong>μεμολυσμένας</strong></span> <span class='ocrx_word' id='word_1_582' title='bbox 3252 3884 3442 3953; x_wconf 84' lang='grc' dir='ltr'><strong>χεῖρας</strong></span> <span class='ocrx_word' id='word_1_583' title='bbox 3471 3880 3712 3951; x_wconf 77' lang='grc' dir='ltr'><strong>ἔχοντες,</strong></span> 
     </span>
     <span class='ocr_line' id='line_1_79' title="bbox 2135 3968 3720 4052; baseline -0.004 -18"><span class='ocrx_word' id='word_1_584' title='bbox 2135 3979 2383 4052; x_wconf 75' lang='grc' dir='ltr'><strong>εὔχονται</strong></span> <span class='ocrx_word' id='word_1_585' title='bbox 2409 3977 2607 4051; x_wconf 72' lang='grc' dir='ltr'><strong>γυμνοὶ</strong></span> <span class='ocrx_word' id='word_1_586' title='bbox 2643 3977 2749 4049; x_wconf 84' lang='grc' dir='ltr'><strong>ὅλῳ</strong></span> <span class='ocrx_word' id='word_1_587' title='bbox 2770 3976 2849 4049; x_wconf 82' lang='grc' dir='ltr'>τῷ</span> <span class='ocrx_word' id='word_1_588' title='bbox 2880 3975 3113 4048; x_wconf 82' lang='grc' dir='ltr'><strong>σώματι,</strong></span> <span class='ocrx_word' id='word_1_589' title='bbox 3158 3973 3234 4036; x_wconf 83' lang='grc' dir='ltr'><strong>ὡς</strong></span> <span class='ocrx_word' id='word_1_590' title='bbox 3265 3970 3354 4027; x_wconf 75' lang='grc' dir='ltr'>διὰ</span> <span class='ocrx_word' id='word_1_591' title='bbox 3399 3971 3502 4042; x_wconf 86' lang='grc' dir='ltr'>τῆς</span> <span class='ocrx_word' id='word_1_592' title='bbox 3531 3968 3720 4027; x_wconf 79' lang='grc' dir='ltr'><strong>τοιαύ·</strong></span> 
     </span>
     <span class='ocr_line' id='line_1_80' title="bbox 2135 4062 3713 4144; baseline -0.004 -19"><span class='ocrx_word' id='word_1_593' title='bbox 2135 4089 2234 4144; x_wconf 88' lang='grc' dir='ltr'>της</span> <span class='ocrx_word' id='word_1_594' title='bbox 2265 4071 2523 4144; x_wconf 73' lang='grc' dir='ltr'><strong>ἐργασίας</strong></span> <span class='ocrx_word' id='word_1_595' title='bbox 2560 4069 2835 4143; x_wconf 76' lang='grc' dir='ltr'><strong>εὑρίσκειν</strong></span> <span class='ocrx_word' id='word_1_596' title='bbox 2885 4067 3021 4141; x_wconf 81' lang='grc' dir='ltr'><strong>πρὸς</strong></span> <span class='ocrx_word' id='word_1_597' title='bbox 3055 4065 3189 4122; x_wconf 82' lang='grc' dir='ltr'><strong>Θεὸν</strong></span> <span class='ocrx_word' id='word_1_598' title='bbox 3222 4064 3320 4137; x_wconf 78' lang='grc' dir='ltr'>τὴν</span> <span class='ocrx_word' id='word_1_599' title='bbox 3375 4062 3713 4136; x_wconf 86' lang='grc' dir='ltr'><strong>παρρησίαν.</strong></span> 
     </span>
     <span class='ocr_line' id='line_1_81' title="bbox 2136 4154 3717 4233; baseline -0.004 -18"><span class='ocrx_word' id='word_1_600' title='bbox 2136 4161 2218 4215; x_wconf 83' lang='grc' dir='ltr'>Τὰ</span> <span class='ocrx_word' id='word_1_601' title='bbox 2267 4161 2495 4233; x_wconf 85' lang='grc' dir='ltr'><strong>σώματα</strong></span> <span class='ocrx_word' id='word_1_602' title='bbox 2534 4161 2592 4216; x_wconf 76' lang='grc' dir='ltr'>δὲ</span> <span class='ocrx_word' id='word_1_603' title='bbox 2639 4160 2819 4216; x_wconf 79' lang='grc' dir='ltr'><strong>αὐτῶν</strong></span> <span class='ocrx_word' id='word_1_604' title='bbox 2845 4159 3063 4232; x_wconf 85' lang='grc' dir='ltr'><strong>νύκτωρ</strong></span> <span class='ocrx_word' id='word_1_605' title='bbox 3097 4176 3158 4213; x_wconf 92' lang='grc' dir='ltr'>τε</span> <span class='ocrx_word' id='word_1_606' title='bbox 3202 4157 3295 4211; x_wconf 72' lang='grc' dir='ltr'>καὶ</span> <span class='ocrx_word' id='word_1_607' title='bbox 3345 4154 3465 4228; x_wconf 87' lang='grc' dir='ltr'><strong>μεθ’</strong></span> <span class='ocrx_word' id='word_1_608' title='bbox 3497 4154 3717 4229; x_wconf 77' lang='grc' dir='ltr'><strong>ἡμέραν</strong></span> 
     </span>
     <span class='ocr_line' id='line_1_82' title="bbox 2135 4245 3714 4329; baseline -0.007 -20"><span class='ocrx_word' id='word_1_609' title='bbox 2135 4250 2428 4329; x_wconf 79' lang='grc' dir='ltr'><strong>τημελοῦσι</strong></span> <span class='ocrx_word' id='word_1_610' title='bbox 2448 4252 2777 4325; x_wconf 82' lang='grc' dir='ltr'><strong>γυναικάρια</strong></span> <span class='ocrx_word' id='word_1_611' title='bbox 2802 4250 2899 4308; x_wconf 71' lang='grc' dir='ltr'>καὶ</span> <span class='ocrx_word' id='word_1_612' title='bbox 2927 4249 3304 4322; x_wconf 80' lang='grc' dir='ltr'><strong>ἀνθρωπάρια,</strong></span> <span class='ocrx_word' id='word_1_613' title='bbox 3333 4245 3714 4320; x_wconf 78' lang='grc' dir='ltr'><strong>μυριζόμενοι,</strong></span> 
     </span>
     <span class='ocr_line' id='line_1_83' title="bbox 2136 4333 3718 4416; baseline -0.006 -20"><span class='ocrx_word' id='word_1_614' title='bbox 2136 4342 2413 4416; x_wconf 84' lang='grc' dir='ltr'><strong>λουόμενοι</strong></span> <span class='ocrx_word' id='word_1_615' title='bbox 2432 4382 2447 4408; x_wconf 91' lang='grc'><strong>,</strong></span> <span class='ocrx_word' id='word_1_616' title='bbox 2475 4342 2846 4413; x_wconf 82' lang='grc' dir='ltr'><strong>θοιναζόμενοι</strong></span> <span class='ocrx_word' id='word_1_617' title='bbox 2864 4380 2880 4406; x_wconf 93' lang='grc'><strong>,</strong></span> <span class='ocrx_word' id='word_1_618' title='bbox 2915 4339 3123 4403; x_wconf 85' lang='grc' dir='ltr'><strong>κοίταις</strong></span> <span class='ocrx_word' id='word_1_619' title='bbox 3149 4354 3208 4391; x_wconf 92' lang='grc' dir='ltr'>τε</span> <span class='ocrx_word' id='word_1_620' title='bbox 3236 4336 3331 4392; x_wconf 74' lang='grc' dir='ltr'>καὶ</span> <span class='ocrx_word' id='word_1_621' title='bbox 3361 4333 3561 4407; x_wconf 71' lang='grc' dir='ltr'><strong>μέθαις</strong></span> <span class='ocrx_word' id='word_1_622' title='bbox 3588 4349 3718 4404; x_wconf 78' lang='grc' dir='ltr'><strong>σχο·</strong></span> 
     </span>
     <span class='ocr_line' id='line_1_84' title="bbox 2136 4424 3712 4506; baseline -0.006 -18"><span class='ocrx_word' id='word_1_623' title='bbox 2136 4433 2408 4501; x_wconf 79' lang='grc' dir='ltr'><strong>λάζοντες.</strong></span> <span class='ocrx_word' id='word_1_624' title='bbox 2437 4436 2547 4491; x_wconf 74' lang='grc' dir='ltr'>Καὶ</span> <span class='ocrx_word' id='word_1_625' title='bbox 2576 4433 2920 4506; x_wconf 86' lang='grc' dir='ltr'><strong>καταρῶνται</strong></span> <span class='ocrx_word' id='word_1_626' title='bbox 2941 4431 3034 4486; x_wconf 81' lang='grc' dir='ltr'>τὸν</span> <span class='ocrx_word' id='word_1_627' title='bbox 3058 4429 3403 4504; x_wconf 87' lang='grc' dir='ltr'><strong>νηστεύοντα,</strong></span> <span class='ocrx_word' id='word_1_628' title='bbox 3437 4424 3712 4496; x_wconf 76' lang='grc' dir='ltr'><strong>λέγοντες·</strong></span> 
     </span>
     <span class='ocr_line' id='line_1_85' title="bbox 2138 4515 3716 4598; baseline -0.008 -15"><span class='ocrx_word' id='word_1_629' title='bbox 2138 4527 2215 4583; x_wconf 83' lang='grc' dir='ltr'>Οὐ</span> <span class='ocrx_word' id='word_1_630' title='bbox 2269 4525 2349 4580; x_wconf 77' lang='grc' dir='ltr'>δεῖ</span> <span class='ocrx_word' id='word_1_631' title='bbox 2390 4525 2689 4598; x_wconf 87' lang='grc' dir='ltr'><strong>νηστεύειν.</strong></span> <span class='ocrx_word' id='word_1_632' title='bbox 2744 4523 2851 4579; x_wconf 85' lang='grc' dir='ltr'>Τοῦ</span> <span class='ocrx_word' id='word_1_633' title='bbox 2897 4523 3009 4596; x_wconf 89' lang='grc' dir='ltr'><strong>γὰρ</strong></span> <span class='ocrx_word' id='word_1_634' title='bbox 3060 4523 3319 4595; x_wconf 75' lang='grc' dir='ltr'><strong>ἀρχοντθς</strong></span> <span class='ocrx_word' id='word_1_635' title='bbox 3369 4517 3562 4573; x_wconf 85' lang='grc' dir='ltr'><strong>τούτου</strong></span> <span class='ocrx_word' id='word_1_636' title='bbox 3616 4515 3716 4572; x_wconf 88' lang='grc' dir='ltr'>τοῦ</span> 
     </span>
     <span class='ocr_line' id='line_1_86' title="bbox 2139 4607 3714 4694; baseline -0.01 -18"><span class='ocrx_word' id='word_1_637' title='bbox 2139 4621 2459 4694; x_wconf 73' lang='grc' dir='ltr'><strong>ποιήσαντος</strong></span> <span class='ocrx_word' id='word_1_638' title='bbox 2494 4619 2588 4674; x_wconf 79' lang='grc' dir='ltr'>τὸν</span> <span class='ocrx_word' id='word_1_639' title='bbox 2630 4617 2805 4674; x_wconf 76' lang='grc' dir='ltr'><strong>αἰῶνα</strong></span> <span class='ocrx_word' id='word_1_640' title='bbox 2837 4617 2983 4672; x_wconf 75' lang='grc' dir='ltr'><strong>ἔστιν</strong></span> <span class='ocrx_word' id='word_1_641' title='bbox 3010 4618 3045 4688; x_wconf 78' lang='grc' dir='ltr'><strong>ἠ</strong></span> <span class='ocrx_word' id='word_1_642' title='bbox 3074 4613 3315 4686; x_wconf 84' lang='grc' dir='ltr'><strong>νηστεία.</strong></span> <span class='ocrx_word' id='word_1_643' title='bbox 3367 4611 3458 4664; x_wconf 87' lang='grc' dir='ltr'><strong>Δεῖ</strong></span> <span class='ocrx_word' id='word_1_644' title='bbox 3492 4608 3552 4663; x_wconf 74' lang='grc' dir='ltr'>δὲ</span> <span class='ocrx_word' id='word_1_645' title='bbox 3587 4607 3714 4682; x_wconf 74' lang='grc' dir='ltr'><strong>τρέ-</strong></span> 
     </span>
    </p>
   </div>
   <div class='ocr_carea' id='block_1_22' title="bbox 458 4699 3720 4782">
    <p class='ocr_par' dir='ltr' id='par_1_23' title="bbox 458 4699 3720 4782">
     <span class='ocr_line' id='line_1_87' title="bbox 458 4699 3720 4782; baseline -0.003 -17"><span class='ocrx_word' id='word_1_646' title='bbox 458 4724 587 4766; x_wconf 79' lang='lat' dir='ltr'>esse</span> <span class='ocrx_word' id='word_1_647' title='bbox 627 4707 902 4774; x_wconf 86' lang='lat' dir='ltr'>dictitant,</span> <span class='ocrx_word' id='word_1_648' title='bbox 961 4722 1072 4778; x_wconf 78' lang='lat' dir='ltr'>quo</span> <span class='ocrx_word' id='word_1_649' title='bbox 1129 4705 1442 4763; x_wconf 84' lang='lat' dir='ltr'>robustiora</span> <span class='ocrx_word' id='word_1_650' title='bbox 1497 4701 1610 4761; x_wconf 83' lang='lat' dir='ltr'>sint</span> <span class='ocrx_word' id='word_1_651' title='bbox 1661 4717 1918 4774; x_wconf 90' lang='lat' dir='ltr'>corpora,</span> <span class='ocrx_word' id='word_1_652' title='bbox 1971 4709 2032 4758; x_wconf 86' lang='lat' dir='ltr'>ut</span> <span class='ocrx_word' id='word_1_653' title='bbox 2063 4709 2107 4765; x_wconf 82' lang='grc' dir='ltr'>ι)</span> <span class='ocrx_word' id='word_1_654' title='bbox 2134 4710 2330 4782; x_wconf 58' lang='lat' dir='ltr'>:peceat</span> <span class='ocrx_word' id='word_1_655' title='bbox 2353 4711 2434 4774; x_wconf 68' lang='grc' dir='ltr'><strong>εἰς</strong></span> <span class='ocrx_word' id='word_1_656' title='bbox 2456 4708 2517 4764; x_wconf 65' lang='grc' dir='ltr'>τὸ</span> <span class='ocrx_word' id='word_1_657' title='bbox 2544 4707 2616 4763; x_wconf 67' lang='grc' dir='ltr'>τὰ</span> <span class='ocrx_word' id='word_1_658' title='bbox 2654 4705 2883 4780; x_wconf 72' lang='grc' dir='ltr'><strong>σώματα</strong></span> <span class='ocrx_word' id='word_1_659' title='bbox 2913 4701 3052 4761; x_wconf 73' lang='grc' dir='ltr'><strong>εἶναι</strong></span> <span class='ocrx_word' id='word_1_660' title='bbox 3087 4701 3314 4776; x_wconf 75' lang='grc' dir='ltr'><strong>ισχυρὰ,</strong></span> <span class='ocrx_word' id='word_1_661' title='bbox 3354 4702 3435 4766; x_wconf 81' lang='grc' dir='ltr'>εἰς</span> <span class='ocrx_word' id='word_1_662' title='bbox 3471 4699 3533 4754; x_wconf 73' lang='grc' dir='ltr'>τὸ</span> <span class='ocrx_word' id='word_1_663' title='bbox 3555 4699 3720 4755; x_wconf 83' lang='grc' dir='ltr'><strong>δύνα-</strong></span> 
     </span>
    </p>
   </div>
   <div class='ocr_carea' id='block_1_23' title="bbox 460 4791 2036 6055">
    <p class='ocr_par' dir='ltr' id='par_1_24' title="bbox 460 4791 2029 4948">
     <span class='ocr_line' id='line_1_88' title="bbox 463 4791 2029 4872; baseline -0.003 -17"><span class='ocrx_word' id='word_1_664' title='bbox 463 4791 662 4859; x_wconf 86' lang='lat' dir='ltr'>idoneo</span> <span class='ocrx_word' id='word_1_665' title='bbox 712 4791 959 4872; x_wconf 82' lang='lat' dir='ltr'>te&#39;mpore</span> <span class='ocrx_word' id='word_1_666' title='bbox 1006 4801 1222 4872; x_wconf 86' lang='lat' dir='ltr'>possint</span> <span class='ocrx_word' id='word_1_667' title='bbox 1272 4798 1477 4854; x_wconf 76' lang='lat' dir='ltr'>fructui</span> <span class='ocrx_word' id='word_1_668' title='bbox 1535 4796 1816 4854; x_wconf 87' lang='lat' dir='ltr'>reddendo</span> <span class='ocrx_word' id='word_1_669' title='bbox 1871 4797 2029 4855; x_wconf 82' lang='lat' dir='ltr'>suffl-</span> 
     </span>
     <span class='ocr_line' id='line_1_89' title="bbox 460 4907 613 4948; baseline -0.013 0"><span class='ocrx_word' id='word_1_670' title='bbox 460 4907 613 4948; x_wconf 82' lang='lat' dir='ltr'>cere.</span> 
     </span>
    </p>

    <p class='ocr_par' dir='ltr' id='par_1_25' title="bbox 461 4980 2036 6055">
     <span class='ocr_line' id='line_1_90' title="bbox 538 4980 2036 5054; baseline -0.003 -12"><span class='ocrx_word' id='word_1_671' title='bbox 538 4985 629 5042; x_wconf 76' lang='lat' dir='ltr'>vl.</span> <span class='ocrx_word' id='word_1_672' title='bbox 669 4983 843 5040; x_wconf 83' lang='lat' dir='ltr'>Porro</span> <span class='ocrx_word' id='word_1_673' title='bbox 866 4990 979 5038; x_wconf 89' lang='lat' dir='ltr'>tam</span> <span class='ocrx_word' id='word_1_674' title='bbox 999 4981 1184 5040; x_wconf 79' lang='lat' dir='ltr'>veteri</span> <span class='ocrx_word' id='word_1_675' title='bbox 1217 4998 1384 5054; x_wconf 85' lang='lat' dir='ltr'>qnam</span> <span class='ocrx_word' id='word_1_676' title='bbox 1403 4980 1558 5038; x_wconf 79' lang='lat' dir='ltr'>Novo</span> <span class='ocrx_word' id='word_1_677' title='bbox 1592 4989 1818 5039; x_wconf 82' lang='lat' dir='ltr'>utuntur</span> <span class='ocrx_word' id='word_1_678' title='bbox 1839 4981 2036 5038; x_wconf 83' lang='lat' dir='ltr'>Testa-</span> 
     </span>
     <span class='ocr_line' id='line_1_91' title="bbox 463 5073 2033 5149; baseline -0.004 -13"><span class='ocrx_word' id='word_1_679' title='bbox 463 5085 670 5145; x_wconf 87' lang='lat' dir='ltr'>mento,</span> <span class='ocrx_word' id='word_1_680' title='bbox 702 5076 826 5133; x_wconf 87' lang='lat' dir='ltr'>licet</span> <span class='ocrx_word' id='word_1_681' title='bbox 852 5090 978 5134; x_wconf 89' lang='lat' dir='ltr'>eum</span> <span class='ocrx_word' id='word_1_682' title='bbox 1005 5075 1103 5147; x_wconf 87' lang='lat' dir='ltr'>qui</span> <span class='ocrx_word' id='word_1_683' title='bbox 1145 5075 1197 5130; x_wconf 91' lang='lat' dir='ltr'>in</span> <span class='ocrx_word' id='word_1_684' title='bbox 1226 5073 1426 5132; x_wconf 80' lang='lat' dir='ltr'>Vetere</span> <span class='ocrx_word' id='word_1_685' title='bbox 1456 5075 1677 5130; x_wconf 90' lang='lat' dir='ltr'>locutus</span> <span class='ocrx_word' id='word_1_686' title='bbox 1723 5082 1812 5131; x_wconf 86' lang='lat' dir='ltr'>est</span> <span class='ocrx_word' id='word_1_687' title='bbox 1871 5074 2033 5149; x_wconf 77' lang='lat' dir='ltr'>abdi·</span> 
     </span>
     <span class='ocr_line' id='line_1_92' title="bbox 463 5164 2031 5239; baseline -0.004 -15"><span class='ocrx_word' id='word_1_688' title='bbox 463 5176 608 5224; x_wconf 89' lang='lat' dir='ltr'>cent.</span> <span class='ocrx_word' id='word_1_689' title='bbox 641 5165 708 5221; x_wconf 85' lang='lat' dir='ltr'>Et</span> <span class='ocrx_word' id='word_1_690' title='bbox 734 5167 957 5239; x_wconf 84' lang='lat' dir='ltr'>quidem</span> <span class='ocrx_word' id='word_1_691' title='bbox 988 5164 1206 5237; x_wconf 89' lang='lat' dir='ltr'>quoties</span> <span class='ocrx_word' id='word_1_692' title='bbox 1234 5179 1426 5220; x_wconf 78' lang='lat' dir='ltr'>vocem</span> <span class='ocrx_word' id='word_1_693' title='bbox 1454 5164 1696 5234; x_wconf 83' lang='lat' dir='ltr'>aliquam</span> <span class='ocrx_word' id='word_1_694' title='bbox 1725 5165 2031 5234; x_wconf 80' lang='lat' dir='ltr'>reperiunt,</span> 
     </span>
     <span class='ocr_line' id='line_1_93' title="bbox 461 5252 2035 5326; baseline 0.001 -20"><span class='ocrx_word' id='word_1_695' title='bbox 461 5267 585 5322; x_wconf 83' lang='lat' dir='ltr'>quae</span> <span class='ocrx_word' id='word_1_696' title='bbox 611 5252 853 5326; x_wconf 79' lang='lat' dir='ltr'>dogmati</span> <span class='ocrx_word' id='word_1_697' title='bbox 896 5269 1001 5313; x_wconf 83' lang='lat' dir='ltr'>suo</span> <span class='ocrx_word' id='word_1_698' title='bbox 1053 5252 1390 5310; x_wconf 82' lang='lat' dir='ltr'>contrariam</span> <span class='ocrx_word' id='word_1_699' title='bbox 1447 5252 1650 5309; x_wconf 88' lang='lat' dir='ltr'>babere</span> <span class='ocrx_word' id='word_1_700' title='bbox 1704 5253 2035 5310; x_wconf 86' lang='lat' dir='ltr'>sententiam</span> 
     </span>
     <span class='ocr_line' id='line_1_94' title="bbox 463 5341 2031 5420; baseline 0 -24"><span class='ocrx_word' id='word_1_701' title='bbox 463 5341 704 5407; x_wconf 80' lang='lat' dir='ltr'>videtur,</span> <span class='ocrx_word' id='word_1_702' title='bbox 735 5343 806 5400; x_wconf 82' lang='lat' dir='ltr'>ab</span> <span class='ocrx_word' id='word_1_703' title='bbox 837 5344 1002 5416; x_wconf 74' lang='lat' dir='ltr'>liujus</span> <span class='ocrx_word' id='word_1_704' title='bbox 1033 5342 1224 5400; x_wconf 88' lang='lat' dir='ltr'>mundi</span> <span class='ocrx_word' id='word_1_705' title='bbox 1262 5343 1512 5414; x_wconf 86' lang='lat' dir='ltr'>principe</span> <span class='ocrx_word' id='word_1_706' title='bbox 1544 5342 1852 5420; x_wconf 80' lang='lat' dir='ltr'>prolectam</span> <span class='ocrx_word' id='word_1_707' title='bbox 1882 5343 2031 5398; x_wconf 87' lang='lat' dir='ltr'>illam</span> 
     </span>
     <span class='ocr_line' id='line_1_95' title="bbox 461 5432 2031 5505; baseline 0 -17"><span class='ocrx_word' id='word_1_708' title='bbox 461 5447 589 5488; x_wconf 83' lang='lat' dir='ltr'>esse</span> <span class='ocrx_word' id='word_1_709' title='bbox 616 5432 931 5502; x_wconf 83' lang='lat' dir='ltr'>praedicant.</span> <span class='ocrx_word' id='word_1_710' title='bbox 960 5435 1077 5505; x_wconf 74' lang='grc'>88</span> <span class='ocrx_word' id='word_1_711' title='bbox 1106 5435 1203 5490; x_wconf 90' lang='lat' dir='ltr'>Sin</span> <span class='ocrx_word' id='word_1_712' title='bbox 1237 5433 1438 5505; x_wconf 83' lang='lat' dir='ltr'>aliquis</span> <span class='ocrx_word' id='word_1_713' title='bbox 1468 5433 1538 5488; x_wconf 88' lang='lat' dir='ltr'>ad</span> <span class='ocrx_word' id='word_1_714' title='bbox 1583 5435 1803 5491; x_wconf 87' lang='lat' dir='ltr'>illorum</span> <span class='ocrx_word' id='word_1_715' title='bbox 1844 5433 2031 5490; x_wconf 88' lang='lat' dir='ltr'>libidi-</span> 
     </span>
     <span class='ocr_line' id='line_1_96' title="bbox 465 5526 2032 5599; baseline 0.001 -20"><span class='ocrx_word' id='word_1_716' title='bbox 465 5539 590 5580; x_wconf 85' lang='lat' dir='ltr'>nem</span> <span class='ocrx_word' id='word_1_717' title='bbox 631 5526 1034 5581; x_wconf 87' lang='lat' dir='ltr'>accommodari</span> <span class='ocrx_word' id='word_1_718' title='bbox 1076 5528 1255 5593; x_wconf 88' lang='lat' dir='ltr'>locus,</span> <span class='ocrx_word' id='word_1_719' title='bbox 1289 5535 1343 5582; x_wconf 89' lang='lat' dir='ltr'>et</span> <span class='ocrx_word' id='word_1_720' title='bbox 1377 5534 1657 5598; x_wconf 82' lang='lat' dir='ltr'>utcunque</span> <span class='ocrx_word' id='word_1_721' title='bbox 1696 5527 2032 5599; x_wconf 77' lang='lat' dir='ltr'>configurari</span> 
     </span>
     <span class='ocr_line' id='line_1_97' title="bbox 466 5613 2033 5689; baseline 0.001 -19"><span class='ocrx_word' id='word_1_722' title='bbox 466 5613 642 5687; x_wconf 88' lang='lat' dir='ltr'>possit</span> <span class='ocrx_word' id='word_1_723' title='bbox 671 5629 782 5670; x_wconf 90' lang='lat' dir='ltr'>non</span> <span class='ocrx_word' id='word_1_724' title='bbox 810 5615 928 5685; x_wconf 83' lang='lat' dir='ltr'>ipsa</span> <span class='ocrx_word' id='word_1_725' title='bbox 970 5615 1193 5688; x_wconf 81' lang='lat' dir='ltr'>quidem</span> <span class='ocrx_word' id='word_1_726' title='bbox 1250 5625 1519 5689; x_wconf 87' lang='lat' dir='ltr'>potestate</span> <span class='ocrx_word' id='word_1_727' title='bbox 1574 5618 1891 5684; x_wconf 82' lang='lat' dir='ltr'>verborum,</span> <span class='ocrx_word' id='word_1_728' title='bbox 1937 5617 2033 5674; x_wconf 88' lang='lat' dir='ltr'>sed</span> 
     </span>
     <span class='ocr_line' id='line_1_98' title="bbox 468 5704 2034 5781; baseline 0.003 -21"><span class='ocrx_word' id='word_1_729' title='bbox 468 5722 565 5779; x_wconf 86' lang='lat' dir='ltr'>pro</span> <span class='ocrx_word' id='word_1_730' title='bbox 593 5704 872 5777; x_wconf 71' lang='lat' dir='ltr'>depravati</span> <span class='ocrx_word' id='word_1_731' title='bbox 912 5707 1131 5763; x_wconf 89' lang='lat' dir='ltr'>illorum</span> <span class='ocrx_word' id='word_1_732' title='bbox 1173 5707 1377 5780; x_wconf 85' lang='lat' dir='ltr'>ingenii</span> <span class='ocrx_word' id='word_1_733' title='bbox 1401 5719 1591 5781; x_wconf 84' lang='lat' dir='ltr'>captu,</span> <span class='ocrx_word' id='word_1_734' title='bbox 1616 5725 1683 5766; x_wconf 88' lang='lat' dir='ltr'>eo</span> <span class='ocrx_word' id='word_1_735' title='bbox 1712 5725 1842 5766; x_wconf 85' lang='lat' dir='ltr'>vero</span> <span class='ocrx_word' id='word_1_736' title='bbox 1871 5707 1941 5764; x_wconf 90' lang='lat' dir='ltr'>ad</span> <span class='ocrx_word' id='word_1_737' title='bbox 1980 5709 2034 5765; x_wconf 93' lang='lat' dir='ltr'>id</span> 
     </span>
     <span class='ocr_line' id='line_1_99' title="bbox 466 5797 2033 5872; baseline 0.002 -20"><span class='ocrx_word' id='word_1_738' title='bbox 466 5798 614 5868; x_wconf 82' lang='lat' dir='ltr'>quod</span> <span class='ocrx_word' id='word_1_739' title='bbox 639 5797 871 5870; x_wconf 87' lang='lat' dir='ltr'>cupiunt</span> <span class='ocrx_word' id='word_1_740' title='bbox 901 5798 1155 5854; x_wconf 87' lang='lat' dir='ltr'>traducto</span> <span class='ocrx_word' id='word_1_741' title='bbox 1181 5798 1249 5856; x_wconf 88' lang='lat' dir='ltr'>ab</span> <span class='ocrx_word' id='word_1_742' title='bbox 1276 5801 1524 5856; x_wconf 87' lang='lat' dir='ltr'>veritatis</span> <span class='ocrx_word' id='word_1_743' title='bbox 1553 5801 1752 5872; x_wconf 88' lang='lat' dir='ltr'>spiritu</span> <span class='ocrx_word' id='word_1_744' title='bbox 1779 5816 2033 5872; x_wconf 89' lang='lat' dir='ltr'>pronun-</span> 
     </span>
     <span class='ocr_line' id='line_1_100' title="bbox 475 5891 2035 5964; baseline 0.003 -21"><span class='ocrx_word' id='word_1_745' title='bbox 475 5893 667 5948; x_wconf 86' lang='lat' dir='ltr'>tiatum</span> <span class='ocrx_word' id='word_1_746' title='bbox 699 5907 823 5949; x_wconf 88' lang='lat' dir='ltr'>esse</span> <span class='ocrx_word' id='word_1_747' title='bbox 851 5891 1122 5948; x_wconf 90' lang='lat' dir='ltr'>dictitant.</span> <span class='ocrx_word' id='word_1_748' title='bbox 1160 5892 1339 5964; x_wconf 79' lang='lat' dir='ltr'>Atque</span> <span class='ocrx_word' id='word_1_749' title='bbox 1386 5893 1532 5950; x_wconf 87' lang='lat' dir='ltr'>istud</span> <span class='ocrx_word' id='word_1_750' title='bbox 1568 5893 1744 5964; x_wconf 85' lang='lat' dir='ltr'>ipsum</span> <span class='ocrx_word' id='word_1_751' title='bbox 1788 5900 1897 5959; x_wconf 87' lang='lat' dir='ltr'>cst,</span> <span class='ocrx_word' id='word_1_752' title='bbox 1945 5891 2035 5948; x_wconf 89' lang='lat' dir='ltr'>in-</span> 
     </span>
     <span class='ocr_line' id='line_1_101' title="bbox 463 5979 2035 6055; baseline 0.003 -23"><span class='ocrx_word' id='word_1_753' title='bbox 463 5980 691 6051; x_wconf 75' lang='lat' dir='ltr'>quiunt.</span> <span class='ocrx_word' id='word_1_754' title='bbox 730 5981 872 6052; x_wconf 88' lang='lat' dir='ltr'>qnod</span> <span class='ocrx_word' id='word_1_755' title='bbox 902 5981 968 6039; x_wconf 86' lang='lat' dir='ltr'>de</span> <span class='ocrx_word' id='word_1_756' title='bbox 1001 5979 1209 6040; x_wconf 83' lang='lat' dir='ltr'>Joanne</span> <span class='ocrx_word' id='word_1_757' title='bbox 1244 5980 1506 6040; x_wconf 87' lang='lat' dir='ltr'>Dominus</span> <span class='ocrx_word' id='word_1_758' title='bbox 1532 5984 1816 6055; x_wconf 78' lang='lat' dir='ltr'>usurpavit</span> <span class='ocrx_word' id='word_1_759' title='bbox 1847 6002 1858 6038; x_wconf 94' lang='lat'><strong>:</strong></span> <span class='ocrx_word' id='word_1_760' title='bbox 1890 5981 2035 6051; x_wconf 83' lang='lat' dir='ltr'>Quid</span> 
     </span>
    </p>
   </div>
   <div class='ocr_carea' id='block_1_24' title="bbox 2139 4788 3531 4872">
    <p class='ocr_par' dir='ltr' id='par_1_26' title="bbox 2139 4788 3531 4872">
     <span class='ocr_line' id='line_1_102' title="bbox 2139 4788 3531 4872; baseline -0.006 -19"><span class='ocrx_word' id='word_1_761' title='bbox 2139 4797 2263 4853; x_wconf 86' lang='grc' dir='ltr'><strong>σθαι</strong></span> <span class='ocrx_word' id='word_1_762' title='bbox 2293 4797 2355 4853; x_wconf 79' lang='grc' dir='ltr'>τὸ</span> <span class='ocrx_word' id='word_1_763' title='bbox 2386 4795 2597 4872; x_wconf 70' lang='grc' dir='ltr'><strong>καρπὸν</strong></span> <span class='ocrx_word' id='word_1_764' title='bbox 2629 4795 2940 4854; x_wconf 80' lang='grc' dir='ltr'><strong>ἀποδιδόναι</strong></span> <span class='ocrx_word' id='word_1_765' title='bbox 2964 4793 3105 4849; x_wconf 81' lang='grc' dir='ltr'><strong>κατὰ</strong></span> <span class='ocrx_word' id='word_1_766' title='bbox 3127 4793 3316 4866; x_wconf 79' lang='grc' dir='ltr'><strong>καιρὸν</strong></span> <span class='ocrx_word' id='word_1_767' title='bbox 3340 4788 3531 4847; x_wconf 84' lang='grc' dir='ltr'><strong>αὐτοῦ.</strong></span> 
     </span>
    </p>
   </div>
   <div class='ocr_carea' id='block_1_25' title="bbox 2134 4966 3721 6054">
    <p class='ocr_par' dir='ltr' id='par_1_27' title="bbox 2134 4966 3721 6054">
     <span class='ocr_line' id='line_1_103' title="bbox 2208 4966 3715 5048; baseline -0.004 -19"><span class='ocrx_word' id='word_1_768' title='bbox 2208 4973 2299 5046; x_wconf 64' lang='grc' dir='ltr'>ς’.</span> <span class='ocrx_word' id='word_1_769' title='bbox 2328 4973 2581 5048; x_wconf 87' lang='grc' dir='ltr'><strong>Χρῶνται</strong></span> <span class='ocrx_word' id='word_1_770' title='bbox 2620 4973 2679 5028; x_wconf 80' lang='grc' dir='ltr'>δὲ</span> <span class='ocrx_word' id='word_1_771' title='bbox 2708 4971 2803 5026; x_wconf 75' lang='grc' dir='ltr'>καὶ</span> <span class='ocrx_word' id='word_1_772' title='bbox 2848 4969 3062 5043; x_wconf 78' lang='grc' dir='ltr'><strong>Παλαιᾷ</strong></span> <span class='ocrx_word' id='word_1_773' title='bbox 3091 4969 3185 5024; x_wconf 72' lang='grc' dir='ltr'>καὶ</span> <span class='ocrx_word' id='word_1_774' title='bbox 3221 4968 3397 5041; x_wconf 77' lang='grc' dir='ltr'><strong>Καινῇ</strong></span> <span class='ocrx_word' id='word_1_775' title='bbox 3445 4966 3715 5042; x_wconf 76' lang='grc' dir='ltr'><strong>Διαθήκῃ.</strong></span> 
     </span>
     <span class='ocr_line' id='line_1_104' title="bbox 2149 5059 3719 5139; baseline -0.006 -16"><span class='ocrx_word' id='word_1_776' title='bbox 2149 5065 2576 5139; x_wconf 76' lang='grc' dir='ltr'><strong>Ἀπαγορεύουσι</strong></span> <span class='ocrx_word' id='word_1_777' title='bbox 2607 5065 2665 5120; x_wconf 78' lang='grc' dir='ltr'>δὲ</span> <span class='ocrx_word' id='word_1_778' title='bbox 2691 5065 2783 5121; x_wconf 81' lang='grc' dir='ltr'>τὸν</span> <span class='ocrx_word' id='word_1_779' title='bbox 2814 5062 3121 5136; x_wconf 80' lang='grc' dir='ltr'><strong>λαλήσαντα</strong></span> <span class='ocrx_word' id='word_1_780' title='bbox 3153 5063 3209 5115; x_wconf 81' lang='grc' dir='ltr'>ὲν</span> <span class='ocrx_word' id='word_1_781' title='bbox 3247 5063 3313 5133; x_wconf 78' lang='grc' dir='ltr'>τῇ</span> <span class='ocrx_word' id='word_1_782' title='bbox 3345 5059 3561 5130; x_wconf 82' lang='grc' dir='ltr'><strong>Παλαιᾷ</strong></span> <span class='ocrx_word' id='word_1_783' title='bbox 3588 5065 3719 5115; x_wconf 89' lang='grc' dir='ltr'><strong>Δια-</strong></span> 
     </span>
     <span class='ocr_line' id='line_1_105' title="bbox 2137 5152 3718 5232; baseline -0.003 -19"><span class='ocrx_word' id='word_1_784' title='bbox 2137 5157 2299 5232; x_wconf 80' lang='grc' dir='ltr'><strong>θήκῃ.</strong></span> <span class='ocrx_word' id='word_1_785' title='bbox 2361 5158 2472 5212; x_wconf 71' lang='grc' dir='ltr'>Καὶ</span> <span class='ocrx_word' id='word_1_786' title='bbox 2519 5158 2650 5213; x_wconf 85' lang='grc' dir='ltr'><strong>ὅταν</strong></span> <span class='ocrx_word' id='word_1_787' title='bbox 2699 5157 2798 5230; x_wconf 78' lang='grc' dir='ltr'>μὲν</span> <span class='ocrx_word' id='word_1_788' title='bbox 2856 5157 3010 5232; x_wconf 83' lang='grc' dir='ltr'>ρῆμα</span> <span class='ocrx_word' id='word_1_789' title='bbox 3055 5152 3258 5227; x_wconf 81' lang='grc' dir='ltr'><strong>εὖρωσί</strong></span> <span class='ocrx_word' id='word_1_790' title='bbox 3285 5171 3338 5208; x_wconf 87' lang='grc' dir='ltr'>τι</span> <span class='ocrx_word' id='word_1_791' title='bbox 3379 5155 3501 5207; x_wconf 76' lang='grc' dir='ltr'><strong>κατ’</strong></span> <span class='ocrx_word' id='word_1_792' title='bbox 3533 5152 3718 5209; x_wconf 64' lang='grc' dir='ltr'><strong>αύαῗιν</strong></span> 
     </span>
     <span class='ocr_line' id='line_1_106' title="bbox 2134 5242 3718 5323; baseline -0.003 -18"><span class='ocrx_word' id='word_1_793' title='bbox 2134 5250 2429 5323; x_wconf 86' lang='grc' dir='ltr'><strong>δυνάμενον</strong></span> <span class='ocrx_word' id='word_1_794' title='bbox 2461 5249 2606 5320; x_wconf 77' lang='grc' dir='ltr'><strong>ἔχειν</strong></span> <span class='ocrx_word' id='word_1_795' title='bbox 2652 5249 2744 5304; x_wconf 79' lang='grc' dir='ltr'>τὸν</span> <span class='ocrx_word' id='word_1_796' title='bbox 2786 5247 2931 5315; x_wconf 91' lang='grc' dir='ltr'><strong>νοῦν,</strong></span> <span class='ocrx_word' id='word_1_797' title='bbox 2963 5246 3128 5317; x_wconf 72' lang='grc' dir='ltr'><strong>φασὶν</strong></span> <span class='ocrx_word' id='word_1_798' title='bbox 3163 5245 3245 5299; x_wconf 81' lang='grc' dir='ltr'>ὅτι</span> <span class='ocrx_word' id='word_1_799' title='bbox 3294 5244 3454 5298; x_wconf 89' lang='grc' dir='ltr'><strong>τοῦτο</strong></span> <span class='ocrx_word' id='word_1_800' title='bbox 3478 5244 3590 5300; x_wconf 78' lang='grc' dir='ltr'><strong>ἀπὸ</strong></span> <span class='ocrx_word' id='word_1_801' title='bbox 3617 5242 3718 5300; x_wconf 88' lang='grc' dir='ltr'>τοῦ</span> 
     </span>
     <span class='ocr_line' id='line_1_107' title="bbox 2136 5334 3719 5415; baseline -0.006 -18"><span class='ocrx_word' id='word_1_802' title='bbox 2136 5343 2444 5415; x_wconf 82' lang='grc' dir='ltr'><strong>πνεύματος</strong></span> <span class='ocrx_word' id='word_1_803' title='bbox 2475 5339 2569 5397; x_wconf 88' lang='grc' dir='ltr'>τοῦ</span> <span class='ocrx_word' id='word_1_804' title='bbox 2613 5339 2878 5413; x_wconf 89' lang='grc' dir='ltr'><strong>κοσμικοῦ</strong></span> <span class='ocrx_word' id='word_1_805' title='bbox 2913 5337 3219 5411; x_wconf 85' lang='grc' dir='ltr'><strong>λελάληται·</strong></span> <span class='ocrx_word' id='word_1_806' title='bbox 3268 5335 3365 5391; x_wconf 71' lang='grc' dir='ltr'>ἐὰν</span> <span class='ocrx_word' id='word_1_807' title='bbox 3399 5334 3458 5391; x_wconf 75' lang='grc' dir='ltr'>δέ</span> <span class='ocrx_word' id='word_1_808' title='bbox 3502 5353 3589 5400; x_wconf 89' lang='grc' dir='ltr'>τις</span> <span class='ocrx_word' id='word_1_809' title='bbox 3632 5336 3719 5400; x_wconf 81' lang='grc' dir='ltr'>εἰς</span> 
     </span>
     <span class='ocr_line' id='line_1_108' title="bbox 2135 5425 3718 5507; baseline -0.008 -17"><span class='ocrx_word' id='word_1_810' title='bbox 2135 5434 2395 5507; x_wconf 84' lang='grc' dir='ltr'><strong>ὁμοίωσιν</strong></span> <span class='ocrx_word' id='word_1_811' title='bbox 2429 5433 2528 5506; x_wconf 81' lang='grc' dir='ltr'>τῆς</span> <span class='ocrx_word' id='word_1_812' title='bbox 2555 5431 2734 5488; x_wconf 85' lang='grc' dir='ltr'><strong>αὐτῶν</strong></span> <span class='ocrx_word' id='word_1_813' title='bbox 2775 5428 3066 5502; x_wconf 71' lang='grc' dir='ltr'><strong>ἐπιθυμίας</strong></span> <span class='ocrx_word' id='word_1_814' title='bbox 3100 5427 3351 5501; x_wconf 85' lang='grc' dir='ltr'><strong>δυνηθείη</strong></span> <span class='ocrx_word' id='word_1_815' title='bbox 3381 5425 3718 5498; x_wconf 78' lang='grc' dir='ltr'><strong>σχηματίζε-</strong></span> 
     </span>
     <span class='ocr_line' id='line_1_109' title="bbox 2136 5517 3720 5597; baseline -0.008 -16"><span class='ocrx_word' id='word_1_816' title='bbox 2136 5526 2263 5581; x_wconf 91' lang='grc' dir='ltr'><strong>σθαι</strong></span> <span class='ocrx_word' id='word_1_817' title='bbox 2280 5525 2467 5596; x_wconf 87' lang='grc' dir='ltr'><strong>λόγος,</strong></span> <span class='ocrx_word' id='word_1_818' title='bbox 2495 5526 2595 5597; x_wconf 80' lang='grc' dir='ltr'>οὐχ</span> <span class='ocrx_word' id='word_1_819' title='bbox 2628 5523 2705 5587; x_wconf 84' lang='grc' dir='ltr'><strong>ὡς</strong></span> <span class='ocrx_word' id='word_1_820' title='bbox 2735 5521 2932 5576; x_wconf 77' lang='grc' dir='ltr'><strong>ἔστιτὸ</strong></span> <span class='ocrx_word' id='word_1_821' title='bbox 2965 5521 3137 5593; x_wconf 82' lang='grc' dir='ltr'><strong>ρῆμα,</strong></span> <span class='ocrx_word' id='word_1_822' title='bbox 3164 5519 3279 5573; x_wconf 81' lang='grc' dir='ltr'><strong>ἀλλ’</strong></span> <span class='ocrx_word' id='word_1_823' title='bbox 3306 5519 3382 5582; x_wconf 84' lang='grc' dir='ltr'><strong>ὡς</strong></span> <span class='ocrx_word' id='word_1_824' title='bbox 3418 5518 3532 5590; x_wconf 76' lang='grc' dir='ltr'><strong>ἔχει</strong></span> <span class='ocrx_word' id='word_1_825' title='bbox 3561 5519 3592 5570; x_wconf 85' lang='grc' dir='ltr'><strong>ὀ</strong></span> <span class='ocrx_word' id='word_1_826' title='bbox 3616 5517 3720 5570; x_wconf 71' lang='grc' dir='ltr'><strong>αι’,-</strong></span> 
     </span>
     <span class='ocr_line' id='line_1_110' title="bbox 2136 5607 3721 5688; baseline -0.009 -15"><span class='ocrx_word' id='word_1_827' title='bbox 2136 5617 2245 5672; x_wconf 89' lang='grc' dir='ltr'>τῶν</span> <span class='ocrx_word' id='word_1_828' title='bbox 2276 5617 2401 5683; x_wconf 91' lang='grc' dir='ltr'><strong>νοῦς</strong></span> <span class='ocrx_word' id='word_1_829' title='bbox 2428 5617 2458 5671; x_wconf 85' lang='grc' dir='ltr'>ὁ</span> <span class='ocrx_word' id='word_1_830' title='bbox 2481 5613 2833 5688; x_wconf 80' lang='grc' dir='ltr'><strong>ὴπατημένος</strong></span> <span class='ocrx_word' id='word_1_831' title='bbox 2849 5652 2865 5678; x_wconf 94' lang='grc'><strong>,</strong></span> <span class='ocrx_word' id='word_1_832' title='bbox 2895 5611 3083 5667; x_wconf 88' lang='grc' dir='ltr'><strong>τοῦτον</strong></span> <span class='ocrx_word' id='word_1_833' title='bbox 3110 5608 3608 5682; x_wconf 79' lang='grc' dir='ltr'><strong>μετασκευάζοντες</strong></span> <span class='ocrx_word' id='word_1_834' title='bbox 3637 5607 3721 5671; x_wconf 87' lang='grc' dir='ltr'>είς</span> 
     </span>
     <span class='ocr_line' id='line_1_111' title="bbox 2135 5697 3720 5780; baseline -0.009 -16"><span class='ocrx_word' id='word_1_835' title='bbox 2135 5707 2235 5780; x_wconf 85' lang='grc' dir='ltr'>τὴν</span> <span class='ocrx_word' id='word_1_836' title='bbox 2260 5707 2468 5762; x_wconf 69' lang='grc' dir='ltr'><strong>ἑαυτῶν</strong></span> <span class='ocrx_word' id='word_1_837' title='bbox 2499 5703 2814 5775; x_wconf 78' lang='grc' dir='ltr'><strong>ὲπιθυμίαν,</strong></span> <span class='ocrx_word' id='word_1_838' title='bbox 2855 5702 3155 5773; x_wconf 75' lang='grc' dir='ltr'><strong>φάσκουσιν</strong></span> <span class='ocrx_word' id='word_1_839' title='bbox 3188 5701 3254 5755; x_wconf 86' lang='grc' dir='ltr'><strong>ὲκ</strong></span> <span class='ocrx_word' id='word_1_840' title='bbox 3276 5698 3370 5753; x_wconf 85' lang='grc' dir='ltr'>τοῦ</span> <span class='ocrx_word' id='word_1_841' title='bbox 3402 5697 3720 5770; x_wconf 85' lang='grc' dir='ltr'><strong>πνεύματος</strong></span> 
     </span>
     <span class='ocr_line' id='line_1_112' title="bbox 2135 5789 3719 5872; baseline -0.008 -17"><span class='ocrx_word' id='word_1_842' title='bbox 2135 5799 2236 5872; x_wconf 78' lang='grc' dir='ltr'>τῆς</span> <span class='ocrx_word' id='word_1_843' title='bbox 2260 5798 2515 5871; x_wconf 84' lang='grc' dir='ltr'><strong>ἀληθείας</strong></span> <span class='ocrx_word' id='word_1_844' title='bbox 2538 5794 2884 5868; x_wconf 84' lang='grc' dir='ltr'><strong>λελαλῆσθαι.</strong></span> <span class='ocrx_word' id='word_1_845' title='bbox 2921 5795 3034 5851; x_wconf 72' lang='grc' dir='ltr'>Καὶ</span> <span class='ocrx_word' id='word_1_846' title='bbox 3063 5793 3222 5849; x_wconf 88' lang='grc' dir='ltr'><strong>τοῦτό</strong></span> <span class='ocrx_word' id='word_1_847' title='bbox 3253 5794 3369 5847; x_wconf 76' lang='grc' dir='ltr'><strong>ἐστι</strong></span> <span class='ocrx_word' id='word_1_848' title='bbox 3395 5830 3411 5856; x_wconf 94' lang='grc'><strong>,</strong></span> <span class='ocrx_word' id='word_1_849' title='bbox 3452 5793 3619 5860; x_wconf 65' lang='grc' dir='ltr'><strong>φασιν</strong></span> <span class='ocrx_word' id='word_1_850' title='bbox 3638 5829 3654 5854; x_wconf 93' lang='grc'><strong>,</strong></span> <span class='ocrx_word' id='word_1_851' title='bbox 3686 5789 3719 5843; x_wconf 88' lang='grc' dir='ltr'><strong>δ</strong></span> 
     </span>
     <span class='ocr_line' id='line_1_113' title="bbox 2138 5877 3721 5960; baseline -0.006 -18"><span class='ocrx_word' id='word_1_852' title='bbox 2138 5883 2288 5945; x_wconf 79' lang='grc' dir='ltr'><strong>εἶπεν</strong></span> <span class='ocrx_word' id='word_1_853' title='bbox 2311 5889 2341 5943; x_wconf 82' lang='grc' dir='ltr'><strong>ὁ</strong></span> <span class='ocrx_word' id='word_1_854' title='bbox 2360 5885 2563 5960; x_wconf 77' lang='grc' dir='ltr'><strong>Κύριος</strong></span> <span class='ocrx_word' id='word_1_855' title='bbox 2594 5886 2722 5959; x_wconf 73' lang='grc' dir='ltr'><strong>περὶ</strong></span> <span class='ocrx_word' id='word_1_856' title='bbox 2758 5885 3035 5941; x_wconf 79' lang='grc' dir='ltr'><strong>Ἰωάννου·</strong></span> <span class='ocrx_word' id='word_1_857' title='bbox 3079 5884 3141 5938; x_wconf 82' lang='grc' dir='ltr'>Τί</span> <span class='ocrx_word' id='word_1_858' title='bbox 3174 5881 3459 5951; x_wconf 64' lang='grc' dir='ltr'><strong>ἐξήλθετε</strong></span> <span class='ocrx_word' id='word_1_859' title='bbox 3478 5882 3567 5946; x_wconf 76' lang='grc' dir='ltr'>είς</span> <span class='ocrx_word' id='word_1_860' title='bbox 3600 5877 3721 5946; x_wconf 79' lang='grc' dir='ltr'>τὴν</span> 
     </span>
     <span class='ocr_line' id='line_1_114' title="bbox 2140 5971 3717 6054; baseline -0.008 -15"><span class='ocrx_word' id='word_1_861' title='bbox 2140 5981 2360 6054; x_wconf 75' lang='grc' dir='ltr'><strong>ἔρημον</strong></span> <span class='ocrx_word' id='word_1_862' title='bbox 2380 5979 2705 6038; x_wconf 83' lang='grc' dir='ltr'><strong>θεάσασθαι</strong></span> <span class='ocrx_word' id='word_1_863' title='bbox 2722 5995 2743 6045; x_wconf 93' lang='lat'>,·</span> <span class='ocrx_word' id='word_1_864' title='bbox 2758 5977 3038 6048; x_wconf 68' lang='grc' dir='ltr'><strong>Κάλαμον</strong></span> <span class='ocrx_word' id='word_1_865' title='bbox 3066 5971 3184 6030; x_wconf 75' lang='grc' dir='ltr'><strong>ὑπὸ</strong></span> <span class='ocrx_word' id='word_1_866' title='bbox 3201 5973 3425 6046; x_wconf 78' lang='grc' dir='ltr'><strong>ἀνέμου</strong></span> <span class='ocrx_word' id='word_1_867' title='bbox 3451 5972 3717 6029; x_wconf 57' lang='grc' dir='ltr'><strong>σαλευό-</strong></span> 
     </span>
    </p>
   </div>
  </div>
 </body>
</html>
