3850 6517
297 564 398 621 ⁸201

1717 554 1778 611 S.
1819 552 2161 611 Et‘u‘ltANlt

3457 553 3567 611 202

301 684 449 740 idem
485 689 745 754 preterea
791 679 1012 734 uomina
1057 680 1306 750 quaedam
1363 679 1768 751 principatuum
1815 695 1878 734 ac
1907 684 1953 740 Α
1980 677 2272 743 ἐξουσιῶν·
2309 673 2569 747 οὐρανούς
2618 691 2677 727 τε
2724 672 3013 744 διαφόρους
3066 672 3230 743 φησί·
3267 670 3387 725 καθ’
3438 672 3560 727 beat·

300 781 630 846 potestatum
685 778 1029 826 commentus
1091 777 1213 838 est,
1274 770 1640 841 coelestesque
1692 769 1883 841 globos

301 865 520 928 varios:
561 871 724 933 atque
768 862 823 915 in
856 859 1202 918 firmamento
1248 861 1499 932 coeloque
1527 860 1767 932 quolibet
1799 860 1885 914 in·

299 953 630 1026 telligentias
660 962 839 1009 certas
865 953 1120 1018 collocat,
1163 952 1364 1023 quibus
1391 953 1657 1009 barbaras
1697 955 1885 1024 appel*

303 1048 536 1103 lationes
569 1046 794 1116 affingit.
844 1043 1013 1116 Negat
1055 1031 1281 1116 iusuper
1326 1046 1557 1101 salutem
1613 1047 1887 1116 consequi

305 1138 476 1194 ullum
523 1137 806 1192 hominum
853 1136 1009 1191 aliter
1055 1150 1256 1205 posse,
1305 1150 1468 1205 quam
1524 1135 1570 1190 si
1616 1133 1886 1205 ejusmodi

303 1229 562 1300 mysteria
600 1226 875 1291 didicerit,
919 1233 974 1283 et
1011 1227 1392 1282 universitatis
1432 1226 1645 1296 parenti
1694 1239 1758 1279 ea
1798 1239 1887 1279 sa·

303 1317 507 1372 crinein
539 1331 634 1388 pet·
671 1317 796 1371 illos
839 1330 981 1385 quos
1007 1315 1246 1370 diximus
1275 1315 1615 1387 principatus
1642 1329 1706 1369 ac
1736 1322 1889 1386 pote·

304 1417 473 1465 states
515 1408 798 1463 obtulerit.
849 1407 1108 1462 Nostrum
1163 1408 1267 1462 hnc
1311 1423 1476 1479 porro
1510 1408 1770 1462 saeculum
1818 1408 1887 1462 ab

303 1499 562 1570 nequitiae
593 1499 993 1569 principatibus
1021 1507 1075 1553 et
1106 1499 1468 1570 potestatibus
1502 1513 1626 1552 cum
1667 1497 1885 1553 defectu

303 1591 604 1648 conditum.
633 1591 738 1645 Sed
773 1599 822 1647 el
855 1592 1041 1646 caruis
1068 1591 1338 1645 duntaxat
1384 1592 1548 1647 unius
1576 1591 1889 1662 corruptio-

302 1697 426 1739 nem
456 1691 618 1752 atque
651 1683 970 1747 interitum3
1006 1682 1318 1737 animarum
1353 1698 1483 1739 vero
1517 1682 1885 1753 expiationem

303 1772 519 1830 astruit.
548 1773 624 1825 ita
653 1779 837 1826 tamen
867 1772 916 1825 si
950 1772 1386 1827 mendacissimae
1415 1773 1751 1842 cognitionis
1774 1788 1887 1827 suae

301 1864 578 1936 mysteriis
612 1864 843 1918 initiatae
876 1863 1102 1919 suerint.
1145 1865 1324 1934 Atque
1352 1865 1484 1919 hinc
1521 1879 1712 1920 eornm
1746 1880 1886 1935 quos

302 1953 593 2012 Gnosticos
633 1957 973 2026 appellamus
1013 1957 1171 2028 origo
1202 1954 1480 2027 profluxit.
1505 1954 1774 2010 Praeterea
1805 1956 1886 2011 le·

1989 787 2113 823 στον
2145 770 2203 823 δὲ
2244 768 2528 839 στερέωμα
2570 768 2665 821 καὶ
2721 766 2950 838 οὐρανὸν
2990 766 3247 837 δυνάμεις
3286 764 3437 831 τινάς
3465 768 3568 834 ὑφ-

1989 862 2225 932 ηγεῖται,
2268 861 2361 913 καὶ
2403 859 2641 930 ὀνόματα
2669 857 2981 929 βαρῦαρικά
3022 857 3246 920 τούτους
3275 856 3567 912 ἐκτίθεται.

1987 951 2079 1022 Μὴ
2123 949 2297 1014 ἄλλως
2331 950 2388 1003 δὲ
2419 949 2681 1003 δύνασθαι
2727 946 2999 1011 σώζεσθαί
3031 966 3176 1015 τινα,
3206 951 3252 1003 εί
3291 949 3364 1020 μή
3407 965 3461 1001 τι
3503 947 3572 1000 ἂν

1990 1042 2152 1114 μάθοι
2173 1041 2376 1113 ταύτην
2404 1044 2501 1112 τὴν
2528 1039 2937 1111 μυσταγωγίαν,
2964 1040 3177 1104 καὶτὰς
3201 1039 3456 1104 τοιαύτας
3478 1038 3571 1092 θυ-

1990 1134 2109 1197 σίας
2131 1134 2210 1204 τῷ
2239 1133 2413 1204 nupt
2456 1131 2564 1185 τῶν
2591 1130 2732 1186 ὅλοιν
2763 1130 2851 1184 διά
2879 1130 2990 1185 τῶν
3019 1131 3204 1203 ἀρχῶν
3233 1131 3439 1184 τούτων
3476 1131 3571 1184 καὶ

1988 1222 2248 1288 ἐξουσιῶν
2283 1220 2638 1294 προσφέρειν.
2667 1214 2821 1274 Εἶναί
2843 1237 2902 1273 τε
2931 1220 3024 1274 τὸν
3057 1221 3228 1275 αἰῶνα
3251 1222 3443 1275 τοῦτον
3463 1221 3575 1274 ἀπὺ

1986 1314 2170 1387 ἀρχῶν
2195 1314 2289 1368 καὶ
2312 1313 2573 1380 ἐξουσιῶν
2603 1329 2737 1385 φησι
2766 1313 2869 1383 τῆς
2903 1312 3102 1377 κακίας
3132 1315 3189 1368 ἐν
3227 1313 3573 1384 ὲλαττώματι

1988 1406 2516 1477 κατεσκευασμένον.
2559 1404 2771 1476 Φθοράν
2809 1405 2870 1458 δὲ
2898 1405 3189 1476 ὑφηγεῖται
3236 1405 3437 1476 σαρκὸς
3477 1406 3574 1460 καὶ

1988 1497 2264 1552 ἀπώλειαν
2312 1497 2493 1567 μόνον,
2520 1494 2712 1567 ψυχῶν
2753 1495 2809 1549 δὲ
2850 1495 3142 1565 κάθαρσιν,
3175 1497 3268 1551 καὶ
3292 1496 3498 1569 ταύτην
3521 1497 3574 1550 εί

1988 1587 2077 1641 διὰ
2101 1586 2202 1657 τῆς
2230 1585 2425 1640 ἑαυτοῦ
2466 1585 2714 1656 πεπλανη
2726 1586 2894 1657 μένης
2916 1584 3171 1654 γνώσεως
3200 1588 3257 1640 ὲν
3284 1604 3575 1659 μυσταγω-

1989 1682 2085 1754 γίᾳ
2117 1682 2468 1735 κατασταῖεν.
2495 1681 2605 1733 Καὶ
2638 1679 2812 1743 οὕτως
2856 1678 3084 1749 ἄρχεται
3112 1679 3219 1733 τῶν
3256 1679 3575 1749 γνωστικῶν

1989 1773 2341 1843 καλουμένων
2395 1773 2428 1843 ὴ
2472 1773 2635 1843 ἀρχή.
2681 1771 2772 1842 Μὴ
2807 1766 2947 1824 εἶναι
2983 1770 3040 1824 δὲ
3073 1769 3164 1824 τὸν
3208 1771 3374 1837 νόμον
3414 1770 3574 1837 Θεοῦ,

1988 1863 2101 1918 ἀλλ’
2132 1863 2426 1934 ἀριστερᾶς
2451 1861 2734 1932 δυνάμεως
2766 1861 2973 1931 ἔφασκε
2992 1877 3007 1892 ·
3035 1863 3171 1933 μήτε
3202 1864 3487 1934 προφήτας
3513 1862 3577 1930 ἐξ

1989 1952 2195 2023 ἀγαθοῦ
2222 1953 2358 2006 Θεοῦ
2385 1953 2674 2025 ὑπάρχειν,
2705 1952 2820 2006 ἀλλ’
2849 1953 2936 2006 ἑτέ
2946 1970 3044 2024 ρας
3070 1955 3164 2006 καὶ
3204 1953 3396 2026 ἑτέρας
3416 1954 3577 2010 δυνά-

299 2060 421 2118 gem
453 2063 561 2102 non
589 2062 619 2100 a
645 2046 774 2109 Deo.
809 2048 903 2105 sed
932 2063 962 2103 a
992 2048 1219 2104 sinistra
1242 2047 1482 2117 quadam
1522 2047 1883 2120 intelligentia
1918 2030 1963 2084 Β
1996 2061 2166 2116 μεως.
2191 2044 2302 2096 Καὶ
2336 2043 2409 2106 ὡς
2443 2041 2690 2114 βούλεται
2734 2042 2950 2113 ἑκάστῳ
2977 2041 3217 2113 ὁρίζεται
3238 2041 3330 2096 τὸν
3359 2041 3457 2112 μὲν
3485 2042 3578 2097 νό-

301 2136 602 2209 prol'ectam
663 2140 1020 2195 asseritzutl
1072 2155 1254 2211 neque
1310 2140 1608 2211 propbetas
1663 2153 1694 2194 a
1741 2142 1885 2197 bono

301 2226 448 2294 Deo,
503 2230 601 2286 sed
648 2232 717 2286 ab
762 2232 865 2286 alia
914 2240 1080 2302 atque
1129 2232 1235 2288 alia
1288 2240 1477 2288 censet
1524 2231 1885 2302 intelligentia

300 2330 651 2394 comparatos
702 2321 894 2378 fuisse.
943 2323 1204 2393 Adeoque
1262 2337 1361 2394 pro
1411 2321 1640 2376 arbitrio
1695 2321 1887 2378 delinit

301 2410 509 2472 omnia,
556 2422 615 2465 ut
644 2411 815 2481 legem
856 2412 1021 2468 unius
1077 2428 1200 2469 esse
1239 2413 1410 2475 dicat,
1445 2411 1704 2467 Davidem
1743 2413 1882 2468 alte·

299 2501 440 2564 rius,
468 2500 665 2556 isaia-n
689 2499 757 2555 ad
781 2501 943 2561 hanc.
971 2502 1313 2558 Ezechielem
1341 2501 1408 2557 ad
1436 2503 1583 2557 illam
1609 2503 1884 2573 pertinere

301 2593 450 2660 velit,
488 2592 848 2663 singulosque
878 2594 1176 2663 prophetas
1215 2593 1618 2665 principatibus
1645 2594 1764 2649 suis
1808 2601 1886 2648 at·

1995 2153 2094 2208 μον
2120 2133 2287 2199 τινος,
2315 2133 2480 2188 Aucta
2499 2133 2556 2188 δὲ
2579 2133 2768 2205 ἄλλης,
2806 2133 3033 2189 Ἡσαΐαν
3068 2134 3284 2206 ἐτέρας,
3318 2133 3578 2207 Ἶεζεκιὴλ

1994 2227 2155 2282 πάλιν
2196 2226 2409 2298 ἑτέρας,
2448 2225 2544 2280 καὶ
2589 2225 2821 2280 ἕκαστον
2847 2244 2969 2281 τινα
3010 2226 3118 2281 τῶν
3157 2227 3450 2299 προφητῶν
3478 2229 3580 2301 μιᾷ

1992 2319 2136 2390 ἀρχῇ
2185 2317 2519 2373 ἀνατίθεται.
2554 2313 2711 2372 Εἶναι
2736 2318 2793 2371 δὲ
2839 2319 3065 2384 τούτους
3099 2319 3347 2383 ἅπαντας
3381 2320 3449 2373 ἐκ
3476 2318 3579 2391 τῆς

1991 2411 2287 2483 ἀριστερᾶς
2300 2410 2605 2481 δυνάμεως,
2629 2412 2723 2466 καὶ
2745 2412 2851 2478 ἔξω
2871 2411 2964 2465 τοῦ
2990 2410 3373 2483 πληρώματος.
3394 2414 3580 2468 Πάντα

1989 2502 2047 2556 δὲ
2077 2503 2169 2557 τὸν
2208 2502 2534 2558 πιστεύοντα
2577 2506 2644 2576 τῇ
2689 2504 2903 2577 natata
2929 2504 3171 2578 Διαθήκῃ
3213 2505 3438 2561 θάνατον
3474 2507 3581 2560 ὕπ-

1992 2595 2159 2666 έχειν.

299 2685 524 2740 tribuat.
583 2682 733 2751 Quos
806 2697 997 2739 omnes
1054 2685 1297 2740 sinistrae
1372 2683 1481 2755 59
1543 2683 1918 2756 intelligentias
1986 2686 2252 2753 ascribit,
2312 2693 2477 2757 atque
2528 2701 2559 2741 a
2620 2697 3026 2758 complemento
3079 2689 3281 2760 rejicit.
3336 2690 3581 2763 Denique

301 2780 554 2854 quisquis
583 2777 767 2835 Veteri
815 2777 1170 2835 Testamento
1210 2779 1375 2835 (idem
1421 2780 1665 2847 adhibet,
1699 2781 1983 2837 incurrere
2008 2791 2240 2838 mortem
2270 2788 2575 2838 asseverat.

371 2873 442 2932 V.
482 2874 681 2932 Verum
724 2874 997 2945 ejusmodi
1031 2875 1227 2946 dogma
1270 2876 1339 2931 ab
1383 2874 1617 2946 ipsamet
1653 2876 1883 2932 veritate

302 2967 592 3025 refellitur.
620 2965 757 3020 Nam
789 2967 835 3022 si
866 2967 949 3023 vis
979 2966 1070 3023 ille
1098 2966 1192 3021 Dei
1217 2977 1304 3022 est
1334 2978 1387 3022 et
1407 2969 1630 3038 quidem
1663 2984 1878 3040 magna,

304 3060 608 3116 scortillum
635 3072 766 3111 vero
795 3058 1196 3113 contubernale
1237 3058 1369 3112 illud
1405 3058 1669 3130 Spiritus,
1700 3067 1759 3113 ut
1788 3059 1884 3124 ait,

303 3153 528 3206 sauctus
572 3157 675 3212 est,
707 3147 878 3212 dicat,
919 3165 1125 3221 quaeso,
1151 3165 1261 3220 quo
1292 3150 1512 3205 tandem
1544 3151 1766 3207 nomine
1800 3167 1892 3223 ap·

304 3239 553 3312 pellanda
580 3240 665 3295 vis
694 3238 785 3293 illa
813 3240 886 3295 sit
915 3257 930 3295 ι
968 3248 1063 3295 aut
1103 3240 1237 3313 quid
1276 3256 1456 3296 causae
1504 3241 1598 3309 sit,
1634 3256 1734 3296 cur
1762 3257 1887 3297 cum

2066 2877 2146 2931 13⁰.
2200 2876 2592 2948 Ἀνατρέπεται
2617 2875 2672 2929 δὲ
2697 2875 2856 2930 τοῦτο
2879 2877 2939 2930 τὸ
2960 2877 3137 2949 δόγμα
3165 2879 3259 2933 ὑπ’
3287 2879 3457 2952 αὐτῆς
3480 2880 3583 2954 τῆς

1991 2965 2273 3040 ἀληθείας.
2307 2967 2371 3020 Εἰ
2401 2966 2511 3039 γὰρ
2535 2966 2697 3031 αὐτὸς
2725 2967 2809 3039 εἴη
2835 2970 2868 3040 ἡ
2892 2968 3120 3042 δύναμις
3140 2970 3233 3025 τοῦ
3258 2970 3391 3029 Θεοῦ
3421 2974 3454 3044 ἡ
3483 2989 3585 3045 με-

1995 3057 2156 3129 γάλη,
2214 3058 2309 3110 καὶ
2342 3058 2403 3111 τὸ
2448 3059 2545 3111 σὺν
2591 3056 2740 3129 αὐτῷ
2797 3060 3069 3131 πορνίδιον
3125 3061 3185 3114 τὸ
3241 3058 3464 3132 Πνεῦμα
3517 3060 3581 3116 τὸ

1996 3149 2169 3218 ἀγιον,
2201 3148 2276 3213 ὠς
2307 3148 2469 3214 αύτός
2495 3165 2648 3218 φησι,
2674 3151 2903 3220 φησάτω
2929 3151 2983 3204 τί
3010 3152 3070 3204 τὸ
3099 3151 3269 3222 ὄνομα
3295 3153 3394 3222 τῆς
3411 3152 3578 3206 δυνά-

2000 3256 2166 3311 μεως,
2200 3240 2233 3312 ἢ
2274 3241 2381 3295 τίνι
2427 3238 2506 3311 τῷ
2546 3240 2691 3313 λόγῳ
2720 3241 2782 3295 τὸ
2811 3241 3057 3297 ἐπίθετον
3092 3242 3203 3313 (57)
3233 3243 3299 3313 τῇ
3343 3242 3444 3313 μὲν
3468 3257 3575 3312 γυ-

304 3332 646 3389 tnulierculae
681 3332 1112 3404 appellationem
1151 3334 1394 3403 aliquam
1441 3334 1716 3399 tribuerit,
1754 3334 1889 3390 sibi·
1917 3364 1961 3420 C
1997 3333 2145 3387 ναικι
2170 3332 2467 3406 ὲφηύρατο,
2498 3333 2677 3406 ἑαυτῷ
2712 3334 2773 3388 δὲ
2801 3335 2861 3388 οὐ
2884 3333 2946 3387 τὸ
2974 3333 3254 3406 παράπαν.
3283 3332 3409 3399 Πῶς
3432 3333 3490 3388 δὲ
3520 3337 3578 3391 ὲν

304 3515 500 3581 ποιεῖν,
521 3519 630 3568 etc.
669 3507 803 3580 Quae
830 3512 1147 3584 angelornm
1194 3514 1461 3585 ὀνομασία
1505 3515 1574 3570 ad
1598 3532 1882 3589 magorum

303 3584 637 3707 praesttffias,
683 3585 1210 3652 supet·.-titiososque
1251 3587 1435 3640 cultus
1474 3588 1663 3642 referri
1696 3591 1879 3654 debet,

303 3662 366 3710 ιιι
393 3662 447 3710 et
480 3654 494 3709 i
521 3653 611 3707 lud
641 3651 797 3707 Pauli
829 3652 897 3707 ad
925 3651 1141 3708 Coloss.
1163 3669 1215 3709 c.
1249 3669 1285 3708 ιι
1311 3669 1327 3706 t
1368 3656 1576 3727 Μηδεὶς
1606 3658 1752 3728 ὑμᾶς
1784 3675 1886 3713 κα-

301 3722 687 3797 ταδραξευέτω
709 3722 876 3778 θέλων
896 3726 952 3776 ὲν
977 3724 1449 3798 ταπεινοφροσύνῃ
1483 3730 1577 3780 καὶ
1618 3727 1887 3802 θρησκείᾳ

304 3793 415 3849 τῶν
435 3792 708 3865 ἀγγέλων.
752 3794 831 3848 Ex
898 3809 967 3847 tto
998 3794 1125 3848 illud
1155 3802 1401 3864 apparet.
1428 3811 1591 3866 quatu
1615 3798 1797 3868 inepte
1817 3802 1886 3854 ab

304 3865 580 3947 baereticis
621 3863 690 3916 ad
722 3864 849 3919 stoli
891 3863 1066 3919 issimi
1096 3865 1312 3946 ‘ert-nris
1345 3867 1709 3935 patrocinium
1733 3877 1885 3923 uter-

304 3932 1235 4075 inexinanita?‘lxxxx'
1260 3943 1349 4061 ‘²3ss
1379 3937 1887 4079 *iffiqissssissrffii

304 4075 575 4149 θρησκείᾳ
623 4075 825 4128 nullam
885 4075 956 4129 ab
1010 4073 1315 4144 Epiphanio
1374 4077 1704 4132 mentionem
1757 4093 1885 4133 esse

304 4144 529 4201 saetam.
579 4141 721 4210 Quid
749 4145 893 4198 enim
922 4144 1149 4209 clarius,
1187 4158 1350 4214 quam
1377 4147 1524 4214 quod
1553 4143 1889 4216 Epiphanius

304 4214 412 4273 hoe
451 4217 576 4270 ioco
607 4220 816 4276 narrat,
856 4213 1134 4270 Simonem
1182 4217 1501 4284 angelorum
1531 4218 1718 4272 nescio
1748 4232 1888 4288 quas

305 4285 703 4356 appellationes
731 4297 854 4339 esse
884 4291 1250 4339 commentum
1274 4301 1288 4350 ;
1342 4300 1445 4339 nec
1471 4286 1626 4341 aliter
1653 4286 1890 4341 obtineri

305 4369 471 4478 Βοεεε
515 4357 744 4409 salntem
788 4369 1155 4420 asseverasse,
1205 4369 1369 4425 quam
1418 4359 1464 4410 si
1505 4359 1630 4426 quis
1675 4371 1891 4412 sununo

351 4424 524 4479 arenti
550 4439 644 4494 per
665 4423 884 4478 easdem
912 4424 1034 4479 illas
1061 4432 1360 4495 potestates
1383 4439 1445 4481 ae
1492 4427 1890 4482 dominationes

307 4494 637 4551 sacrificium
665 4491 880 4548 offerret
895 4493 1012 4548 iAn
1030 4510 1138 4550 non
1157 4495 1271 4549 haec
1288 4503 1374 4550 est
1386 4493 1653 4570 θρησκεία
1663 4496 1773 4552 τῶν
1788 4498 1893 4567 ἀγ-

305 4563 483 4691 ὄὲλων
506 4565 530 4618 ‘l
555 4564 770 4618 Atenim
786 4564 1382 4646 angelos,qu‹»stnundi
1404 4569 1717 4624 conditores
1738 4568 1888 4635 lecit,

344 4642 610 4690 etestatus
633 4642 717 4689 est
749 4635 962 4701 Simon,
988 4650 1215 4706 suisque
1239 4637 1412 4691 vetuit
1444 4639 1735 4710 προσέχειν
1762 4637 1887 4692 τού-

306 4721 441 4770 τοις,
469 4714 528 4760 ιιι
553 4706 632 4761 ait
662 4703 936 4760 Theodor.
974 4714 1029 4760 et
1060 4706 1292 4763 lrenaeus
1313 4746 1326 4760 .
1388 4705 1492 4773 Qui
1549 4709 1716 4776 igitur
1745 4724 1881 4763 con·

312 4779 479 4840 venit,
512 4785 573 4830 ιιι
591 4773 890 4847 θρησκείαν
928 4775 1036 4832 illis
1079 4775 1432 4832 adbibuerit?
1481 4778 1587 4832 Sed
1622 4778 1881 4834 nimirum

307 4853 602 4917 utrumque
648 4861 834 4900 verum
879 4852 983 4901 est.
1045 4846 1283 4916 Angelos
1334 4847 1525 4903 mundi
1570 4849 1885 4905 condant-es

306 4912 739 4972 contemnendos
777 4928 900 4968 esse
935 4915 1123 4969 docuit
1153 4928 1403 4984 eatenus,
1450 4926 1510 4972 ut
1549 4934 1714 4989 supra
1758 4920 1883 4976 illos

318 4983 658 5040 attollendos·
687 4998 745 5039 se
777 4998 900 5039 esse
931 4985 1236 5051 crederent,
1259 4987 1400 5043 etad
1426 5002 1698 5044 summum
1729 4990 1881 5044 illum

310 5054 525 5112 Patrem
546 5068 878 5110 emersuros.
910 5055 988 5108 Ac
1008 5056 1367 5112 nihilomiuus
1388 5065 1595 5123 tamen,
1637 5059 1881 5129 quandiu

311 5127 369 5181 in
402 5127 503 5181 bac
533 5131 645 5181 vita
672 5125 951 5196 degerent,
991 5127 1344 5183 exsecrandis
1380 5128 1488 5185 illis
1508 5130 1786 5200 mysteriis
1813 5144 1882 5183 ae

310 5195 510 5251 ritibus
549 5196 876 5266 placandos3
923 5212 992 5282 ne
1027 5197 1306 5253 evolantes
1347 5211 1382 5253 e
1411 5201 1738 5281 corporibus
1758 5201 1886 5254 ani·

309 5265 1212 5404 :3:23„¹³:1⁰2332.{353,.2¹.⁶32¹.222·:l·
1227 5265 1884 5413 21ss¹l⁰2r25¹523²¹353332

309 5406 423 5468 τοῖς
458 5419 528 5458 σι
567 5407 740 5468 κικοίς
776 5406 1086 5462 ἀποδοτέον.
1265 5456 1272 5463 .

350 5473 495 5555 tin)
529 5421 598 5528 gi
623 5475 741 5528 τίνι
766 5472 854 5556 τῷ.
873 5478 1037 5546 λόγῳ
1058 5477 1123 5532 τὸ
1147 5478 1438 5534 ἐπίθετον.
1479 5476 1620 5545 Quid
1664 5480 1883 5538 tandem

311 5543 416 5624 stbt
451 5545 566 5599 vult
590 5545 967 5613 Epiphanius?
1000 5547 1164 5616 Negat
1212 5548 1359 5603 enim
1398 5547 1676 5606 Simonem
1717 5552 1883 5606 ullam

312 5613 420 5671 sibi
448 5615 867 5684 appellationem
898 5615 1184 5673 indidisse.
1224 5617 1390 5689 Atqui
1448 5619 1497 5675 is
1552 5621 1720 5676 trium
1778 5622 1885 5678 sibi

314 5698 673 5755 personarum
718 5684 939 5738 nomina
981 5686 1314 5754 vindicabat,
1366 5697 1422 5745 et
1469 5689 1702 5763 δύναμιν
1741 5692 1888 5749 inter

314 5763 510 5810 caeters
535 5752 672 5808 Θεοῦ
692 5769 816 5810 sese
841 5755 1158 5812 nominabat
1187 5771 1202 5811 ι
1235 5759 1339 5813 boc
1361 5767 1471 5825 est,
1500 5772 1559 5816 ut
1584 5777 1688 5833 ogo
1715 5763 1889 5820 inter·

314 5832 520 5892 pretor,
558 5821 649 5881 Dei
682 5824 899 5881 Filium.
930 5823 1066 5883 Vide
1086 5825 1227 5884 lren.
1249 5828 1605 5896 -Quteritur
1634 5847 1666 5887 a
1689 5847 1886 5907 magno

315 5893 556 5963 Petsvio,
584 5894 715 5967 quid
737 5895 866 5954 velit
902 5895 1260 5969 Epiphanius,
1294 5903 1387 5972 qui
1416 5909 1575 5976 neget
1605 5899 1883 5962 Simonem

1995 3535 2161 3591 ullam
2216 3533 2319 3590 sibi
2370 3533 2786 3606 appellationem
2834 3536 3117 3601 indidisse,
3145 3552 3267 3592 cum
3319 3536 3367 3595 is
3415 3539 3580 3607 trium

1993 3606 2096 3660 sibi
2147 3619 2509 3676 personarum
2567 3606 2786 3659 nomina
2839 3606 3179 3669 vindicaret,
3236 3615 3291 3662 et
3352 3606 3586 3682 δύναμιν

1995 3672 2131 3728 θεοῦ
2158 3679 2301 3729 inter
2317 3683 2515 3731 caetera
2541 3677 2847 3732 nominaret
2872 3688 3015 3731 sese.
3039 3675 3375 3746 Responderi
3406 3688 3585 3750 potest

1998 3757 2233 3801 mentem
2265 3745 2552 3816 Epipbauii
2584 3760 2731 3808 esse..
2781 3744 3056 3802 bimonem
3110 3746 3321 3816 Magum
3366 3748 3583 3807 netem

1993 3816 2213 3886 quidem
2246 3816 2506 3872 tribuisse
2550 3815 2881 3887 peculiarem
2932 3818 3374 3887 appellationem,
3408 3820 3582 3942 Sssiri-

1996 3896 2084 3940 tus
2114 3888 2310 3948 sancti,
2338 3887 2440 3941 sibi
2468 3901 2597 3941 vero
2620 3887 2926 3957 generalem
2960 3903 3169 3958 magnae
3198 3890 3413 3945 virtutis
3490 3889 3539 3944 ci
3561 3931 3574 3944 .

1996 3956 2132 4009 adeo
2163 3965 2222 4010 ut
2250 3971 2375 4012 cum
2412 3965 2563 4011 certa
2590 3971 2653 4011 ac
2677 3954 3038 4012 determinata
3072 3961 3241 4013 nittlta
3271 3961 3488 4014 nomina
3514 3972 3581 4016 ae

1997 4026 2235 4096 epitheta
2294 4027 2450 4081 daret
2490 4024 2726 4088 Relenae,
2762 4027 2864 4082 sibi
2920 4029 3128 4083 nullum
3179 4029 3449 4093 deliniret,
3484 4030 3581 4087 sed

1997 4095 2206 4150 inllnlta
2239 4108 2582 4152 assumeret:
2610 4095 2765 4166 juxta
2808 4097 2863 4152 id
2900 4099 3046 4166 quud
3091 4101 3207 4181 ipse
3232 4098 3419 4155 Simon
3447 4099 3584 4157 dicit

1997 4163 2208 4288 ἷξὲἶσιι
2216 4180 2455 4304 manga}
2490 4165 3283 4304 ἱίιιξῗὲινκοηειῗιῖἀὶωίξῖιειῖῗατι
3310 4171 3581 4297 aazia&

1998 4305 2174 4358 uacari
2207 4321 2263 4359 se
2288 4303 2629 4377 quodeunque
2664 4324 2783 4361 eum
2817 4319 3002 4363 vocum
3032 4283 3285 4365 ‘tamine-s.
3332 4309 3397 4364 Et
3432 4314 3576 4383 apud

1999 4373 2390 4446 llieronyntutn
2446 4377 2513 4432 ad
2569 4375 2804 4433 Matthaei
2861 4388 3024 4450 caput
3083 4396 3211 4434 xxiv
3240 4400 3255 4436 ι
3288 4378 3398 4451 Ego
3456 4399 3574 4437 sitm

2000 4443 2185 4500 Sermo
2225 4444 2345 4509 Dei,
2370 4461 2462 4516 eqo
2495 4462 2615 4501 sam
2651 4445 2948 4512 speciosus,
2990 4466 3082 4520 eqo
3115 4449 3453 4514 Paracletus,
3483 4468 3578 4523 eqo

2002 4514 2362 4584 Omnipotens,
2387 4531 2479 4586 eqo
2523 4518 2701 4572 omnia
2747 4519 2859 4574 Dei.
2906 4519 3051 4576 Idem
3092 4520 3574 4577 haeresiarcharum

1998 4586 3580 4729 amaziam&{fatilegi-³2⁰'itesam‘

1991 4726 2210 4780 rendunt
2227 4742 2247 4790 .·
2278 4729 2383 4790 vel,
2409 4728 2567 4797 Juxta
2599 4728 2818 4800 Rigaltii
2841 4731 3274 4788 emendationem
3301 4750 3315 4787 :
3345 4680 3577 4788 aequm

1987 4800 2292 4853 aberrantes
2325 4813 2401 4863 se,
2427 4799 2519 4872 qai
2548 4810 2682 4855 esset
2722 4800 3004 4869 sapientia,
3058 4800 3391 4857 descendisse
3430 4819 3577 4874 qaae·

1993 4868 2255 4931 rendum:
2284 4877 2397 4932 aut,
2434 4878 2492 4923 ut
2523 4870 2741 4941 legerim
2776 4889 2790 4925 :
2825 4870 2908 4924 Ad
2940 4887 3083 4925 orem
3123 4888 3179 4926 se
3221 4873 3576 4936 oberrantem,

1984 4937 2077 5007 qai
2127 4947 2264 4994 esset
2318 4939 2615 5008 sapientia,
2664 4940 2996 4996 descendisse
3052 4949 3428 5013 qaoerendam,
3481 4953 3576 4998 aut

1984 5008 2324 5076 quoereadam
2355 5026 2375 5076 ,·
2415 5010 2532 5066 sive
2565 5025 2580 5063 ι
2614 5009 2695 5065 Aa
2726 5009 2985 5067 limitiuem
3011 5029 3071 5067 se
3098 5013 3452 5076 aberrantem,
3489 5016 3581 5086 qui

1984 5087 2119 5133 esset
2152 5079 2435 5145 sapientia,
2464 5078 2797 5137 descendisse
2859 5083 3186 5138 uoereudum.
3214 5082 3401 5156 Neque
3431 5098 3575 5138 enlm

1986 5148 2123 5202 aden
2157 5148 2331 5218 placet
2363 5149 2624 5204 Desiderii
2652 5097 2871 5206 fleralga
2915 5153 2982 5207 ad
3030 5154 3329 5208 Arnohittm
3373 5155 3576 5209 lectio:

1984 5216 2068 5272 Ad
2097 5215 2360 5273 Επηοιοηι
2385 5235 2443 5274 se
2467 5236 2613 5275 ouen
2647 5230 2934 5280 errante-t.
2959 5238 3081 5294 quar
3111 5233 3245 5278 esset
3289 5226 3577 5294 sortientia,

1984 5288 2315 5343 descendisse
2343 5296 2701 5361 querendam.
2741 5291 3007 5347 Monituiu
3055 5309 3273 5365 quoque
3306 5296 3465 5350 velim
3499 5295 3577 5349 le-

1983 5365 2195 5415 ctorem
2226 5359 2422 5417 delevi
2448 5363 2643 5418 arenula
2681 5379 2807 5434 quae
2857 5362 3182 5420 Tertulliani
3228 5366 3449 5421 codices
3478 5378 3575 5418 oc·

1986 5436 2171 5498 cupat,
2196 5429 2336 5486 libro
2370 5429 2446 5486 De
2478 5434 2681 5500 anima,
2710 5448 2832 5504 cap.
2864 5432 2954 5493 54.
2978 5435 3067 5490 ubi
3097 5434 3363 5504 scriptum
3396 5442 3482 5489 est
3511 5434 3579 5488 de

1988 5495 2189 5555 Helena
2246 5500 2537 5570 injectione
2584 5503 2757 5574 prima
2793 5503 3055 5569 Simonis,
3098 5507 3343 5575 pendisse
3374 5505 3578 5576 angeli·

1986 5584 2078 5624 ees
2105 5577 2413 5639 potestates.
2441 5573 2657 5644 iqnaras
2683 5571 2891 5639 Patris,
2923 5575 3149 5645 artificis
3175 5574 3337 5646 hujus
3368 5573 3574 5630 meandi.

1985 5638 2377 5712 Castigandum
2428 5645 2631 5715 quippe
2677 5651 2802 5709 est,
2853 5647 3089 5714 artifices
3110 5688 3124 5709 ,
3219 5649 3306 5701 uia
3363 5645 3574 5710 irenaei,

1986 5725 2149 5781 quem
2181 5711 2324 5768 baud
2351 5713 2586 5769 obscure
2637 5716 2884 5770 imitatur
2920 5731 2987 5771 eo
3027 5717 3149 5773 loco
3181 5717 3575 5777 ''ertullianus,

1988 5778 2153 5835 verba
2179 5791 2309 5839 sunt
2338 5800 2355 5840 ι
2388 5780 2652 5839 tie-erm
2700 5784 2913 5854 uastos
2952 5796 3005 5842 et
3040 5797 3347 5859 potestates,
3377 5805 3410 5842 a
3450 5787 3576 5860 qui-

1988 5849 2084 5904 bus
2121 5859 2173 5905 et
2206 5853 2461 5909 mendum
2483 5853 2622 5909 Itane
2641 5853 2845 5925 [aetam
2870 5855 3424 5926 elimaeos-smnus,
3453 5865 3575 5915 not.

1988 5920 2056 5976 ad
2082 5917 2133 5976 Π
2140 5932 2425 5980 enemente
2461 5922 2716 5986 Ecclesioe
2738 5925 2960 5996 Graecae,
2994 5934 3039 5985 t.
3065 5924 3135 5995 ll,
3165 5944 3218 6001 p.
3246 5927 3370 5985 ¹163.
