3850 6517
181 508 289 569 ⁴17

821 500 1192 559 auvmsus
1227 497 1573 556 nAERESES
1608 496 1737 552 1:11³.
1779 495 1818 550 l.

1862 493 2028 552 rou.
2062 495 2135 552 ιι.
2160 526 2232 541 -
2269 497 2548 559 natans.
2589 484 2774 561 xxx!
3324 504 3434 565 tis

180 626 241 683 δὲ
263 623 404 696 γυνη
442 637 533 686 τις
560 618 827 692 ἐλευθέρα
849 617 1046 690 ἔτυχεν
1092 618 1154 672 εν
1195 615 1277 688 τῷ
1315 614 1548 688 λουτρῷ,
1576 613 1763 668 κάλλει
1790 613 1837 667 Δ
1862 611 2046 669 lavare
2069 614 2278 671 solent.
2324 616 2544 674 Actum
2578 618 2720 677 rorte
2737 626 2856 677 erat
2877 619 2939 675 in
2964 616 3180 675 balneis
3202 619 3443 690 ingenua

181 714 563 787 διαπρέπουσα
603 710 930 783 εὐμορφίας.
972 709 1084 763 Καὶ
1117 710 1148 763 ὀ
1191 706 1478 779 νεώτερος,
1520 703 1765 775 θελχθεὶς

179 809 263 879 τῷ
290 806 407 861 ἔθει
431 806 534 876 τῆς
555 800 729 857 αὑτοῦ
755 800 1069 864 ἀκολασίας.
1095 796 1246 853 διιὼν
1271 799 1332 853 ἔν
1371 797 1450 868 τῷ
1478 795 1602 866 ἀέρι
1614 793 1763 897 522),

189 1717 289 1771 καὶ
312 1715 464 1788 δῶρα
511 1713 761 1779 ἐτάξατο.
803 1712 871 1764 Ἦ
916 1710 974 1764 δὲ
1014 1712 1143 1774 τοὺς
1184 1708 1625 1779 διαπεμφθέντας
1670 1706 1771 1773 ἐξ·

189 1806 494 1879 υδρίσασα,
529 1804 631 1859 οὐκ
672 1800 930 1873 ἐκάμφθη
974 1803 1045 1873 τῇ
1081 1799 1178 1854 τοῦ
1214 1799 1516 1855 ἀκολάστου
1547 1816 1776 1871 ματαιο-

189 1896 368 1968 εργίᾳ.

1863 702 2065 759 mulier
2089 706 2290 760 eximia
2317 707 2570 777 corporis
2596 717 2887 766 venustate
2916 724 2983 766 ac
3024 709 3207 781 specie
3229 728 3247 765 ι
3274 724 3446 781 quan

1864 793 2186 852 adolescens
2213 796 2529 854 inveteratae
2551 800 2798 856 libidinis
2828 802 3025 855 aculeo
3071 802 3313 871 percitus
3347 798 3448 855 ad-

1865 884 2107 954 amavit,
2143 888 2209 943 a'c
2244 903 2343 957 per
2378 889 2698 946 balnearum
2730 891 2930 946 solium
2973 893 3266 949 ambulans
3296 892 3449 949 latus

1865 991 2029 1033 suum
2068 976 2139 1033 ad
2179 978 2430 1035 mulieris
2473 979 2621 1036 latus
2672 980 2931 1036 affricuit.
2981 981 3080 1035 Illa
3122 982 3180 1035 in
3222 980 3449 1038 nominc

1866 1068 2072 1125 Christi
2111 1079 2285 1126 semet
2321 1071 2616 1143 obsignat;
2649 1087 2777 1127 nam
2801 1070 3116 1128 Christiana
3149 1081 3271 1127 erat
3297 1087 3449 1143 :quo

1866 1160 2054 1217 minus
2094 1175 2326 1231 peccare
2368 1175 2516 1230 eam,
2550 1171 2645 1217 aut
2691 1163 2875 1218 lavare
2912 1176 3042 1218 cum
3074 1161 3215 1218 viris
3246 1163 3448 1217 attine-

1867 1251 1982 1306 bat.
2014 1250 2123 1307 Sed
2162 1254 2275 1307 haic
2294 1252 2462 1323 plane
2483 1254 2753 1325 imperitis
2778 1245 2944 1326 atque
2967 1253 3156 1309 idiotis
3185 1253 3259 1308 ob
3287 1254 3448 1324 igna-

1866 1342 2013 1397 viam
2046 1342 2336 1399 doctorum
2373 1343 2628 1400 accidere
2669 1345 2872 1409 solent,
2901 1344 2997 1414 qui
3035 1342 3311 1413 ejusmodi
3346 1343 3450 1397 ho-

1738 1428 1767 1441 *
1869 1433 2047 1490 mines
2066 1433 2232 1489 nullis
2255 1434 2602 1491 documentis
2623 1436 3011 1506 praemuniunt.
3034 1434 3239 1491 Verum
3265 1444 3326 1490 ut
3344 1448 3447 1491 sua

1871 1522 2017 1581 Deus
2051 1525 2315 1580 miracula
2351 1526 2777 1595 demonstraret,
2801 1527 3058 1581 omuibus
3095 1526 3212 1581 suis
3240 1526 3450 1581 conati·

1748 1657 1767 1684 ,
1868 1615 1977 1671 bus
2011 1614 2325 1686 patriarcha
2363 1615 2458 1672 ille
2498 1615 2829 1673 adolescens
2867 1615 3095 1680 excidit,
3128 1629 3255 1670 cum
3287 1623 3343 1670 et
3373 1613 3448 1669 ad

1870 1721 1995 1762 eam
2042 1705 2312 1773 misisset,
2354 1713 2411 1761 et
2435 1707 2760 1763 muneribus
2785 1707 3165 1769 sollicitasset,
3193 1705 3287 1759 illa
3314 1719 3449 1761 vero

1871 1805 1931 1853 et
1976 1797 2346 1853 internuntios
2378 1799 2776 1855 contumeliose
2825 1814 2858 1853 a
2892 1814 2952 1855 se
2978 1798 3300 1863 dimisisset,
3343 1811 3449 1855 uec

1876 1887 2140 1959 impudici
2173 1888 2434 1944 amatoris
2455 1889 2666 1945 artibus
2702 1891 2979 1947 cessisset.

260 1985 344 2039 Π.
390 1981 670 2039 Ἐντεῦθεν
698 1982 749 2035 oi
775 1979 1162 2051 συνεργοῦντες
1198 1978 1370 2050 αὐτῷ,
1418 1977 1637 2048 γνόντες
1662 1975 1766 2047 τὴν
1804 1951 1851 2008 Β
1946 1978 2087 2033 vm.
2131 1979 2299 2049 igitur
2342 1978 2541 2051 socii„
2564 1989 2846 2052 comperto
2890 1982 3110 2053 juvenis
3167 1994 3446 2045 moerooe.

185 2074 283 2129 τοῦ
311 2074 502 2137 παιδὸς
537 2071 752 2141 ὀδύνην,
777 2070 847 2141 ῆν
884 2072 966 2134 είς
988 2070 1052 2124 τὸ
1085 2070 1311 2140 γύναιον
1340 2066 1765 2141 ἀπημπόλησεν,

183 2165 556 2238 ἐπιχειροῦσιν
598 2162 748 2233 αὐτῷ
772 2180 895 2216 τινα
945 2162 1168 2234 μείζονα
1214 2160 1556 2234 μαγγανείαν
1591 2175 1765 2213 κατα-

188 2258 474 2321 σκευάσαι,
519 2256 597 2320 ὡς
626 2254 789 2319 αὐτὸς
829 2252 1089 2325 Ἰώσηπός
1133 2269 1223 2324 μοι
1266 2253 1409 2307 κατὰ
1455 2250 1764 2321 λεπτότητα

183 2349 523 2419 ὑφηγήσατο.
564 2345 859 2414 ’Δπάγουσι
888 2344 998 2415 γὰρ
1043 2344 1140 2397 τὸν
1185 2343 1366 2398 ἄθλιον
1399 2343 1572 2398 παῖδα
1623 2340 1765 2414 μετὰ

170 2437 339 2491 *δύσιν
372 2438 524 2507 ἡλίου
558 2437 617 2489 ὲν
662 2438 775 2499 τοῖς
817 2434 1205 2506 πλησιαίτερον
1243 2434 1490 2505 τύμῦοις.
1521 2432 1765 2488 Πολυάν-

176 2527 319 2599 ·δρια
344 2528 404 2580 δέ
445 2528 595 2578 ἔστιν
634 2524 804 2587 οὓτως
831 2527 889 2579 ἰν
913 2526 986 2594 τῇ
1028 2524 1245 2593 πατρίδι
1282 2524 1593 2595 καλούμενα
1624 2525 1765 2596 σπή-

189 2616 339 2680 λαια,
372 2618 432 2669 ὲν
455 2615 688 2685 πέτραις
713 2613 921 2684 ὀρυκτὰ
946 2614 1446 2682 κατεσκευασμένα.
1486 2614 1632 2668 Ἐκεῖ
1657 2631 1765 2668 πα-

192 2706 524 2778 ραλαὸόντες
567 2704 663 2758 τὸν
696 2702 1098 2775 προειρημένον
1136 2702 1189 2755 οἱ
1232 2702 1348 2772 ἃμα
1376 2703 1525 2775 αὐτῷ
1550 2706 1765 2774 γόητες,

183 2797 398 2867 ἐπῳδάς
426 2814 602 2861 τινας,
649 2796 744 2849 καὶ
783 2794 1177 2867 ἔφορκισμοὺς,
1223 2792 1317 2846 καὶ
1364 2792 1768 2865 ἐπιτηδεύματα

182 2887 438 2951 ἅσεόείας
462 2886 679 2959 ἔμπλεα
702 2888 786 2950 είς
811 2885 977 2939 αὑτὸν
1020 2883 1323 2950 ἔωιοῦνεο,
1349 2884 1447 2939 καὶ
1484 2885 1567 2950 είς
1596 2885 1766 2957 ὄνομα

340 3046 592 3102 omisca.
616 3044 720 3102 Sic
761 3046 817 3102 in
855 3044 1042 3101 Conse.
1072 3050 1247 3111 apost.
1282 3041 1379 3097 lib.
1410 3058 1452 3105 t,
1481 3056 1532 3098 c.
1569 3041 1626 3108 9,
1643 3043 1766 3098 Ἂν.-

316 3131 445 3169 υνον
472 3115 608 3187 γυνὴ
638 3116 804 3185 πιστὴ
841 3114 917 3185 μὴ
944 3112 1205 3167 λουὲσθω.
1223 3109 1380 3178 Quod
1402 3112 1762 3183 impurissimi

316 3183 648 3256 itissimique
695 3199 869 3255 genus
914 3182 1148 3252 exempli
1202 3182 1388 3235 Romae
1433 3184 1600 3236 etiam
1656 3183 1762 3237 ali·

183 3061 220 3101 a

180 3115 215 3169 δ

182 3198 402 3309 peaudu
447 3252 579 3309 ruit.
606 3250 887 3308 Adrianus
941 3258 1145 3314 autem,
1194 3257 1418 3307 auctore
1443 3250 1734 3322 Spartiano

172 3370 176 3375 .
209 3317 400 3378 macri
443 3338 540 3392 pro
585 3325 800 3378 sexibus
845 3322 1111 3391 separavit
1139 3336 1160 3373 .·
1191 3318 1339 3401 quod
1369 3320 1512 3376 idem
1543 3322 1615 3376 ah
1640 3293 1763 3377 Alez
1790 3293 1835 3350 C

187 3391 399 3446 xandro
413 3401 599 3461 postea
627 3399 961 3446 revocatum.
996 3390 1347 3460 Lampridius
1376 3406 1390 3441 ε
1421 3390 1625 3444 Balnea
1653 3393 1760 3444 mi·

188 3468 282 3514 sta
311 3457 488 3513 Rome
516 3461 745 3516 exhiberi
771 3459 1070 3528 probitum
1098 3457 1240 3529 quod
1261 3458 1471 3528 quidem
1490 3460 1611 3528 jam
1640 3468 1762 3514 ante

180 3526 507 3596 prohibitum
552 3528 929 3599 Heliogabalus
989 3530 1105 3597 fieri
1155 3529 1489 3595 permiserat.
1541 3527 1763 3595 Quanto

179 3595 510 3668 prudentius
544 3598 990 3668 moderatiusque
1021 3596 1261 3650 Romani
1309 3598 1388 3651 illi
1436 3598 1686 3653 veteres?
1715 3600 1763 3652 A

177 3666 381 3737 quibus
401 3669 514 3721 hoc
537 3670 780 3723 manarit
808 3668 1144 3729 institutum,
1184 3675 1243 3718 ιιι
1276 3665 1380 3733 filii
1407 3682 1525 3720 cnm
1564 3682 1760 3734 paren-

178 3735 321 3791 tibus
347 3736 586 3804 puberes,
615 3737 691 3790 ee!
714 3738 889 3807 qeneri
916 3753 1022 3791 non
1051 3737 1376 3797 lavarentur,
1420 3750 1483 3789 ne
1524 3744 1761 3802 pateruoe

175 3806 481 3860 reverentia·
510 3809 801 3860 auctoritas
827 3807 1155 3858 mittueretur
1175 3840 1190 3862 ,
1216 3803 1292 3854 ait
1308 3802 1597 3857 Ambros.1
1626 3803 1759 3873 Off„

175 3889 307 3944 cap.
340 3875 427 3937 18,
454 3883 510 3929 et
536 3875 653 3929 Cic.
684 3892 701 3928 ι
739 3874 848 3941 Off.
876 3873 947 3926 At
964 3885 1100 3927 vcro
1127 3885 1238 3925 non
1272 3870 1572 3926 Christiani
1600 3875 1762 3929 modo

85 3994 98 4002 ,
151 3957 156 3962 ·
223 3945 437 4007 uilibct,
472 3943 569 3998 sed
603 3943 790 4004 etiam,
820 3940 968 4011 quod
1014 3939 1324 3993 mirandum
1377 3954 1444 3995 ac
1485 3941 1761 3998 detestan-

176 3961 317 4069 dum
352 4012 527 4081 inagis
552 4020 654 4075 est,
678 4010 865 4065 clerici
893 4009 995 4079 ipsi
1021 4023 1149 4063 cum
1177 4010 1498 4066 mulieribus
1519 4012 1758 4082 plerum-

179 4099 292 4154 que
346 4082 531 4135 lavare
581 4087 998 4135 consueverant.
1045 4077 1177 4144 Quae
1226 4077 1489 4148 flagitiosa
1538 4082 1759 4138 licentia

182 4167 309 4207 cum
342 4152 398 4205 in
427 4150 764 4205 Christianis
795 4149 1080 4213 omnibus,
1130 4156 1256 4218 tum·
1276 4150 1335 4203 iu
1359 4152 1757 4219 posterioribus

183 4223 311 4278 istis
351 4235 624 4275 canonum
672 4220 961 4274 severitate
998 4218 1418 4288 coerceri'opus
1461 4220 1669 4275 hahuit.
1699 4220 1758 4276 ln

186 4291 355 4346 Laod.
388 4304 513 4345 can.
544 4290 614 4344 30
646 4308 659 4343 :
688 4290 809 4341 Ὅτι
844 4289 908 4343 οὐ
934 4287 1015 4342 δεῖ
1043 4287 1406 4359 ίερατικοὺςῆ
1441 4289 1756 4374 κληρικοὺς,

183 4362 222 4432 ἢ
251 4360 494 4429 ἀσκητάς
526 4361 584 4412 ὲν
613 4357 881 4429 βαλανείῳ
1010 4357 1046 4411 ὰ
1072 4357 1345 4425 γυναικῶν
1372 4359 1754 4426 ἁπολουεσθαι,

187 4430 327 4501 μηδὲ
351 4429 530 4482 πάντα
552 4430 875 4500 Χριστιανὸν
904 4374 1169 4500 κῗαῖκόν.
1197 4427 1341 4482 idem
1370 4436 1424 4482 et
1456 4430 1510 4482 in
1541 4427 1759 4483 Trulla-

184 4515 261 4554 no
291 4500 513 4554 vetitum
559 4507 644 4553 est
670 4512 794 4552 can.
825 4498 915 4551 Π.
951 4498 1109 4564 Quod
1157 4497 1426 4567 sequitur,
1456 4500 1597 4551 κατὰ
1628 4515 1758 4567 συγ-

185 4569 381 4640 κυρίαν
408 4569 669 4638 imposuit
696 4566 981 4630 Cornario,
1012 4568 1106 4637 qui
1125 4565 1230 4637 Syc
1270 4567 1403 4620 riam
1434 4565 1611 4620 locum
1633 4583 1757 4624 esse

1870 2084 2035 2141 quem
2072 2084 2145 2124 ex
2171 2068 2481 2125 vehementi
2531 2071 2780 2128 mulieris
2833 2086 3022 2128 amore
3068 2080 3307 2152 ceperat,
3346 2085 3447 2143 po-

1870 2159 2134 2216 tentiores
2159 2160 2425 2230 quasdam
2446 2163 2753 2233 praestigias
2772 2162 3062 2228 adornant,
3086 2172 3147 2219 ut
3168 2164 3303 2219 mibi
3328 2163 3447 2233 ipse

1868 2250 2142 2322 Josephus
2173 2251 2331 2322 132
2358 2252 2775 2310 accuratissime
2816 2255 3098 2311 narrabat.
3145 2253 3281 2310 Nam
3319 2260 3446 2324 post

1871 2343 2008 2398 solis
2055 2356 2316 2398 occasum
2357 2342 2579 2400 vicinos
2625 2344 2695 2399 ad
2741 2346 2982 2402 tumulos
3007 2344 3280 2401 infelicem
3319 2358 3447 2415 pue·

1870 2448 1995 2491 rum
2041 2434 2343 2489 adducunt.
2396 2430 2477 2489 lbi
2513 2434 2659 2491 enim
2700 2438 2950 2506 sepulcra
2983 2445 3134 2503 sunt,
3178 2451 3302 2507 quae
3343 2450 3447 2507 po-

1870 2526 2119 2600 lyandria
2156 2533 2442 2594 vocantur,
2491 2540 2738 2583 cavernae
2772 2525 3034 2606 nimirum
3087 2528 3318 2598 rupibus
3356 2527 3447 2581 in-

1870 2621 2020 2677 cisae.
2048 2619 2169 2687 Quo
2204 2633 2330 2675 cum
2357 2619 2514 2674 illum
2543 2618 2924 2683 adduxissent,
2953 2619 3166 2690 magica
3194 2617 3444 2689 quaedam

1868 2712 2113 2768 carmina
2149 2719 2205 2767 et
2242 2711 2672 2774 exsecrationes,
2711 2718 2876 2780 atque
2915 2710 3212 2781 impietatis
3235 2709 3445 2778 plenis·

1869 2804 2042 2858 simas
2105 2810 2252 2858 artes
2292 2801 2661 2857 adolescentis
2719 2815 2907 2868 causa,
2959 2807 3226 2869 concepto
3276 2800 3443 2856 etiam

1869 2893 2093 2951 nomine
2135 2893 2406 2961 mulieris,
2449 2891 2769 2963 expediunt.
2807 2890 3029 2947 Interim
3072 2888 3260 2943 divino
3305 2896 3445 2943 nutu

1868 3046 1981 3100 lam
2008 3044 2373 3101 mulierculam
2399 3044 2564 3114 {uisse
2597 3044 2830 3114 periculo
2870 3044 3145 3112 ereptam?
3171 3044 3297 3095 llaec
3327 3040 3444 3095 ille.

1871 3114 1979 3170 Sed
2025 3130 2189 3197 quam
2236 3115 2421 3185 iniqua
2460 3114 2554 3178 sit,
2581 3124 2641 3170 ut
2683 3115 2740 3169 in
2767 3114 3036 3185 plerisque
3067 3110 3210 3175 aliis,
3236 3110 3444 3165 Casan-

1870 3184 1998 3239 honi
2047 3185 2136 3238 illa
2171 3186 2481 3255 castigatio,
2514 3199 2788 3255 quamque
2816 3185 3114 3238 oscitanter
3140 3182 3281 3235 banc
3310 3179 3442 3251 Epi-

1871 3253 2054 3325 phanii
2090 3254 2373 3309 historiam
2423 3254 2633 3323 legerit,
2663 3270 2729 3308 ex
2759 3267 2825 3307 eo
2852 3256 2987 3307 satis
3013 3259 3257 3321 apparet,
3292 3250 3440 3319 quod

1867 3339 2021 3379 uum.
2051 3324 2085 3378 8
2115 3324 2336 3394 scripsit
2368 3322 2703 3404 Epiphanius
2736 3339 2749 3374 ε
2779 3322 2867 3384 Ὠς
2906 3316 2998 3375 οὗν
3027 3321 3361 3389 κατίσχυσαν
3388 3320 3442 3375 ot

1864 3395 2062 3463 γόητες
2081 3410 2095 3424 ·
2129 3394 2216 3447 διὰ
2242 3393 2351 3465 γὰρ
2381 3409 2483 3462 της
2517 3391 2808 3464 σφραγῖδος
2840 3389 2933 3443 τοῦ
2960 3388 3194 3461 Χριστοῦ
3225 3390 3317 3442 καὶ
3349 3389 3440 3442 πί-

1865 3479 2038 3525 στεως
2087 3462 2357 3534 ἐδοηθήθη
2393 3463 2427 3531 ὴ
2462 3464 2598 3532 γυνή
2619 3478 2633 3492 ·
2667 3459 2824 3514 τοῦτο
2867 3477 2897 3512 τ
2938 3459 3047 3512 ίτον
3080 3458 3159 3530 τῷ
3189 3458 3442 3530 Ἰωσύπῳ

1863 3535 2220 3601 κατηχήσεως
2245 3532 2407 3603 ἔργον
2434 3531 2644 3600 ἐγίνετο
2671 3531 2751 3584 ὃτι
2784 3530 2884 3582 οὐκ
2928 3545 3142 3599 σχυσεν.
3169 3527 3296 3581 ἔνθα
3322 3501 3442 3582 dvo-

1865 3620 1942 3673 μα
1985 3600 2242 3673 Χριστοῦ,
2275 3602 2370 3655 καὶ
2408 3619 2479 3669 σφ
2555 3600 2643 3670 γὶς
2674 3598 2925 3670 σταυροῦ,
2960 3597 3308 3670 φαρμακείας
3342 3596 3439 3649 δύ-

1862 3688 2045 3741 ναμις.
2082 3671 2221 3738 Quid
2266 3670 2415 3725 aliud
2504 3670 2792 3740 piphanius
2823 3677 3029 3731 narrat,
3057 3683 3223 3735 quam
3252 3666 3438 3721 crucis

1859 3742 2134 3810 praecipue
2165 3741 2379 3808 signum
2433 3749 2487 3795 et
2517 3739 2915 3793 invocationem
2962 3736 3198 3790 nominis
3231 3732 3438 3789 Christi

1862 3810 2078 3864 mulieri
2113 3807 2425 3878 praesidium
2455 3806 2750 3862 attulisse?
2779 3804 2992 3859 Infinita
3019 3812 3146 3860 sunt
3176 3803 3434 3873 antiquo-

1860 3894 1981 3933 rum
2020 3877 2126 3931 PP.
2163 3877 2495 3941 testimonia,
2520 3876 2723 3948 quibus
2776 3876 2928 3937 illud,
2962 3873 3110 3943 quod
3157 3873 3438 3929 Casaubo-

1860 3964 1968 4003 nus
1994 3962 2062 4002 ne
2101 3954 2176 4011 at,
2214 3944 2478 4012 eflicitur,
2515 3956 2750 4002 veterem
2774 3943 3075 3998 Ecclesiam
3110 3943 3219 3998 vim
3242 3955 3436 4013 quam-

1859 4018 1985 4071 dam
2013 4032 2070 4071 sa
2100 4015 2239 4070 utari
2263 4016 2444 4070 crucis
2473 4014 2629 4086 signo
2652 4014 2932 4068 tribuisse.
2950 4014 3155 4067 Caetera
3188 4022 3248 4067 ut
3269 4012 3432 4065 omit·

1858 4093 1992 4152 tam,
2031 4102 2174 4141 unus
2212 4085 2457 4140 omnium
2489 4085 2664 4141 instar
2687 4084 2791 4139 erit
2820 4080 3143 4136 Nazianzeni
3181 4082 3335 4136 locus
3362 4095 3433 4136 cx

1858 4164 2000 4211 orat.
2027 4170 2085 4211 ιιι
2115 4164 2300 4209 contra
2325 4152 2629 4221 lulianam,
2661 4153 2752 4208 ubi
2779 4152 3044 4225 perfidum
3077 4151 3227 4205 inum
3249 4157 3434 4207 trans-

1859 4225 2041 4297 fugam
2065 4236 2274 4290 narrat,
2307 4239 2523 4280 summo
2551 4238 2652 4281 suo
2681 4223 2737 4279 in
2768 4229 2912 4278 metu
2932 4236 2997 4277 ac
3017 4220 3334 4275 discrimine
3359 4222 3430 4277 ad

1857 4295 2042 4350 crucis
2068 4294 2378 4367 confugisse
2407 4295 2646 4364 signum,
2677 4307 2851 4363 eoque
2873 4292 3146 4347 daemones
3169 4290 3388 4360 fugasse
3412 4308 3428 4347 z

1871 4366 1995 4419 'Ea-a
2021 4365 2114 4424 τὸν
2148 4366 2378 4435 σταυρὸν
2404 4363 2758 4433 καταφεύγει,
2801 4362 2895 4416 καὶ
2924 4360 2988 4414 τὸ
3027 4358 3255 4413 παλαιὸν
3286 4359 3430 4432 φάρ-

1941 4451 2055 4499 κον,
2088 4435 2181 4489 καὶ
2224 4433 2399 4503 τούτῳ
2432 4434 2751 4504 σημειοῦται
2796 4430 2936 4485 κατὰ
2961 4429 3071 4485 τῶν
3102 4429 3300 4499 φόδων,
3334 4431 3431 4485 καὶ

1925 4504 2054 4574 ηθδν
2079 4507 2312 4558 ποιεῖται
2345 4504 2437 4556 τὸν
2461 4503 2808 4571 διωκόμενον,
2855 4500 2947 4555 καὶ
2975 4500 3044 4553 τὰ
3070 4499 3197 4568 ἔξῆς
3225 4517 3431 4571 φρικω-

1922 4591 2114 4646 στερα·
2146 4576 2362 4642 ἴσχυσεν
2396 4574 2429 4641 ἠ
2462 4572 2729 4642 σφραγίς·
2798 4570 3026 4624 ττῶνται
3053 4572 3103 4622 οἱ
3135 4569 3385 4638 δαίμονες
3409 4585 3425 4600 ·

187 4638 449 4701 credidit;
486 4651 610 4690 nam
641 4636 908 4708 συκυριαν
935 4644 1095 4691 antea
1116 4637 1231 4706 lege
1272 4644 1414 4696 atur,
1439 4650 1548 4690 non
1575 4646 1754 4693 tamen
1786 4612 1834 4667 n
1860 4643 2078 4697 λύονται
2136 4644 2186 4696 οἱ
2227 4639 2401 4711 φόἥοι.
2434 4639 2542 4694 Nec
2575 4588 2824 4695 absimiie
2850 4655 2935 4703 eo,
2967 4636 3113 4706 quod
3142 4639 3210 4690 de
3237 4644 3427 4691 sancta

188 4707 332 4760 Συκυ
372 4708 457 4760 ίαν
491 4707 795 4776 majusculo
822 4707 882 4768 Σ,
915 4712 976 4759 ιιι
1003 4706 1221 4774 quidam
1256 4705 1474 4760 asserit.

260 4723 373 4845 (ἰῖ)
410 4774 583 4829 Διιὼν
612 4776 683 4828 ὲν
710 4773 790 4841 τῷ
826 4774 976 4843 ἀέρι.
1016 4776 1270 4838 Cornan,
1320 4773 1660 4830 deambulans
1702 4778 1758 4831 in

188 4861 329 4900 aere.
359 4844 466 4900 Sed
497 4847 527 4898 ὁ
556 4846 667 4917 ἀήρ
697 4845 877 4899 balnei
922 4858 1050 4914 pars
1097 4852 1201 4908 est,
1242 4851 1303 4897 ut
1341 4858 1407 4897 ex
1450 4842 1656 4901 Galeno
1687 4848 1756 4900 nd

188 4912 412 4968 Galatae.
438 4914 648 4985 pridem
670 4915 1017 4969 observatum
1048 4913 1115 4967 ab
1141 4911 1372 4968 cruditis
1404 4913 1753 4983 hominihus;

183 4986 290 5039 etsi
336 5000 444 5038 non
477 4985 613 5040 satis
644 4984 812 5054 liquet
840 4999 960 5054 quae
986 4998 1114 5053 pars
1143 4983 1235 5037 illa
1273 4984 1366 5037 sit.
1396 4980 1509 5037 Nos
1539 4985 1753 5040 interim

185 5056 380 5109 solium
409 5053 769 5107 reddidimus·

256 5124 373 5194 (25)
422 5122 568 5178 Ἡδὲ
593 5122 820 5189 ἑαυτὴν
842 5122 1267 5192 supportante.
1306 5120 1406 5178 nic
1444 5122 1755 5180 illustrissi-

186 5208 337 5247 mum
359 5193 648 5246 Annalium
670 5191 1006 5247 coinditoreui
1037 5195 1337 5247 insectatur
1356 5191 1718 5250 casaubonus
1734 5235 1750 5260 ,

185 5263 335 5331 quod
364 5264 620 5318 salutaris
653 5262 800 5317 illins
827 5262 967 5332 signi
1003 5265 1204 5317 virtute
1230 5260 1594 5316 Christianam
1630 5280 1753 5318 mu·

186 5333 379 5406 lierem
408 5348 441 5388 e
468 5340 620 5386 tanto
648 5334 919 5387 castitatis
947 5332 1188 5399 periculo
1219 5331 1501 5386 liberatam
1529 5333 1600 5387 ab
1627 5332 1754 5403 Epi·-
1789 5398 1792 5400 ,

184 5403 391 5474 phanio
443 5402 550 5456 dici
597 5409 772 5471 putet.
806 5400 963 5467 Quod
1007 5400 1364 5472 Epiphaniam
1393 5402 1633 5459 voluisse
1658 5419 1752 5458 ne·

184 5483 311 5544 gan
338 5472 432 5528 sed
466 5486 568 5526 nec
589 5470 754 5525 ullam
782 5471 836 5525 in
863 5472 1019 5539 signo
1042 5472 1228 5526 crucis
1255 5469 1322 5523 ad
1348 5471 1626 5527 efficienda
1651 5475 1752 5528 mi-

187 5542 376 5596 racula
405 5544 678 5613 propriam
709 5541 891 5596 inesse
918 5542 1173 5597 virtutem
1205 5558 1219 5593 ε
1252 5554 1428 5609 neque
1448 5555 1577 5596 vero
1594 5543 1753 5598 aliter

188 5626 354 5680 quam
387 5621 444 5664 ut
472 5616 614 5682 piam
641 5612 1020 5665 caeremoniam
1055 5611 1353 5665 adhibitam
1405 5611 1460 5664 in
1510 5610 1748 5667 Ecclesia

188 5683 382 5745 veteri,
412 5696 534 5751 quae
574 5681 811 5735 orationi
857 5680 1022 5750 adjun
1060 5688 1114 5734 ta
1147 5680 1363 5736 animos
1396 5679 1629 5735 fidelium
1680 5682 1749 5737 ad

187 5750 395 5808 Christi
446 5765 666 5833 crucem
706 5749 975 5831 eycheret.
1054 5764 1144 5804 um
1196 5750 1271 5804 ita
1319 5750 1542 5819 subjicit
1570 5769 1585 5806 t
1619 5750 1749 5817 Quis

186 5820 658 5946 ἴ...
680 5819 1751 5960 ’έιτὲιὲωιιεκπαιεκῑκιε

1858 4711 2073 4768 lustina
2122 4712 2398 4783 proditum
2448 4716 2554 4771 est,
2583 4723 2705 4778 quae
2728 4724 2851 4764 cum
2887 4724 2916 4762 a
2954 4708 3156 4775 juvene
3186 4705 3426 4773 quodam

1859 4784 1929 4838 ad
1973 4782 2250 4838 libidinem
2295 4779 2552 4849 Cvpriani
2603 4780 2745 4849 magi
2797 4779 3007 4833 artibus
3057 4775 3424 4844 pelliceretur,

1857 4854 2162 4907 immissum
2196 4851 2300 4907 sihi
2328 4839 2627 4905 daemonem
2662 4849 2852 4905 eodem
2873 4847 3053 4903 crucis
3081 4848 3240 4915 signo
3267 4859 3322 4898 re
3364 4860 3427 4898 u·

1858 4922 1918 4975 lit
1956 4939 1969 4975 ε
2002 4921 2145 4991 quod
2178 4936 2242 4976 ex
2275 4920 2529 4974 Eudociae
2555 4921 2812 4989 Augustae
2838 4929 2976 4974 orat.
3013 4915 3089 4971 De
3113 4922 3296 4970 sancto
3321 4860 3428 4984 gy-

1854 4992 2041 5059 priano
2087 4988 2254 5046 refert
2303 4989 2530 5044 Photius
2563 5006 2715 5046 num.
2746 4990 2851 5045 484
2883 5008 2896 5043 :
2929 4987 3068 5051 Τούς
3091 5003 3151 5039 τε
3186 4984 3426 5054 βιαιοτά-

1853 5077 1981 5123 τους
2038 5062 2133 5113 καὶ
2204 5060 2582 5123 αλεπωτάτους
2623 5060 2730 5113 τῶν
2763 5059 3030 5130 δαιμόνων
3068 5056 3289 5125 πέμψας
3331 5056 3429 5108 ἐπὶ

1852 5130 1953 5200 τὴν
2008 5130 2153 5201 παρθ
2187 5147 2296 5193 νον,
2327 5131 2420 5182 καὶ
2467 5130 2869 5200 ᾐσχυμμένους,
2906 5128 2999 5181 καὶ
3041 5124 3425 5195 νενικημένους

1853 5200 1948 5253 τοῦ
1995 5199 2226 5280 σταυροῦ
2259 5199 2336 5270 τῷ
2374 5198 2530 5281 τύπιρ
2561 5200 2620 5263 ἐξ
2647 5201 2824 5253 αὐτῶν
2854 5195 3074 5249 ἐκείνων
3104 5192 3421 5262 ἀναμαθὼν.

1853 5268 2021 5339 igitur
2050 5287 2146 5323 του
2178 5268 2409 5341 σταυροῦ
2454 5286 2534 5340 τῳ
2573 5268 2637 5321 τύ
2768 5266 2991 5337 perinde
3021 5272 3079 5317 ιιι
3107 5262 3277 5317 altera
3308 5264 3418 5328 illa,

1852 5338 2071 5395 lustina
2102 5339 2400 5395 daemonem
2444 5339 2668 5407 fugavit.
2744 5350 2881 5405 eque
2928 5337 3112 5390 crucis
3157 5332 3424 5388 duntaxat

1851 5424 2112 5478 expressa
2165 5408 2357 5479 ligura,
2389 5406 2485 5462 sed
2536 5408 2722 5468 etiam,
2762 5406 2823 5459 B.
2856 5402 3038 5460 Μαι-ιω
3074 5403 3307 5474 Virginis
3336 5405 3424 5458 in·

1808 5532 1817 5541 .
1849 5481 2156 5543 vocatione,
2192 5487 2253 5533 ut
2279 5478 2655 5531 Nazianzenus
2670 5484 2810 5531 orat.
2843 5491 2975 5530 xvm
3006 5476 3267 5545 scriptum
3292 5474 3422 5528 reli-

1850 5551 1970 5621 quit
1998 5568 2012 5604 :
2048 5548 2158 5604 Καὶ
2189 5548 2289 5619 τὴν
2336 5546 2604 5633 παρθένον
2628 5545 2845 5629 Μαρίαν
2877 5543 3419 5666 ἱκετεύουσαιῗοηθῆ-

1851 5637 1943 5674 σαι
1992 5618 2248 5691 παρθένῳ
2288 5617 2729 5701 ,κινδυνευουσηζ
2765 5616 2831 5669 Et
2885 5632 3134 5687 vtrqmem
3245 5628 3420 5695 artavit

1848 5685 3420 5831 aas2...aas‘asszzzssas'xzsssssgzfflaas

1850 5837 2127 5902 tatemque
2154 5826 2502 5885 condemnat.
