3850 6517
292 534 397 591 829

964 533 1328 591 ADVERSUS
1372 535 1712 592 ttAERESES
1747 536 1871 591 [AB.
1916 535 1955 590 Ι.
1998 536 2161 592 Tou.
2205 536 2384 591 111.-
2413 536 2687 593 ttAERES.
2728 534 2912 592 XLtV.

3459 530 3565 588 830

292 653 354 705 Et
382 651 437 705 δὲ
488 648 653 704 αὑτοῦ
703 648 800 723 μέν
832 652 967 705 εἰσιν
998 654 1053 705 αἱ
1080 652 1247 724 ψυχαὶ
1271 693 1286 715 ,
1316 654 1409 707 καὶ
1439 654 1644 708 ἀνωθεν
1690 654 1874 708 ὲλθοῦ·
1904 658 1951 716 A
1980 655 2115 709 nihil
2155 655 2221 710 ad
2262 670 2323 710 se
2362 655 2447 710 vel
2491 654 2779 711 Parentem
2826 667 2988 709 suum
3033 651 3330 722 pertinent,
3374 639 3567 704 contra

294 760 383 795 σαι
418 740 737 810 φαίνονται,
768 742 876 812 ἀρα
905 742 986 804 εἰς
1015 741 1218 808 ἀγαθὸν
1256 743 1459 812 κόσμον
1488 742 1876 813 ἀπεστάλησαν
1976 747 2068 816 jus
2116 745 2309 815 fasque
2359 744 2661 799 vindicare.
2706 743 2863 810 Quod
2912 744 2958 799 si
3005 743 3239 813 propriae
3278 747 3408 796 suut
3445 739 3569 808 eius

293 832 445 903 παρὰ
471 830 565 883 τοῦ
599 830 806 885 ἀνωθεν
836 830 977 885 κατὰ
1015 832 1076 883 σὲ
1107 831 1313 900 ἀγαθοῦ
1342 830 1503 897 Θεοῦ,
1533 834 1629 885 καὶ
1656 834 1757 886 οὐκ
1799 834 1881 896 είς

293 922 530 994 πονηρὸν
581 922 761 994 ἔργον.
814 923 876 976 Εἰ
927 922 985 977 δὲ
1036 923 1463 994 ἀπεστάλησαν,
1494 924 1583 978 διά
1620 941 1743 978 τινα
1781 925 1879 995 μὲν

294 1016 521 1085 χρῆσιν,
557 1014 624 1084 ἦν
656 1015 797 1085 τάχα
847 1015 1160 1085 μυθοποιεῖς
1185 1056 1200 1079 ,
1249 1015 1586 1071 εἰσελθοῦσαι
1632 1018 1690 1070 δὲ
1745 1033 1878 1087 μετ-

293 1105 487 1157 έπεσον
517 1106 598 1168 είς
631 1105 822 1176 ἑτέραν
842 1121 855 1136 ·
883 1107 1163 1159 τουτέστιν
1190 1107 1277 1161 ἶνα
1298 1107 1505 1162 δίκαιον
1528 1126 1579 1160 τι
1606 1106 1875 1179 πράξωσι,

293 1195 528 1265 πονηρὸν
565 1195 622 1247 δὲ
654 1195 981 1265 εἰργάσαντο
1002 1235 1016 1258 ,
1047 1195 1344 1266 ὀφθήσεται
1372 1198 1401 1249 ὀ
1439 1196 1754 1258 ἐπιστείλας
1781 1195 1879 1248 αὐ·-

291 1288 390 1348 τάς
416 1287 722 1358 πρόγνωσιν
754 1286 821 1340 ἂν
857 1286 932 1358 μὴ
974 1287 1134 1357 ἔχων.
1180 1289 1398 1360 Ἐπειδὴ
1425 1288 1534 1360 γάρ
1560 1287 1878 1342 ἀπέστειλεν

292 1377 464 1440 αὐτὰς
488 1377 556 1430 δι’
589 1378 776 1449 ἕτερον
797 1418 812 1441 ,
842 1380 937 1432 καὶ
969 1379 1159 1451 ἕτερον
1198 1398 1250 1432 τι
1301 1382 1604 1451 εὑρέθησαν
1643 1379 1878 1450 ἐργασά-

297 1485 477 1539 μεναι.
508 1469 578 1520 Ἢ
616 1469 776 1523 πάλιν
825 1470 921 1523 ἐὰν
974 1471 1163 1541 εἴπῃς,
1198 1473 1279 1525 ὅτι
1313 1474 1373 1525 οὐ
1416 1472 1558 1526 κατὰ
1590 1474 1688 1542 τὴν
1713 1469 1878 1524 αὐτοῦ

295 1560 551 1630 βούλησιν
617 1560 940 1632 ἐληλύθασιν
971 1602 986 1626 ,
1057 1562 1193 1616 ἀλλά
1249 1564 1391 1617 κατὰ
1446 1563 1735 1635 τυραννίδα
1783 1562 1878 1615 τοῦ

294 1651 741 1722 ἀφαρπάζοντος·
765 1652 875 1722 ἀρα
905 1652 1123 1723 ἰσχυρός
1150 1654 1298 1708 ἐστιν
1322 1658 1350 1710 ὁ
1380 1654 1622 1718 κτισθεις
1647 1654 1753 1706 ὑπὸ
1783 1652 1877 1707 τοῦ

295 1742 501 1809 ἀγαθοῦ
530 1743 665 1796 Θεοῦ
694 1744 932 1814 πονηρὸς
977 1743 1307 1817 δημιουργὸς
1357 1746 1508 1819 παρὰ
1548 1746 1638 1798 τὸν
1677 1744 1877 1812 ἀγαθὸν

293 1832 449 1896 θεὸν,
480 1834 562 1887 ὅτι
591 1835 659 1887 τὰ
687 1836 852 1889 αὑτοῦ
877 1837 1191 1907 ὑπάρχοντα
1219 1837 1553 1909 ἀφαρπάξας
1584 1837 1874 1908 ἐχρήσατο.

293 1927 464 1980 Πόθεν
513 1928 570 1980 δὲ
623 1929 684 1981 οὐ
720 1928 1075 2001 διελεγχθησῃ
1099 1970 1114 1993 ,
1155 1928 1321 1983 αὐτοῦ
1366 1928 1461 1981 τοῦ
1492 1928 1745 1998 Σωτῆρος
1775 1927 1879 1995 φά-

1981 837 2197 900 animae,
2225 844 2388 905 atque
2416 852 2446 890 e
2475 835 2617 890 coelo
2647 835 2884 907 delapsae
2913 834 3188 898 videntur,
3217 847 3564 902 consequens

1979 933 2085 993 est,
2113 942 2208 983 eas
2246 940 2277 980 a
2319 942 2579 997 supremo
2606 927 2858 996 bonoque
2888 924 2999 980 Deo
3040 925 3264 989 missas,
3295 932 3351 978 et
3385 923 3439 977 in
3470 922 3570 978 bo·

1980 1031 2111 1069 num
2151 1015 2417 1070 mundum
2450 1014 2793 1070 introductas
2834 1014 3025 1070 fuisse.
3060 1014 3238 1083 Atque
3276 1020 3335 1067 ut
3365 1010 3567 1068 missas

1981 1108 2104 1163 illas
2135 1106 2204 1161 ad
2234 1121 2395 1163 usum
2424 1106 2658 1175 aliquem
2685 1104 2912 1168 fateare,
2938 1119 3099 1174 quem
3130 1112 3247 1158 tute
3272 1103 3561 1158 conlinxc-

1979 1198 2195 1262 ris,ubi
2237 1206 2419 1254 autem
2461 1198 2726 1268 ingressae
2773 1204 2902 1251 sunt
2947 1196 3213 1252 aliorsum
3255 1192 3565 1259 deflexisse,

1984 1295 2115 1358 puta
2161 1296 2219 1341 ut
2254 1288 2404 1357 juste
2431 1286 2641 1357 aliquid
2683 1294 2911 1356 agerent
2966 1285 3276 1348 immissaS,
3331 1281 3557 1338 sceleris

1980 1376 2263 1448 quidpiam
2302 1386 2682 1446 perpetrasse;
2712 1377 2805 1446 qui
2851 1391 2946 1431 eas
2986 1373 3243 1445 allegavit
3274 1373 3408 1427 nihil
3453 1387 3574 1427 om-

1986 1470 2119 1524 nino
2150 1467 2469 1538 praevidisse
2519 1466 2807 1523 videbatur
2827 1507 2841 1531 ,
2875 1482 3000 1522 cum
3033 1466 3262 1520 alterius
3289 1464 3370 1518 rei
3395 1462 3571 1533 gratia

1980 1559 2213 1623 miserit,
2241 1574 2321 1614 eae
2354 1574 2486 1613 vero
2513 1558 2795 1613 contraria
2827 1557 3011 1612 omnia
3059 1554 3438 1627 praestiterint.
3474 1552 3572 1606 Sin

1978 1667 2046 1706 eo
2075 1651 2387 1722 confugias,
2431 1660 2492 1704 ιιι
2539 1651 2689 1706 illius
2738 1650 2977 1720 injussu,
3021 1664 3087 1704 ac
3131 1647 3367 1718 raptoris
3394 1654 3574 1717 tyran-

1979 1742 2110 1796 nide
2139 1750 2361 1798 coactas
2393 1742 2609 1797 venisse
2645 1743 2988 1812 pronunties,
3026 1739 3186 1811 plane
3219 1746 3440 1793 creatus
3480 1736 3572 1791 ille

1981 1847 2010 1885 a
2064 1831 2211 1887 bono
2262 1830 2374 1885 Deo
2421 1834 2600 1886 malus
2643 1832 2836 1887 artifex
2879 1832 3026 1885 bono
3064 1831 3184 1901 ipso
3221 1827 3334 1883 Deo
3381 1826 3574 1881 sortior

1980 1917 2295 1973 censendus
2333 1926 2437 1976 cst.
2485 1918 2579 1988 qui
2616 1934 2739 1987 quae
2779 1919 2847 1973 ad
2888 1919 3040 1974 illum
3079 1919 3421 1988 pertinebant
3460 1917 3575 1972 vio·-

295 2036 550 2084 Gxovwc,
580 2021 662 2073 ὅτι
703 2020 1029 2085 Ἐξουσίαν
1056 2021 1182 2088 ,ἔχω
1210 2020 1326 2088 τὴν
1353 2021 1566 2089 ψυχήν
1604 2037 1726 2087 μου
1759 2017 1877 2072 θεῖ..
1912 1994 1953 2047 Β
1981 2008 2155 2062 lenter
2181 2015 2369 2078 erepta
2398 2011 2466 2061 ad
2491 2023 2625 2064 usus
2663 2024 2796 2065 suos
2821 2010 3123 2064 transtulit.
3155 2007 3356 2064 Verum
3390 2023 3575 2065 nonne

292 2125 413 2172 ναι,
443 2107 544 2162 καὶ
579 2108 789 2163 λαὸεἴν
819 2109 1016 2173 αὐτήν
1040 2128 1053 2141 ·
1083 2109 1158 2173 ὡς
1181 2110 1345 2162 αὐτοῦ
1382 2110 1482 2179 μὲν
1514 2107 1692 2179 ψυχὴν
1729 2108 1879 2177 είλη·

295 2196 488 2265 φότος,
525 2199 616 2250 καὶ
661 2196 877 2263 θέντος,
919 2199 1016 2251 καὶ
1066 2199 1231 2252 πάλιν
1277 2197 1573 2261 λαόόντος·
1622 2197 1723 2250 οὐκ
1777 2195 1878 2250 ἀλ·

292 2287 508 2360 λοτρίαν
543 2285 681 2344 εἶναι
719 2290 816 2361 τὴν
843 2290 1022 2362 ψυχὴν
1046 2330 1061 2356 ,
1098 2291 1192 2343 καὶ
1223 2290 1417 2362 ἑτέρου
1451 2287 1805 2360 δημιουργοῦ.

365 2574 533 2629 Πάλιν
559 2574 615 2628 δὲ
642 2574 995 2648 εὑρεθήσεται
1024 2578 1227 2647 ἀγαθὸν
1261 2578 1423 2651 σῶμα
1452 2581 1651 2653 φορῶν.
1672 2584 1748 2637 Οὐ
1770 2583 1880 2657 γὰρ

294 2666 361 2719 ἂν
409 2665 761 2738 πεισθήσεται
808 2669 1013 2737 ἁγαθός
1056 2688 1141 2735 τις
1190 2671 1428 2744 χρῆσθαι
1460 2674 1679 2745 πονηρῷ
1707 2674 1877 2747 ἔργῳ,

293 2755 379 2809 ἵνα
415 2756 489 2827 μὴ
523 2759 631 2811 ἀπὸ
656 2758 749 2812 τοῦ
784 2760 1031 2831 μετέχειν
1063 2763 1267 2833 μέρους
1287 2763 1382 2817 τοῦ
1410 2764 1647 2835 πονηροῦ
1671 2767 1765 2820 καὶ
1785 2767 1885 2819 αὐ-

291 2847 381 2911 τὸς
424 2850 790 2920 χρανθήσεται
836 2853 902 2923 τῇ
951 2852 1052 2923 τῆς
1100 2854 1404 2925 ὲπιμίξεως
1445 2857 1698 2927 πονηρία.
1730 2858 1793 2909 Εἰ
1824 2857 1881 2911 δὲ

293 2938 388 2989 καὶ
436 2940 599 3004 αὐτὸς
643 2941 930 3015 ἀνέστησε,
954 2943 1081 3013 λέγε
1135 2963 1249 3016 μοι,
1281 2947 1335 2999 τί
1383 2947 1469 3001 ἵνα
1516 2951 1717 3023 ποιήσῃ
1746 2949 1883 3020 μετὰ

288 3026 590 3083 ἀνάστασιν
619 3032 714 3086 καὶ
741 3034 873 3088 αὐτὸ
896 3034 1059 3090 πάλιν
1088 3037 1450 3092 καταλέλοιπε
1502 3041 1731 3110 μερίσας
1771 3043 1884 3105 τοῖς

288 3118 551 3190 τέσσαρσι
602 3124 908 3196 στοιχείοις,
941 3126 1020 3197 τῷ
1071 3126 1261 3199 θερμῷ
1307 3130 1371 3182 τὸ
1421 3129 1642 3201 θερμὸν,
1675 3132 1771 3184 καὶ
1803 3131 1883 3203 τῷ

290 3211 484 3284 ψυχρῷ
530 3216 591 3268 τὸ
640 3217 872 3289 ψυχρὸν,
902 3219 995 3272 καὶ
1046 3219 1124 3288 τῷ
1176 3219 1326 3291 ξηρῷ
1355 3220 1417 3273 τὸ
1450 3220 1632 3293 ξηρὸν,
1662 3224 1754 3276 καὶ
1805 3223 1883 3296 τῷ

1982 2105 2034 2152 te
2066 2113 2173 2151 vox
2202 2098 2319 2167 ipsa
2346 2097 2652 2155 Salvatoris
2675 2100 2959 2156 evidenter
2984 2101 3236 2169 coarguit
3267 2118 3280 2154 :
3319 2100 3573 2154 Potesta-

1983 2197 2086 2243 tem
2142 2188 2308 2244 habeo
2370 2190 2598 2259 ponendi
2657 2192 2892 2245 animam
2953 2209 3121 2248 meant
3141 2233 3156 2257 ,
3217 2201 3267 2248 et
3327 2191 3574 2246 sumendi

1983 2279 2173 2335 illam?
2215 2280 2375 2349 quasi
2418 2282 2657 2334 animam
2711 2282 2802 2337 ille
2847 2285 3166 2353 sumpserit,
3202 2299 3266 2338 ac
3300 2282 3570 2352 posuerit,

1982 2368 2275 2438 denuoque
2304 2371 2609 2438 receperit;
2641 2377 2701 2423 ut
2736 2385 2844 2425 non
2878 2371 3056 2427 aliena
3084 2386 3208 2428 esse
3237 2372 3446 2437 anima,
3477 2379 3575 2426 aut

1983 2460 2139 2515 alteri
2158 2458 2340 2530 opifici
2367 2459 2661 2516 tribuenda
2685 2461 2955 2518 videatur.

2054 2572 2191 2628 lllud
2210 2556 2373 2628 ctiam
2393 2575 2662 2644 sequitur,
2683 2575 2889 2631 bonum
2921 2575 3054 2631 illud
3071 2576 3327 2633 babuisse
3346 2590 3571 2645 corpus.

1983 2664 2175 2734 Neque
2193 2666 2338 2720 enim
2356 2668 2673 2736 persuaderi
2711 2668 2854 2722 bono
2881 2668 3118 2737 cuipiam
3150 2676 3353 2739 potest,
3395 2668 3564 2740 386
3642 2699 3643 2702 =

1984 2757 2186 2810 malum
2212 2763 2273 2809 ιιι
2299 2771 2437 2825 opus
2465 2756 2531 2810 ad
2568 2772 2732 2811 usum
2754 2759 3064 2831 adhibeat:
3093 2775 3161 2814 ne
3190 2760 3320 2815 dum
3346 2760 3473 2812 mali
3507 2760 3568 2812 tn

1983 2848 2280 2916 particeps,
2315 2845 2778 2916 improbitatis'ac
2812 2849 3070 2920 nequitiae
3096 2850 3422 2920 contagione
3453 2848 3572 2918 pol·

1987 2939 2188 2991 luatur.
2248 2934 2368 2990 Jam
2419 2952 2550 2994 vero
2575 2977 2590 3001 ‚
2655 2939 2702 2993 si
2764 2940 2996 3009 ipsemet
3060 2956 3261 3010 cot-pus
3314 2938 3572 2995 excitavit

1990 3044 2173 3091 suum,
2228 3029 2364 3083 cedo
2417 3028 2547 3099 quid
2584 3045 2651 3085 eo
2692 3038 2816 3100 post
2872 3033 3334 3087 resurrectionem
3380 3032 3567 3085 facere

1985 3121 2351 3176 decreverat?
2378 3127 2475 3174 aut
2505 3135 2606 3175 cur
2645 3121 2847 3178 iterum
2883 3122 3016 3178 illud
3051 3123 3297 3192 reliquit,
3322 3130 3486 3194 atque
3512 3122 3570 3177 in

1985 3220 2222 3282 quatuor
2250 3211 2520 3266 elementa
2545 3213 2784 3282 partitus
2814 3222 2920 3280 est,
2962 3214 3099 3270 adeo
3131 3222 3189 3269 ut
3210 3213 3448 3268 calidum
3474 3227 3572 3267 ca-

295 3303 444 3374 0-5953,
469 3306 530 3358 τὸ
559 3307 726 3378 ὑγρόν
744 3325 759 3373 ;
783 3310 847 3361 Εῑ
874 3309 983 3380 γὰρ
1011 3310 1235 3381 ἤγειρεν
1259 3311 1411 3375 αὐτὸ,
1440 3312 1524 3365 ἵνα
1556 3313 1718 3368 πάλιν
1748 3315 1880 3369 αὐτὸ
1908 3326 1952 3385 C
1986 3305 2117 3372 lido,
2148 3304 2346 3375 frigido
2381 3306 2661 3377 frigidum,
2688 3307 2837 3362 sicco
2877 3307 3109 3370 siccum,
3152 3306 3433 3361 humidum
3473 3306 3571 3362 hu-

291 3394 451 3466 λῦσῃ,
480 3397 585 3468 ἀρα
604 3400 1047 3473 δραματουργίας
1071 3402 1130 3455 τὸ
1154 3402 1313 3474 ἔργον
1339 3404 1497 3458 τοῦτο
1530 3406 1635 3477 εἴη,
1662 3407 1756 3460 καὶ
1778 3407 1879 3461 οὐκ

294 3486 808 3563 ἁληθείας.Ἤγειρε
852 3492 911 3545 δὲ
958 3492 1092 3547 αὐτὸ
1138 3495 1167 3548 ὁ
1210 3494 1418 3565 Κύριος
1466 3496 1627 3566 ὴμῶν
1670 3496 1880 3568 Ἰησοῦς

293 3577 543 3649 Χριστὸς,
576 3579 670 3635 καὶ
699 3583 1123 3656 συμπαρέλαόεν
1144 3584 1347 3654 ἑαυτῷ,
1372 3587 1509 3657 ὅπερ
1536 3587 1880 3642 ἁνεπλὰσατο

291 3670 370 3735 εἰς
401 3672 592 3725 ἑαυτὸν
637 3673 798 3743 σῶμα
848 3678 945 3728 σὺν
989 3678 1137 3745 ψυχῇ
1173 3679 1267 3729 καὶ
1294 3679 1441 3748 πάσῃ
1470 3679 1879 3751 ὲνανθρωπήσει

288 3761 681 3824 τελειωτάτως.
699 3765 918 3833 Ἐπειδὴ
952 3765 1062 3833 γὰρ
1091 3767 1432 3831 συνεκάθισε,
1458 3769 1598 3821 κατὰ
1625 3770 1718 3823 τὸν
1746 3774 1880 3827 ἀπο-

296 3853 542 3905 στολικὸν
566 3852 749 3919 λόγον,
776 3854 857 3905 ὅτι
873 3855 925 3906 Ὁ
946 3855 1088 3920 Θεὸς
1115 3855 1333 3926 ἤγειρε,
1352 3859 1451 3912 καὶ
1476 3862 1881 3919 συνεκάθισεν

299 3943 367 3994 ἐι·
393 3941 516 4006 τοῖς
546 3942 958 4009 ἐπουρανίοις·
991 3945 1067 4007 ὡς
1098 3945 1469 4017 μαρτυροῦσιν
1512 3951 1561 4004 οί
1606 3950 1700 4005 δύο
1740 3954 1791 4006 οἱ
1818 3956 1878 4010 ὲν

302 4032 487 4101 ἐσθῆτι
533 4033 763 4106 λαμπρᾷ
808 4035 1063 4104 ὀφθέντες
1096 4038 1433 4105 ἀποστόλοις,
1466 4040 1543 4108 ὠς
1590 4043 1875 4113 λέγουσιν·

305 4126 363 4177 Ἀ
374 4124 543 4193 νδρες
580 4126 911 4191 Γαλιλαῖοι,
944 4129 1004 4182 τί
1039 4130 1336 4200 ἑστήκατε
1379 4134 1743 4204 ἀτενίζοντες
1790 4140 1880 4205 είς

300 4216 407 4268 τὸν
428 4219 722 4285 οὐρανόν;
762 4220 960 4285 Οὕτως
993 4221 1327 4290 ἐλεύσεται,
1360 4224 1433 4280 ὃν
1455 4229 1679 4297 τρόπον
1713 4228 1873 4284 &Osd-

297 4311 493 4362 σασθε
514 4308 703 4363 αὑτὸν
722 4310 1312 4384 ἀναλαμὸανόμενον.

365 4591 455 4655 G'.
497 4590 608 4643 Καὶ
640 4591 728 4643 ἴνα
757 4592 832 4663 μὴ
854 4592 1015 4647 πάλιν
1036 4592 1166 4666 δοθῇ
1192 4612 1274 4649 σοι
1303 4596 1577 4668 πρόφασις
1611 4600 1876 4671 πονηρίας

293 4678 436 4732 κατὰ
465 4682 565 4752 τῆς
587 4682 867 4753 ἀληθείας,
906 4686 1046 4753 μετὰ
1089 4686 1279 4757 χρόνον
1317 4688 1486 4740 πολὺν
1510 4688 1612 4759 τῆς
1636 4689 1731 4744 τοῦ
1762 4692 1875 4744 Σω-
1906 4664 1951 4718 D

293 4771 458 4843 τῆρος
489 4772 645 4842 ἡμῶν
688 4773 1033 4845 ἀναλήψεως,
1067 4777 1341 4845 Στέφανος
1366 4782 1395 4832 ὁ
1419 4778 1571 4848 ἅγιος
1590 4781 1686 4833 τοῦ
1736 4783 1872 4838 Θεοῦ

297 4863 514 4933 μάρτυρ
548 4863 901 4936 λιθαζόμενος
942 4867 1048 4920 ὑπὸ
1089 4868 1199 4920 τῶν
1225 4869 1496 4924 Ἰουδαίων
1517 4873 1871 4945 ἀπεκρίνατο,

294 4951 467 5022 λέγων
486 4970 502 4985 ·
551 4954 697 5008 Ἰδοὺ
737 4954 855 5024 ὁρῶ
897 4955 1006 5009 τὸν
1046 4959 1312 5026 οὐρανὸν
1339 4961 1736 5031 ἀνεῳγμένον,
1774 4967 1875 5022 καὶ

294 5044 403 5098 τὸν
458 5046 593 5100 Υἱὸν
634 5046 742 5101 τοῦ
789 5047 1103 5115 ἀνθρώπου
1151 5048 1381 5107 ἑστῶτα
1414 5052 1483 5106 ἐκ
1513 5053 1730 5118 δεξιῶν
1768 5057 1877 5113 τοῦ

296 5138 552 5206 Πατρός·
582 5138 669 5190 ἴνα
692 5136 841 5211 δείξῃ
866 5140 996 5192 αὐτὸ
1016 5140 1077 5192 τὸ
1104 5140 1264 5212 σῶμα
1283 5144 1340 5196 ἐν
1359 5142 1587 5217 ἀληθείᾳ
1608 5147 1689 5210 εἰς
1711 5165 1875 5202 πνευ-

299 5227 527 5295 ματικὸν
570 5229 795 5299 άνιστᾷν
839 5229 936 5281 σὺν
982 5228 1198 5302 θεότητι
1230 5232 1324 5285 τοῦ
1366 5236 1728 5305 Μονογενοῦς,
1754 5238 1874 5292 ὅλον

294 5318 375 5379 εἰς
415 5318 785 5388 πνευματικὸν
812 5319 1029 5388 ἐνωθὲν,
1061 5324 1155 5375 καὶ
1184 5324 1265 5386 είς
1298 5324 1523 5394 θεότητα
1554 5328 1870 5401 συνηνωμέ-

294 5408 562 5460 νον.”Ανω
583 5409 640 5462 δὲ
664 5411 794 5463 αὐτὸ
822 5412 882 5465 τὸ
916 5413 1068 5481 ἅγιον
1100 5415 1258 5486 σῶμα
1288 5416 1387 5469 σὺν
1413 5420 1478 5489 τῇ
1511 5417 1726 5490 θεότητι
1751 5420 1871 5485 ὅλος

294 5498 447 5563 Θεδς,
474 5494 554 5563 εἷς
573 5500 697 5566 Υἱὸς
715 5504 744 5555 ὀ
774 5505 925 5574 ἅγιος
954 5505 1047 5559 τοῦ
1077 5505 1236 5568 Θεοῦ.
1253 5506 1612 5580 καθεζόμενος
1638 5513 1697 5565 ἑν
1721 5512 1871 5586 δεξιᾷ

294 5590 388 5645 τοῦ
428 5592 640 5664 Πατρός
659 5608 672 5621 ·
707 5594 783 5659 ὡς
819 5596 931 5666 ἔχει
960 5599 1055 5652 καὶ
1080 5598 1141 5652 τὸ
1162 5600 1256 5653 τοῦ
1284 5599 1513 5672 Μάρκου
1540 5602 1870 5673 Εὐαγγέλιον

293 5685 390 5737 καὶ
414 5685 521 5738 τῶν
551 5686 725 5740 ἀλλων
759 5690 1158 5759 εὐαγγελιστῶν
1183 5708 1198 5723 ·
1234 5693 1343 5746 Καὶ
1376 5693 1646 5763 ἀνῆλθεν
1667 5702 1757 5765 είς
1776 5702 1865 5754 οὑ-

1983 3394 2130 3449 mido
2174 3396 2524 3461 restitueret;
2569 3410 2694 3448 nam
2730 3398 2774 3451 si
2818 3395 2952 3451 illud
3006 3396 3281 3451 excitabat
3320 3395 3462 3459 ideo,
3505 3403 3568 3451 ut

1983 3484 2184 3540 iterum
2210 3485 2557 3550 dissolveret,
2597 3501 2695 3556 per
2727 3486 2916 3541 ludum
2950 3487 3054 3542 hoc
3087 3486 3305 3551 secisse,
3338 3501 3447 3540 non
3485 3501 3570 3542 se·

1982 3580 2066 3635 rio
2093 3596 2158 3633 ac
2181 3580 2323 3635 bona
2360 3579 2466 3636 nde
2498 3581 2791 3637 videbitur.
2846 3581 3138 3638 Enimvero
3182 3580 3447 3637 Dominus
3480 3580 3569 3639 Je-

1981 3686 2082 3726 sus
2112 3671 2369 3728 Christus
2420 3674 2670 3744 idipsum
2721 3675 3012 3739 excitavit3
3063 3689 3286 3743 corpus,
3320 3675 3566 3745 inquam,

1982 3760 2163 3831 ipsum
2205 3761 2356 3833 quod
2403 3762 2671 3820 formarat
2715 3765 2823 3821 sibi
2852 3780 2963 3820 una
3000 3781 3124 3821 cum
3159 3765 3342 3821 anima
3389 3774 3546 3823 σειο-

1981 3858 2168 3925 risque
2212 3855 2414 3925 quibus
2453 3856 2693 3914 hominis
2748 3867 2943 3913 natura
2984 3866 3223 3921 constat,
3261 3857 3548 3930 perlectis·

1981 3946 2119 4001 sime
2145 3961 2338 4004 rursus
2365 3949 2680 4020 assumpsit.
2711 3949 2871 4017 Cum,
2893 3950 3264 4021 utApostolus
3294 3951 3561 4022 loquitur.

1985 4036 2330 4104 consederit,
2355 4041 2825 4112 quandoquidem,
2856 4042 3004 4098 Deus
3032 4043 3182 4097 illum
3207 4045 3466 4098 revocarit
3495 4042 3566 4097 ad

1981 4128 2162 4195 vitam,
2187 4137 2238 4181 et
2268 4130 2324 4182 in
2347 4131 2646 4186 coetestibm
2676 4133 2915 4187 consedit
2935 4136 2975 4199 ¹,
3006 4134 3057 4189 id
3089 4133 3236 4205 quod
3276 4134 3436 4189 ambo
3462 4134 3563 4201 itti,

1981 4217 2077 4287 qui
2110 4217 2167 4272 in
2193 4227 2349 4276 veste
2378 4222 2666 4292 splendida
2690 4224 2959 4294 apostolis
2985 4223 3255 4280 videndos
3288 4239 3410 4280 sese
3434 4241 3568 4295 prze-

1980 4310 2233 4379 buerant,
2287 4311 2441 4369 bisce
2485 4316 2668 4371 verbis
2719 4318 2903 4373 testati
2953 4326 3083 4375 sunt
3123 4337 3137 4373 :
3183 4317 3296 4373 Viri
3325 4317 3560 4384 (ῗαίίίεεὶ,

1981 4401 2109 4471 quid
2144 4406 2302 4458 statis
2338 4407 2652 4475 aspicientes
2683 4407 2736 4462 in
2765 4410 2951 4463 coelum
2971 4414 2997 4467 7
3028 4410 3116 4465 Sic
3157 4412 3341 4478 reniet,
3380 4427 3564 4482 quem·

1979 4494 2268 4548 admodum
2298 4495 2505 4552 vidistis
2534 4515 2655 4552 eum
2681 4501 3046 4558 ascendentem
3062 4506 3104 4558 ⁸.

2050 4603 2142 4662 Vl.
2181 4607 2363 4679 Atque
2397 4616 2459 4662 ut
2501 4611 2683 4665 omnis
2725 4613 2822 4667 tibi
2877 4613 3280 4670 calumniandae
3313 4616 3564 4674 veritatis

1980 4699 2203 4755 occasio
2225 4701 2677 4771 praecluderetur,
2716 4704 2814 4759 diu
2862 4718 2988 4776 post
3032 4711 3414 4763 ascensionem
3453 4708 3561 4765 Do·

1981 4788 2117 4843 mini
2171 4801 2399 4848 sanctus
2450 4793 2543 4848 ille
2596 4791 2687 4849 Dei
2744 4803 2953 4868 martyr
2997 4797 3332 4868 StepltanuS.
3374 4816 3499 4855 cum
3530 4815 3562 4854 a

1981 4869 2189 4937 «ludaeis
2234 4882 2514 4954 lapidibus
2552 4886 2902 4952 obrueretur,
2937 4889 3007 4944 ita
3047 4891 3265 4947 locutus
3297 4901 3427 4948 est:
3470 4892 3563 4948 Vn·-

1981 4974 2078 5027 deo
2112 4974 2299 5028 coelum
2325 4988 2590 5045 apertum,
2644 4989 2696 5034 et
2741 4980 2947 5035 Filium
2996 4982 3224 5039 Ιιοιιεὸηἰε
3267 4995 3498 5040 stantem
3526 5002 3563 5041 α

1986 5062 2191 5119 dextris
2223 5065 2407 5122 Patris
2436 5068 2479 5133 ⁸,
2524 5078 2582 5123 ut
2615 5073 2928 5129 ostenderet
2978 5085 3181 5146 corpus
3215 5076 3396 5146 ipsum
3437 5092 3562 5134 sur-

1982 5155 2210 5224 rexisse,
2228 5174 2355 5214 vere
2383 5158 2439 5214 in
2461 5162 2707 5231 spiritale
2733 5173 3023 5231 mutatum,
3042 5181 3107 5221 ac
3128 5183 3252 5222 cum
3286 5166 3559 5240 Unigeniti

1980 5239 2270 5305 divinitate
2309 5252 2692 5322 conjunctum.
2748 5256 2904 5323 Quod
2949 5258 3090 5312 idem
3139 5272 3559 5320 sacrosanctum

1981 5339 2036 5393 in
2068 5341 2212 5396 coelo
2241 5357 2446 5414 corpus
2470 5361 2595 5402 cum
2628 5348 2748 5417 ipsa
2776 5348 3064 5403 divinitate
3099 5357 3250 5406 totus
3282 5350 3425 5408 Deus
3452 5364 3556 5422 est,

1979 5440 2035 5487 et
2065 5449 2210 5489 unus
2251 5445 2592 5509 sanctusque
2635 5439 2729 5495 Dei
2775 5439 2970 5508 Filius,
3001 5440 3068 5494 ad
3102 5440 3280 5500 Patris
3308 5444 3559 5501 dextram

1979 5524 2296 5590 considens,
2324 5530 2786 5598 quemadmodum
2823 5541 2934 5587 tam
2976 5530 3168 5601 narei,
3201 5553 3367 5607 quam
3397 5549 3560 5595 caete-

1980 5629 2168 5668 rorum
2202 5616 2497 5686 Evangelia
2520 5626 2797 5676 testantur
2827 5642 2841 5679 :
2877 5622 2946 5678 Et
2991 5628 3229 5682 ascendit
3274 5630 3328 5684 in
3372 5630 3554 5693 coeloe.

1979 5715 2028 5760 et
2067 5704 2199 5761 sedit
2238 5708 2294 5762 in
2335 5708 2555 5765 dextera
2607 5710 2792 5768 Patris
2816 5700 2858 5770 ⁸ss
2921 5716 3001 5772 lta
3053 5727 3145 5775 tua
3174 5720 3267 5775 illa
3309 5728 3559 5777 tuorum-

370 5934 387 5965 ¹
412 5911 611 6006 sspties.
649 5951 711 6002 ιι,
742 5936 794 5991 (i.
871 5938 889 5967 ²
919 5936 1040 5992 Act.
1081 5951 1119 6005 ι,
1163 5937 1246 5991 11.
1327 5937 1347 5968 ’
1377 5938 1499 5995 Act.
1538 5956 1633 6007 vu,
1659 5941 1744 5997 55.
1826 5944 1847 5973 ⁸
1878 5941 2046 5998 Marc.
2085 5960 2197 6012 xvi,
2236 5944 2326 6010 l9;
2353 5944 2483 6002 Luc.
2537 5965 2682 6018 xxiv,
2723 5953 2814 6008 51.
