3850 6517
303 479 368 542 17
1587 480 1642 534 S.
1687 478 2030 535 El’ll‘llANll
2082 481 2258 536 vtrA.
3462 488 3534 542 38

301 604 349 659 si
377 604 515 658 forte
546 601 680 656 mihi
732 600 871 655 Deus
923 614 1043 654 mea
1103 607 1323 668 peccata
1377 598 1669 653 condonet.
1726 598 1863 668 lpse,
1898 609 1941 659 Α
1969 600 2118 670 τόπῳ
2150 603 2323 671 τούτῳ
2373 601 2604 656 πενθῶν·
2649 603 2675 653 ὁ
2715 603 2843 663 Θεὸς
2884 601 2939 652 δὲ
2989 601 3256 671 παρέσχεν
3302 619 3388 671 μοι
3432 604 3536 674 τὴν

301 695 395 764 qui
427 695 530 749 hoc
575 693 706 749 mihi
736 693 945 748 olerum
978 693 1210 763 praebuit
1242 693 1499 748 solatium
1542 691 1607 746 ad
1638 693 1870 747 alimen-

294 796 439 850 tum,
471 787 622 842 vobis
679 786 922 860 praecipit
971 800 1039 840 ne
1084 783 1319 851 amplius
1346 783 1580 838 veniatis
1623 782 1677 838 in
1723 785 1870 839 hunc

192 939 199 945 ,
301 877 506 944 iocum,
548 893 649 934 nec
683 893 834 934 meas
869 876 1067 932 herbas
1112 875 1341 931 laedatis.
1397 875 1655 946 Agrestes
1689 885 1868 931 autem

300 969 427 1024 ferae
450 984 574 1025 cum
606 970 723 1024 haec
768 967 1069 1022 audiissent
1095 966 1166 1022 ab
1206 964 1532 1037 Epiphanio,
1576 967 1722 1021 velut
1768 968 1869 1021 ho-

298 1059 473 1116 mines
510 1058 806 1116 sentientes
855 1058 900 1113 si
933 1073 1041 1128 qua
1073 1057 1127 1111 in
1173 1071 1233 1114 re
1278 1057 1476 1128 majori
1523 1057 1786 1121 laeserint,
1814 1065 1869 1112 et

295 1151 720 1221 reprehensione
750 1147 1045 1219 pudefacti,
1078 1149 1159 1205 sio
1187 1150 1394 1220 pudore
1440 1149 1645 1206 affeciae
1683 1150 1868 1205 bestiae

298 1242 548 1311 protinus
581 1249 944 1305 recesserunt,
971 1249 1026 1296 et
1050 1256 1112 1295 ex
1147 1243 1239 1295 illo
1283 1242 1373 1297 die
1417 1259 1524 1297 non
1572 1244 1866 1313 appropin-

301 1339 542 1400 quarunt
570 1330 804 1399 amplius
835 1331 956 1385 loco
983 1341 1189 1386 nostro.
1215 1333 1521 1387 Audierunt
1542 1349 1669 1388 vero
1699 1332 1866 1388 Sara-

297 1418 438 1478 ceni.
472 1418 566 1488 qui
612 1419 805 1474 cellam
838 1420 999 1476 nobis
1043 1432 1459 1490 exstruxerant,
1489 1423 1704 1480 venisse
1739 1424 1863 1494 Epi·

296 1507 556 1577 phanium
608 1523 672 1564 ex
722 1509 966 1577 Perside,
1016 1521 1072 1566 et
1126 1522 1498 1579 accesserunt,
1544 1523 1604 1569 ut
1643 1515 1866 1570 benedi-

296 1599 529 1655 ctionem
557 1600 626 1654 ab
649 1614 716 1655 eo
740 1603 1067 1672 acciperent.
1101 1601 1536 1660 AEdillcaverunt
1562 1615 1744 1661 autem
1770 1621 1864 1661 no-

296 1690 381 1746 bis
414 1697 527 1745 tres
561 1691 696 1745 alias
742 1691 981 1748 domos:
1032 1693 1235 1764 quippe
1281 1695 1376 1764 qui
1425 1696 1708 1751 nobiscum
1741 1711 1864 1752 ver·-

295 1782 397 1835 sati
433 1788 561 1834 sunt
584 1790 818 1851 quatuor
842 1798 1079 1847 menses,
1114 1793 1169 1838 et
1194 1792 1541 1840 recesserunt
1571 1786 1625 1841 in
1656 1803 1757 1842 sua
1789 1789 1864 1843 lo-

293 1883 378 1926 ca.
406 1871 663 1927 Auditum
687 1882 777 1928 'est
802 1884 982 1929 autem
1035 1874 1089 1928 in
1125 1883 1241 1929 tota
1274 1873 1573 1943 Phoenicia,
1623 1876 1859 1947 Epipha-

1978 691 2322 762 παραμυθίαν
2344 691 2544 761 ταύτην
2568 692 2675 745 τῶν
2703 691 2946 761 λαχάνων
2979 692 3058 753 εἰς
3090 691 3407 762 διατροφήν·
3439 694 3534 746 καὶ

1973 782 2133 845 αὐτὸς
2179 784 2305 852 ύμῖν
2337 782 2702 856 παραγγέλλει
2740 782 2933 853 μηκέτι
2974 780 3145 835 ἐλθεῖν
3173 782 3231 835 ἐν
3258 782 3334 853 τῷ
3359 783 3529 854 τόπῳ,

1972 874 2064 926 καὶ
2092 873 2489 927 καταόλάπτειν
2522 891 2620 945 μου
2646 875 2743 945 τὴν
2768 873 2949 943 χλόην.
2979 873 3058 927 T&
3080 874 3136 926 δὲ
3172 874 3337 943 ἄγρια
3364 873 3532 926 ἀκού-

1973 981 2140 1019 σαντα
2190 965 2361 1019 ταῦτα
2417 965 2566 1038 παρὰ
2633 964 2974 1032 Ἐπιφανίου,
3025 963 3213 1036 ὥσπερ
3259 964 3533 1035 ἅνθρωποι

1971 1055 2412 1127 εύαισθητοῦντες
2455 1057 2548 1110 ἐάν
2592 1056 2833 1125 σφαλῶσι
2877 1056 2963 1124 ἐφ’
3007 1056 3088 1108 ἐνὶ
3133 1053 3239 1108 τῶν
3284 1054 3533 1125 μεγάλων

1971 1147 2063 1200 καὶ
2100 1147 2439 1217 ἐλεγχόμενοι
2480 1145 2872 1218 διατραπῶσιν·
2913 1144 3084 1208 οὕτως
3114 1145 3182 1199 τὰ
3213 1144 3374 1215 θηρία
3404 1163 3534 1199 κατ-

1968 1238 2309 1311 ῃσχύνθησαν
2335 1239 2443 1291 ἀπὸ
2472 1237 2579 1291 τῶν
2607 1238 2776 1305 λόγων
2822 1237 3135 1305 Ἐπιφανίου
3153 1276 3168 1298 ,
3200 1237 3293 1289 καὶ
3325 1235 3533 1305 ἀνεχώ-

1972 1346 2142 1400 ρησαν
2176 1328 2396 1393 εὐθέως.
2442 1331 2536 1382 καὶ
2573 1329 2681 1383 ἀπὸ
2716 1330 2815 1399 τῆς
2850 1329 3062 1399 ἡμέρας
3091 1327 3315 1396 ἐκείνης
3348 1327 3532 1379 ούκὲτι

1967 1422 2202 1491 ἤγγισαν
2234 1419 2310 1491 τῷ
2347 1421 2496 1492 τόπῳ
2540 1422 2713 1492 ἡμῶν.
2759 1420 3110 1481 Ἀκούσαντες
3152 1420 3208 1472 δὲ
3237 1421 3285 1472 οἱ
3316 1419 3531 1489 Σαρῤα-

1968 1514 2122 1582 κηνοὶ
2167 1514 2215 1564 οἱ
2257 1511 2705 1582 οἰκοδομήσαντες
2735 1513 2865 1581 ἡμῖν
2902 1511 2963 1564 τὸ
3002 1510 3228 1573 κελλίον,
3260 1510 3340 1562 ὅτι
3368 1506 3531 1579 ἦλθεν

1979 1605 2289 1673 Ἐπιφάνιος
2314 1603 2422 1657 ἀπὸ
2459 1603 2738 1674 Περσίδος,
2774 1601 3129 1674 παρεγένοντο
3157 1602 3248 1654 ἐπὶ
3276 1600 3531 1671 συντυχίᾳ

1968 1695 2131 1749 αὐτοῦ
2156 1735 2171 1759 ,
2222 1685 2762 1766 ῶστεέύλογηθῆναι
2794 1695 2924 1766 παρ’
2957 1692 3141 1747 αὐτοῦ·
3176 1692 3530 1764 ᾠκοδόμησαν

1963 1786 2020 1840 δέ
2049 1789 2180 1858 ἡμῖν
2210 1787 2401 1852 ἀλλους
2442 1790 2591 1859 τρεῖς
2618 1786 2830 1851 οἴκους,
2873 1787 3195 1855 ποιήσαντες
3227 1782 3341 1855 μεθ’
3373 1787 3404 1852 ἡ
3415 1785 3532 1854 μῶν

1969 1861 2160 1948 μῆνας,
2192 1881 2284 1932 καὶ
2314 1879 2464 1933 αὐτοὶ
2497 1877 2867 1950 ἐπορεύθησαν
2893 1876 2952 1929 ἐν
2974 1877 3087 1939 τοῖς
3113 1874 3306 1937 τόποις.
3346 1874 3530 1926 Ἠκού-

294 1962 447 2018 nium
461 1963 705 2020 habitare
734 1965 786 2019 in
813 1964 1175 2038 Spanhydrio.
1202 1965 1865 2041 Congregatisuntitaque
1896 1961 1940 2016 Β
1971 1969 2071 2039 σθη
2112 1970 2168 2023 δὲ
2211 1973 2290 2035 εἱς
2332 1972 2458 2044 ὅλην
2486 1972 2584 2049 τῂν
2615 1970 2766 2041 πόλιν
2798 1968 2916 2040 (τὴν
2949 1966 3241 2036 Φοινίκην),
3265 1967 3346 2019 ὅτι
3381 1966 3531 2019 Ἐπι-

294 2055 386 2110 alii
428 2070 648 2126 quoque
690 2056 886 2114 iratres
929 2057 988 2112 in
1036 2059 1395 2117 monasterio.
1459 2059 1690 2119 Eramus
1732 2079 1861 2118 vero

293 2161 482 2204 omues
507 2130 733 2204 numero
753 2148 1145 2220 quinquaginta
1167 2151 1268 2221 (α).

1084 2232 1144 2281 ⁸.

362 2330 481 2387 XX.
517 2332 762 2399 Quodam
813 2343 995 2388 autem
1031 2333 1119 2389 die
1154 2335 1249 2389 ivit
1275 2334 1612 2406 Epiphanius
1648 2338 1701 2392 in
1737 2353 1858 2393 mo·

293 2425 590 2479 nasterium
617 2422 798 2493 magni
845 2422 1139 2478 Hilarionis
1170 2422 1238 2479 ad
1270 2424 1527 2481 visendos
1565 2425 1782 2490 iratres,
1807 2437 1862 2483 et

291 2529 393 2586 rgo
427 2530 546 2570 sum
570 2530 694 2570 cum
717 2529 783 2569 eo
805 2513 1102 2585 profectus.
1138 2513 1591 2587 Exceperuntque
1620 2533 1720 2573 nos
1748 2517 1861 2574 sra-

293 2614 403 2660 tres
433 2621 556 2660 cum
593 2620 791 2677 magno
819 2606 1036 2676 gaudio,
1089 2614 1144 2662 et
1179 2622 1280 2662 nos
1323 2608 1526 2663 multos
1574 2608 1692 2664 dies
1734 2611 1861 2665 reti·

293 2705 548 2750 nucrunt.
608 2695 866 2752 Diabolus
918 2704 1121 2761 autem,
1163 2697 1255 2766 qui
1313 2698 1383 2753 ab
1433 2698 1588 2753 initio
1629 2707 1714 2754 est
1767 2697 1858 2755 Dei

292 2802 569 2843 servorum
601 2787 968 2851 adversarius,
1006 2789 1219 2857 accepit
1259 2788 1506 2844 habitum
1547 2788 1855 2860 Epiphanii,

291 2887 344 2930 et
394 2877 541 2931 venit
592 2878 646 2931 in
702 2878 1111 2944 monasterium,
1167 2878 1312 2948 quod
1361 2889 1589 2935 vocatur
1609 2880 1859 2954 Spanhy-

292 2961 469 3016 ‹li-ion.
497 2965 597 3018 Cui
642 2964 818 3019 lactus
855 2966 1069 3020 obviam
1118 2964 1285 3021 frater
1336 2982 1400 3021 ex
1451 2968 1540 3034 iis,
1581 2969 1672 3039 qui
1703 2979 1858 3024 erant

294 3051 452 3118 paulo
476 3053 909 3122 negligentiores,
945 3053 1209 3125 cucurrit,
1236 3053 1303 3108 ad
1336 3067 1462 3108 eum
1485 3053 1852 3108 adorandum:

291 3151 343 3195 et
363 3141 561 3197 cadens
589 3143 642 3196 in
677 3151 874 3196 terram
906 3143 1154 3197 adoravit
1200 3143 1496 3213 pessimum
1528 3144 1854 3199 daemonem.

292 3230 355 3286 Et
390 3231 612 3288 intravit
649 3232 705 3286 in
744 3231 961 3302 ipsum:
1001 3247 1176 3302 neque
1225 3241 1436 3302 poterat
1468 3234 1636 3288 teneri
1666 3248 1697 3286 a
1748 3231 1856 3286 fra-

290 3320 481 3377 tribus.
520 3320 665 3375 Dixit
710 3329 890 3375 autem
930 3320 1264 3391 Epiphanius
1304 3336 1504 3393 magno
1553 3319 1812 3376 Hilarioni
1841 3338 1854 3374 :
1885 3299 1931 3360 C

291 3409 468 3478 Pater,
509 3411 672 3481 lupus
720 3412 999 3481 ingressus
1023 3421 1107 3466 est
1141 3414 1554 3475 monasterium.
1592 3420 1646 3467 et
1674 3413 1860 3467 turba-

292 3501 371 3555 vit
421 3500 637 3558 fratres.
687 3503 825 3557 Cum
863 3503 976 3558 haec
1010 3511 1189 3559 autem
1238 3503 1462 3559 dixisset
1500 3503 1858 3575 Epiphanius,

290 3599 346 3646 ct
391 3606 583 3647 omnes
635 3601 781 3648 esset
814 3595 1120 3662 amplexus,
1174 3593 1315 3647 viam
1370 3595 1614 3649 iniimus.
1661 3593 1862 3649 Tribus

291 3682 458 3751 igitur
503 3682 802 3753 aliquando
857 3684 1079 3739 rusticis
1135 3683 1397 3754 ingressis
1444 3686 1858 3750 monasterium,

289 3774 585 3830 damonem
618 3775 956 3830 immundum
990 3790 1134 3831 unus
1159 3775 1367 3829 hahuit.
1406 3774 1521 3829 Duo
1559 3783 1739 3830 autem
1769 3792 1860 3830 ro-

252 3864 489 3937 -ssabant
517 3879 618 3934 pro
663 3880 748 3929 eo,
787 3864 879 3933 qui
931 3865 1168 3920 habehat
1214 3864 1552 3919 immundum
1585 3865 1857 3935 spiritum,

289 3955 537 4013 dicentes
563 3975 577 4012 t
611 3955 715 4010 Per
736 3970 901 4025 opem
932 3955 1082 4011 fratri
1115 3965 1320 4011 nostro.
1351 3955 1505 4012 Tunc
1526 3957 1861 4026 Epiphanius

294 4047 432 4100 ‹lixit
462 4046 582 4102 eis:
638 4045 899 4115 Accipite,
951 4045 1077 4110 mii,
1118 4038 1361 4101 vestrum
1409 4044 1661 4105 amicum,
1699 4055 1751 4099 et
1789 4047 1861 4100 ite

290 4139 345 4193 in
374 4153 525 4209 pace.
558 4138 615 4193 ln
660 4138 879 4192 nomine
907 4139 1049 4192 enim
1098 4136 1227 4193 Jesu
1256 4137 1461 4191 Christi
1510 4136 1646 4189 nihil
1678 4146 1761 4190 est
1804 4137 1857 4190 in

290 4243 356 4283 eo
405 4228 554 4282 mali.
587 4228 723 4281 Cum
778 4227 879 4296 ipsi
933 4238 1115 4283 autem
1188 4225 1549 4283 credidissent
1594 4225 1642 4280 ei
1713 4225 1860 4296 quod

290 4318 498 4372 dixerat
547 4317 919 4389 Epiphanius,
970 4320 1103 4374 abiit
1155 4320 1320 4373 homo
1350 4331 1518 4374 sanus
1574 4317 1627 4371 in
1679 4317 1857 4372 locum

290 4422 472 4463 suum.

360 4677 498 4732 XXl.
541 4676 675 4732 Cum
719 4684 864 4729 esset
896 4682 1074 4729 autem
1119 4672 1410 4744 aliquando
1445 4673 1529 4726 leo
1563 4674 1615 4727 in
1662 4673 1854 4727 solitu-

291 4770 416 4825 dine
448 4770 515 4823 ad
542 4769 941 4837 sexagesimum
970 4767 1201 4837 lapidem
1225 4782 1255 4819 a
1280 4774 1466 4819 nostro
1496 4765 1851 4827 monasterio,

293 4860 494 4915 latebat
546 4860 601 4912 in
646 4857 819 4921 silva,
869 4867 923 4911 et
966 4857 1242 4912 occidebat
1285 4855 1485 4909 multos
1533 4869 1600 4909 ex
1652 4856 1720 4912 iis
1762 4856 1856 4926 qui

293 4952 659 5021 praeteribant.
712 4947 945 5016 Eratque
997 4948 1083 5004 hie
1127 4948 1279 5003 locus
1326 4955 1486 5017 aptus
1530 4948 1852 5003 viatorihuS.

296 5043 480 5098 Concti
517 5041 682 5112 igitur
733 5053 951 5096 omnes.
997 5041 1088 5107 qui
1139 5040 1384 5095 solebant
1440 5054 1533 5108 per
1585 5039 1735 5093 illum
1769 5039 1852 5094 lo·

297 5148 419 5186 cum
454 5131 695 5201 ingredi,
732 5137 996 5204 veperunt
1034 5128 1099 5182 ad
1133 5128 1489 5198 Epiphaniam
1547 5129 1601 5183 in
1659 5145 1848 5185 mona-

296 5222 540 5286 sterium,
569 5222 808 5275 dicentes
840 5221 888 5274 ei
915 5220 981 5275 de
1029 5218 1250 5272 animali
1298 5219 1440 5273 etde
1470 5220 1588 5288 ejus
1623 5222 1848 5285 szuvitia,

293 5321 347 5368 et
382 5312 524 5382 quod
555 5313 707 5367 locus
736 5312 968 5367 evaserit
1005 5309 1394 5370 inhabitabilis,
1434 5318 1488 5364 et
1517 5311 1663 5380 quod
1693 5327 1852 5365 nemo

296 5419 394 5475 per
428 5420 551 5458 cum
598 5406 771 5473 possit
815 5405 1047 5459 transire
1095 5410 1312 5474 propter
1345 5410 1545 5457 metum
1579 5403 1772 5468 leoniS,
1805 5413 1859 5458 et

293 5498 437 5569 quod
473 5511 596 5551 cum
630 5497 743 5564 ipse
785 5497 984 5551 inultos
1017 5497 1262 5551 homines
1307 5494 1619 5566 perdiderit,
1662 5497 1856 5567 reliqui

295 5589 564 5659 perterriti
597 5602 703 5640 non
731 5586 962 5642 audeant
989 5588 1220 5658 amplius
1252 5604 1347 5658 per
1387 5586 1563 5643 locum
1600 5590 1852 5647 transire.

369 5847 445 5918 (u)
485 5846 667 5902 Graecc
707 5851 840 5899 octo.

1971 2062 2158 2131 φάνιος
2212 2065 2270 2116 ἐν
2327 2063 2643 2135 Σπανυδρίῳ
2708 2060 2970 2115 κατοικεῖ.
3031 2057 3377 2128 Συνήχθησαν
3439 2054 3531 2113 οὖν

1969 2152 2115 2206 ἄλλοι
2147 2153 2365 2223 ἀδελφοὶ
2393 2155 2451 2208 ἐν
2481 2154 2558 2225 τῷ
2591 2151 2956 2226 μοναστηρίῳ.
2989 2147 3206 2218 Ἢμεθα
3236 2148 3292 2201 δὲ
3317 2150 3367 2203 οἱ
3393 2150 3529 2204 πάν·

1967 2261 2079 2308 τες,
2106 2244 2199 2298 τὸν
2225 2246 2451 2316 ἀριθμὸν
2499 2253 2567 2319 η’.

2038 2337 2123 2390 K'.
2166 2337 2465 2409 Ἐπορεύθη
2512 2334 2606 2392 οὗν
2658 2338 2971 2408 Ἐπιφάνιος
3013 2341 3072 2394 ἐν
3117 2339 3215 2410 μιᾷ
3247 2334 3429 2406 ἡμέρᾳ
3475 2334 3529 2386 ἐν

1966 2426 2044 2491 τῷ
2082 2428 2423 2497 μοναστηρίῳ
2460 2426 2552 2480 τοῦ
2591 2427 2823 2498 μεγάλου
2866 2429 3166 2501 Ἰλαρίωνος
3196 2429 3273 2489 εἰς
3314 2425 3526 2477 ἐπίσκε·

1965 2516 2060 2586 ψιν
2091 2515 2199 2569 τῶν
2228 2515 2489 2585 ἀδελφῶν·
2526 2519 2620 2570 καὶ
2659 2517 2960 2588 ἐπορεύθην
2990 2518 3143 2588 κάγὼ
3190 2516 3307 2587 μετ’
3345 2511 3528 2568 αὐτοῦ.

1967 2605 2075 2658 Καὶ
2099 2605 2425 2672 ἀπεδέξαντο
2458 2607 2604 2676 ἡμᾶς
2645 2608 2695 2660 οἱ
2726 2607 2947 2679 ἀδελφοὶ
2993 2609 3130 2682 μετὰ
3162 2609 3336 2681 χαρᾶς
3366 2605 3532 2676 μεγά-

1967 2695 2083 2766 λης,
2119 2697 2213 2749 καὶ
2240 2700 2488 2768 κατεῖχον
2516 2699 2662 2770 ἡμᾶς
2685 2700 2897 2774 ἡμέρας
2931 2704 3150 2765 πολλάς.
3190 2702 3245 2753 'O
3279 2696 3368 2750 οὖν
3414 2697 3517 2748 διά-

1966 2785 2139 2851 δολος,
2185 2789 2213 2840 ὁ
2262 2788 2322 2853 ἐξ
2367 2791 2960 2860 ἀρχῆς·ἀντικείμενος
3020 2796 3129 2852 τοῖς
3178 2787 3379 2841 δούλοις
3430 2782 3522 2828 τοῦ

1965 2876 2120 2939 Θεοῦ,
2157 2878 2345 2929 ἔλαθεν
2396 2880 2708 2945 Ἐπιφανίου
2754 2880 2814 2929 τὸ
2861 2863 3078 2945 ἇχῆμα,
3113 2876 3202 2928 καὶ
3226 2868 3519 2937 ἁπέρχετα·

1964 2967 2022 3016 ἐν
2065 2964 2141 3032 τῷ
2191 2965 2534 3034 μοναστηρίῳ
2591 2964 2670 3032 τῷ
2733 2964 3141 3032 ἐπικαλουμένῳ
3187 2955 3520 3028 Σπανυδρίῳ.

1964 3053 2305 3123 Συναντήσας
2353 3053 2409 3104 δὲ
2470 3051 2619 3121 αὐτῷ
2670 3050 2893 3120 ἀδελφὸς
2946 3050 3055 3105 τῶν
3118 3047 3525 3122 ἅμελεστέρων,

1964 3143 2190 3215 ἔδραμεν
2222 3145 2299 3206 εἰς
2346 3140 2709 3214 προσκύνησιν
2738 3140 2922 3195 αὐτοῦ.
2964 3142 3075 3194 Καὶ
3120 3142 3183 3212 δὴ
3230 3138 3408 3194 πεσὼν
3435 3135 3527 3190 ἐπὶ

1962 3236 2060 3308 τὴν
2086 3236 2190 3307 γῆν
2219 3233 2621 3307 προσεκύνησεν
2650 3234 2728 3305 τῷ
2756 3234 3111 3306 πονηροτάτῳ
3146 3233 3378 3303 δαίμονι.
3417 3229 3527 3283 Καὶ

1961 3328 2205 3400 εἰσῆλθεν
2231 3329 2310 3391 είς
2344 3327 2531 3381 αὐτόν·
2569 3327 2663 3381 καὶ
2705 3323 2779 3399 ἦν
2800 3327 3109 3397 ἀκράτητος
3151 3327 3208 3378 ἐν
3236 3327 3346 3386 τοῖς
3375 3319 3526 3376 ἀδελ-

1963 3421 2102 3489 φοῖς.
2136 3416 2300 3471 Εἶπεν
2326 3418 2382 3470 δὲ
2424 3418 2738 3487 Ἐπιφάνιος
2777 3418 2910 3484 πρὸς
2950 3417 3039 3471 τὸν
3076 3417 3246 3487 μέγαν
3288 3413 3526 3483 Ἱλαρίω-

1962 3529 2056 3566 να·
2103 3511 2276 3574 Λύκος
2319 3508 2659 3580 ἐπεισῆλθεν,
2704 3509 2917 3580 Πάτερ,
2948 3510 3007 3561 ὲν
3048 3507 3125 3578 τῷ
3165 3503 3526 3578 μοναστηρίῳ,

1962 3603 2242 3673 ἐτάραξεν,
2270 3599 2556 3653 ἐσάλευσεν
2582 3600 2785 3661 πάντας
2808 3600 2929 3666 τοὺς
2959 3596 3238 3665 ἀδελφούς.
3263 3593 3444 3648 Ταῦτα
3472 3592 3529 3645 δέ

1963 3691 2132 3745 εἰπὼν
2174 3691 2485 3758 Ἐπιφάνιος
2524 3689 2907 3758 ἀσπασάμενος
2939 3686 3204 3748 ἅπαντας,
3239 3682 3528 3754 ἐξήλθομεν

1960 3783 2061 3853 τὴν
2092 3782 2211 3836 ὁδὸν
2237 3780 2391 3852 ἡμῶν
2444 3780 2580 3834 Ποτέ
2605 3779 2736 3848 γοῦν
2770 3777 2935 3849 τριῶν
2968 3775 3238 3847 ἀγροίκων
3265 3773 3527 3828 εἰσελθόν-

1960 3891 2071 3928 των
2103 3875 2159 3926 ἐν
2188 3872 2265 3943 τῷ
2307 3871 2679 3943 μοναστηρίῳ,
2724 3869 2952 3938 δαίμονα
2984 3865 3292 3936 ἀκάθαρτον
3328 3861 3471 3934 εἶχεν
3500 3863 3528 3915 ὁ

1961 3959 2060 4026 εἷς.
2118 3962 2239 4016 Τῶν
2284 3960 2376 4014 δύο
2426 3957 2519 4015 οὖν
2568 3957 3026 4032 παρακαλούντων
3070 3957 3161 4008 τὸν
3217 3955 3526 4022 Ἐπιφάνιον

1964 4054 2091 4123 περὶ
2123 4053 2216 4106 τοῦ
2246 4052 2306 4104 τὸ
2351 4052 2567 4122 πνεῦμα
2604 4050 2817 4120 ἔχοντος
2849 4049 2909 4102 τὸ
2954 4046 3282 4118 ἀκάθαρτον,
3318 4045 3409 4097 καὶ
3438 4042 3526 4097 λε-

1961 4143 2197 4208 γόντων·
2253 4140 2527 4208 Βοήθησον
2577 4138 2654 4208 τῷ
2703 4138 2859 4208 ἡμῶν
2919 4139 3151 4206 ἑταίρῳ,
3216 4135 3526 4202 Ἐπιιράνιος

1962 4227 2113 4285 εἶπεν
2158 4231 2358 4292 αὐτοῖς·
2408 4227 2635 4291 Λάόετε,
2681 4226 2864 4291 τέκνα,
2898 4228 2987 4279 τὸν
3026 4226 3178 4296 ὑμῶν
3222 4226 3402 4292 φίλον,
3434 4224 3527 4278 καὶ

1964 4320 2257 4393 πορεύεσθε
2309 4323 2367 4374 ἐν
2415 4319 2635 4391 εἰρήνῃ·
2687 4319 2744 4370 ἐν
2790 4316 2897 4389 γὰρ
2950 4315 3027 4386 τῷ
3077 4315 3294 4385 ὀνόματι
3352 4315 3526 4386 Ἰησοῦ

1962 4413 2219 4487 Χριστοῦ,
2250 4413 2399 4467 οὐδὲν
2424 4411 2590 4465 κακὸν
2616 4412 2676 4463 ὲν
2701 4408 2867 4479 αὐτῷ.
2902 4406 3311 4460 Πιστευσάντων
3337 4406 3393 4459 δὲ
3428 4407 3525 4459 αῦ-

1962 4505 2069 4559 τῶν
2098 4504 2172 4575 τῷ
2203 4504 2345 4574 λόγῳ
2377 4501 2713 4571 Ἐπιφανίου,
2744 4498 2981 4569 ἀπῆλθεν
3003 4500 3031 4551 ὁ
3062 4497 3342 4568 ἅνθρωπος
3369 4498 3525 4569 ὑγιὴς

1888 4619 1941 4680 u
1963 4599 2021 4650 ἐν
2045 4595 2122 4667 τῷ
2146 4596 2277 4664 οἴκῳ
2306 4592 2488 4649 αὐτοῦ.

2032 4689 2161 4741 KA'.
2220 4685 2357 4739 Ποτέ
2416 4681 2506 4737 οὗν
2560 4682 2773 4745 λέοντος
2820 4681 3155 4751 ὑπάρχοντος
3214 4683 3273 4734 ὲν
3334 4682 3524 4753 ἐρήμῳ

1959 4779 2128 4846 τόπῳ,
2156 4776 2229 4838 ὡς
2268 4773 2375 4827 ἀπὸ
2407 4772 2648 4844 σημείων
2685 4772 2725 4837 ξ’
2755 4771 2834 4842 τῷ
2861 4770 3017 4842 ἡμῶν
3054 4770 3421 4842 μοναστηρίῳ,
3455 4766 3522 4841 ἦν

1959 4872 2041 4930 εἰς
2071 4867 2204 4936 ὓλην
2243 4865 2624 4936 κεκρυμμένος
2646 4905 2661 4928 ,
2692 4865 2786 4920 καὶ
2818 4862 3047 4926 πολλοὺς
3078 4861 3187 4915 τῶν
3222 4861 3523 4932 ἀνθρώπων

1959 4958 2067 5010 τῶν
2090 4957 2513 5027 παρερχομένων
2544 4955 2620 5026 τῷ
2652 4955 2797 5024 τόπῳ
2822 4952 3012 5022 ἐκείνῳ
3037 4951 3316 5022 ἠφάνιζεν.
3335 4946 3441 5002 Ἧν
3467 4951 3522 5002 δὲ

1960 5052 1989 5103 ὁ
2022 5048 2183 5112 τόπος
2217 5042 2369 5111 οὗτος
2395 5047 2692 5118 ἐπιτήδειος
2730 5048 2839 5109 τοῖς
2877 5044 3190 5113 ὁδοιπόροις.
3223 5042 3523 5112 Συναχθέν-

1960 5161 2052 5208 τες
2090 5139 2184 5197 οὗν
2220 5144 2453 5206 ἅπαντες
2491 5143 2538 5194 οἱ
2582 5141 2679 5212 τὴν
2714 5141 3001 5212 συνήθειαν
3041 5140 3252 5209 ἔχοντες
3293 5137 3523 5206 βαδίζειν

1959 5233 2047 5287 διὰ
2076 5233 2170 5287 τοῦ
2201 5233 2363 5286 τόπου
2390 5233 2621 5295 ἐκείνου,
2649 5229 2809 5304 ἦλθον
2843 5233 2979 5304 πρὸς
3007 5231 3323 5299 Ἐπιφάνιον
3359 5231 3416 5281 ὲν
3447 5229 3525 5297 τῷ

1964 5324 2305 5397 μοναστηρῑῳ
2326 5366 2340 5388 ,
2367 5325 2615 5394 λέγοντες
2644 5325 2790 5394 αύτῷ
2821 5323 2889 5376 τά
2932 5323 3059 5393 περὶ
3090 5319 3181 5374 τοῦ
3224 5318 3387 5384 (timu,
3430 5320 3524 5371 καὶ

1963 5418 2061 5488 τῆς
2090 5416 2316 5482 ἀταξίας
2348 5417 2513 5471 αὐτοῦ
2544 5419 2642 5488 τῆς
2684 5416 2925 5486 πονηρᾶς
2946 5429 2959 5443 ·
2990 5413 3081 5467 καὶ
3126 5413 3206 5466 ὅτι
3239 5411 3487 5481 ἀοίκητος
3506 5448 3521 5471 ,

1963 5508 2057 5560 καὶ
2079 5507 2275 5570 ἀόατος
2302 5510 2329 5560 ὁ
2348 5508 2509 5571 τόπος
2538 5508 2770 5577 ἐγένετο,
2789 5500 2833 5558 ὦ
2855 5505 3055 5574 Πάτερ,
3084 5503 3190 5556 ἀπὸ
3217 5499 3310 5556 τοῦ
3337 5502 3521 5569 φόῆου,

1963 5599 2147 5670 φησὶν,
2168 5597 2263 5651 τοῦ
2284 5598 2512 5665 λέοντος,
2541 5600 2619 5653 ὅτι
2650 5597 2876 5660 πολλοὺς
2905 5593 3223 5667 ἀνθρώπους
3248 5591 3521 5658 διώλεσεν.
