3850 6517
343 490 415 561 ts
1654 500 1712 554 s.
1753 500 2093 555 Et‘iPriAMi
2141 500 2317 555 vrrs.
3517 499 3588 557 so

339 619 449 675 Καὶ
474 619 524 671 o!
556 613 739 670 λοιποὶ
778 615 1098 686 πτοηθέντες
1143 614 1326 668 οὐκέτι
1375 614 1618 669 θέλουσιν
1649 616 1917 686 παράγειν
1949 627 1990 680 Α
2021 617 2125 683 Qui
2163 633 2287 671 cum
2315 615 2383 671 de
2410 617 2580 672 ieonis
2612 617 2898 672 insolentia
2932 617 3217 680 audiisset,
3250 616 3385 672 dixit
3412 618 3589 671 onmi-
3661 646 3678 668 ι

333 711 425 764 τὸν
466 711 632 763 τόπον
669 710 894 761 ἐκεῖνον.
932 706 1198 771 Ἀκούσας
1231 707 1289 760 δὲ
1318 707 1635 774 Ἐπιφάνιος
1663 707 1916 779 περὶτῆς

333 801 562 866 ἀταξίας
598 799 694 852 τοῦ
718 799 950 863 λέοντος,
984 794 1138 852 εἶπεν
1167 800 1302 871 πρὸς
1338 799 1582 862 ἅπαντας
1616 800 1743 861 τοὺς
1775 816 1916 870 παρ-

332 892 605 954 εστῶτας·
638 892 918 962 Ἄγωμεν,
963 892 1127 962 φησιν
1150 931 1165 956 ,
1198 891 1364 944 τέκνα
1384 930 1398 953 ,
1433 891 1526 943 ἐπὶ
1572 891 1652 961 τῷ
1691 891 1915 962 ὀνόματι

334 983 568 1054 Κυρίου,
597 982 689 1036 καὶ
715 983 963 1054 ὀψόμεθα
1002 983 1095 1037 τὸν
1120 983 1310 1036 λέοντα
1338 983 1429 1036 τὸν
1463 983 1776 1057 αίμοόόρον.
1801 985 1913 1037 Λα-

337 1071 452 1125 ocu-s
485 1069 575 1126 οὖν
601 1072 702 1143 ἐμὲ
728 1072 1071 1142 Ἐπιφάνιος,
1107 1070 1485 1142 ἐπορεύθημεν
1519 1071 1658 1140 μετὰ
1689 1071 1798 1126 τῶν
1824 1073 1916 1126 ἀν-

340 1161 587 1234 θρώπων.
610 1163 913 1218 Ἐλθόντων
935 1163 992 1216 δὲ
1020 1163 1200 1234 ἡμῶν,
1224 1163 1385 1216 ἔπεσε
1442 1162 1605 1232 φόόος
1631 1163 1800 1234 μέγας
1823 1165 1915 1219 ἐπὶ

337 1253 540 1318 πάντας
569 1256 699 1319 τοὺς
728 1254 889 1318 ὄντας
919 1254 1038 1325 μεθ’
1075 1253 1253 1325 ἡμῶν.
1291 1249 1456 1308 Εἶπεν
1499 1254 1557 1306 δὲ
1599 1254 1913 1322 Ἐπιφάνιος

333 1344 468 1414 πρὸς
502 1344 628 1408 τοὺς
655 1343 977 1416 ἀνθρώπους
997 1361 1010 1375 ·
1043 1342 1153 1396 Ποῦ
1173 1383 1186 1407 ,
1223 1344 1416 1414 φησὶν,
1466 1343 1631 1396 τέκνα
1654 1383 1667 1407 ,
1700 1342 1844 1396 ἐστιν
1876 1345 1909 1415 ἠ

335 1435 651 1507 κατοίκησις
694 1435 789 1489 τοῦ
836 1435 1078 1502 λέοντος;
1128 1433 1248 1489 Τῶν
1291 1434 1349 1488 δὲ
1391 1433 1779 1500 ὑποδειξάντων
1822 1436 1913 1489 τὸν

326 1527 513 1589 τόπον,
557 1526 772 1581 έδαινεν
801 1527 1124 1596 Ἐπιφάνιος
1164 1524 1381 1596 πρῶτος
1430 1527 1665 1581 πάντων.
1702 1524 1810 1580 Τοῦ
1853 1527 1911 1581 δὲ

322 1618 541 1683 λέοντος
600 1619 870 1690 μηδέποτε
936 1619 1272 1690 βλεπομένου
1294 1661 1310 1685 ,
1363 1619 1551 1689 ἔλεγεν
1596 1620 1912 1689 Ἐπιφάνιος

328 1705 545 1779 μεγάλῃ
575 1709 642 1778 τῇ
678 1711 826 1778 φωνῇ
849 1723 862 1737 ·
907 1706 1018 1761 Ποῦ
1064 1706 1214 1760 ἐστιν
1259 1707 1319 1761 τὸ
1368 1709 1785 1779 κατοικητήριον
1815 1706 1908 1762 τοῦ

325 1797 565 1851 ἀτάκτου
594 1797 844 1865 λέοντος;
873 1797 1244 1870 Ἐξεπῂδησεν
1294 1798 1351 1852 δὲ
1394 1794 1425 1852 ό
1470 1798 1608 1852 λέων
1655 1799 1765 1851 ἀπὸ
1811 1799 1909 1871 τῆς

328 1886 461 1958 ὖλης
495 1890 575 1951 εἰς
603 1889 926 1960 συνάντησιν
945 1889 1289 1958 Ἐπιφανίου.
1324 1885 1490 1953 Οὗτος
1525 1890 1581 1943 δὲ
1619 1888 1909 1944 ίδὼνἘπι-

2022 708 2124 763 hus
2172 707 2264 778 qui
2313 707 2537 762 aderant
2577 726 2590 761 ι
2635 707 2837 762 Eamus
2899 709 2953 762 in
2998 709 3217 763 nornine
3260 707 3497 771 Domini,
3535 700 3632 763 et‘

2020 799 2299 853 videamus
2345 797 2577 853 iconem.
2629 796 2713 851 Me
2745 805 2929 851 autem
2969 806 3216 867 accepto,
3258 796 3589 867 Epiphanius

2020 889 2241 960 quidem
2292 887 2570 959 proiectus
2600 894 2686 942 est
2714 902 2839 942 cum
2878 886 3214 942 hominibus.
3246 885 3312 941 Et
3345 902 3468 941 cuni
3494 900 3588 942 ve·

2020 980 2290 1035 nissemus
2321 979 2387 1033 ad
2435 979 2614 1033 locum
2642 1019 2658 1045 ,
2691 977 2881 1032 incidit
2921 993 3153 1046 magnus
3199 978 3363 1032 timor
3391 977 3447 1032 in
3472 992 3587 1032 om·

2018 1083 2116 1124 nes
2171 1069 2263 1137 qui
2297 1076 2454 1122 erant
2485 1069 2791 1124 nobiscum.
2825 1065 2919 1122 Eis
2945 1077 3127 1122 autem
3164 1067 3304 1121 dixit
3351 1066 3589 1137 Epipha-

2017 1159 2181 1213 nius:
2211 1156 2312 1213 Ubi
2354 1167 2458 1222 est,
2495 1175 2528 1214 o
2555 1158 2671 1223 lilii,
2704 1158 2880 1214 leonis
2909 1156 3212 1222 hahitatio?
3238 1154 3484 1227 Cumque
3508 1157 3590 1213 io·

2016 1266 2144 1306 eum
2168 1250 2559 1314 ostendissent,
2580 1250 2674 1305 ivit
2701 1249 2913 1320 primus
2934 1246 3273 1319 Epiphanius
3294 1247 3361 1301 ad
3386 1247 3583 1304 locum.

2015 1343 2083 1396 Et
2132 1356 2258 1396 cum
2289 1340 2375 1397 leo
2407 1342 2651 1395 nondum
2699 1341 2997 1404 videretur,
3053 1338 3189 1395 dixit
3227 1354 3424 1410 magna
3455 1354 3588 1396 voce

2016 1430 2352 1502 Epiphanius
2382 1448 2395 1484 :
2434 1430 2533 1487 Ubi
2568 1442 2651 1487 est
2678 1432 2852 1487 leonis
2880 1429 3289 1487 habitaculum?
3318 1429 3426 1484 Leo
3456 1443 3588 1484 vero

2013 1524 2145 1578 exiit
2188 1539 2219 1577 e
2249 1523 2407 1587 silva,
2448 1532 2508 1577 ut
2545 1522 2649 1577 iret
2693 1522 2909 1577 obviam
2936 1519 3259 1591 Epiphanio.
3308 1518 3357 1575 is
3402 1529 3585 1574 autem

2012 1634 2137 1675 cum
2160 1616 2385 1672 vidisset
2407 1615 2795 1688 Epiphaniam,
2828 1613 3011 1669 statim
3040 1615 3096 1668 in
3130 1623 3329 1667 terram
3364 1612 3585 1677 cecidit,

2011 1714 2065 1762 et
2099 1705 2303 1761 mansit
2352 1715 2623 1760 mortuns.
2661 1701 2930 1758 Cadaveri
2972 1716 3103 1757 vero
3131 1701 3588 1802 appropinquavit

2013 1796 2354 1869 Epiphanius
2384 1813 2399 1850 z
2436 1795 2531 1851 sed
2563 1794 2758 1865 reliqui
2792 1808 2985 1849 omnes
3014 1791 3320 1862 effugerunt
3342 1831 3358 1856 ,
3388 1806 3585 1862 magno

2010 1897 2159 1943 metu
2210 1887 2408 1943 affecti.
2459 1885 2799 1956 Epiphanius
2840 1894 3021 1938 antem
3061 1897 3258 1953 magna
3289 1898 3420 1939 voce
3452 1883 3587 1941 dixit

325 1978 537 2044 φάνιον,
578 1979 779 2045 εὐθέως
806 1980 1001 2035 ἔπεσεν
1028 1982 1125 2034 ἐπὶ
1153 1979 1253 2052 τὴν
1277 1981 1414 2051 γῆν,
1456 1981 1552 2034 καὶ
1580 1981 1796 2052 ἔμεινεν
1824 1999 1904 2035 νε·
1941 1975 1981 2028 Β
2010 1979 2058 2034 ei
2085 1998 2099 2033 ι
2130 1976 2321 2033 Venite
2353 1992 2571 2043 secure,
2608 1976 2740 2040 lilii,
2791 1984 2846 2030 et
2880 1974 3133 2031 videbitis
3162 1960 3392 2030 cadaver
3435 1975 3582 2032 ferae.

323 2068 477 2137 κρός.
504 2069 760 2139 Ἐγγίσας
779 2071 838 2125 δὲ
863 2073 1181 2142 Ἐπιφάνιος
1204 2071 1372 2141 ἐγγὺς
1391 2071 1485 2125 τοῦ
1514 2073 1783 2144 στόματος
1807 2072 1907 2144 (ιι),

323 2159 374 2209 οἰ
411 2159 612 2224 πάντες
641 2162 928 2231 ἀπέφυγον
962 2162 1112 2234 φόὸῳ
1157 2163 1379 2234 μεγάλῳ
1407 2162 1786 2233 συσχεθέντες,
1820 2162 1909 2216 λο·

320 2244 628 2316 γῑζόμενοι,
668 2251 744 2321 μή
778 2267 895 2314 πως
925 2251 1019 2305 καὶ
1043 2252 1362 2322 Ἑπιφάνιον
1396 2251 1725 2308 θανατώσει.
1762 2253 1821 2304 '0
1853 2250 1911 2305 δὲ

335 2335 647 2406 Ἐπῑφᾶνῑθς
694 2343 902 2416 μεγάλῃ
953 2348 1019 2417 τῇ
1069 2351 1220 2419 φωνῇ
1268 2347 1451 2415 ἔλεγεν
1509 2345 1646 2414 πρὸς
1702 2344 1913 2407 πάντας

321 2427 550 2492 αὐτούς·
580 2431 765 2497 Δεῦτε,
793 2437 977 2506 φησὶν,
1011 2438 1251 2508 ἀφόόως,
1280 2437 1466 2501 τέκνα,
1490 2437 1584 2490 καὶ
1609 2433 1808 2505 sapaces
1840 2434 1902 2487 τὸ

329 2517 535 2585 πτῶμα
565 2521 658 2573 τοῦ
702 2523 913 2593 θηρίου.
955 2527 1076 2581 Τῶν
1121 2529 1180 2582 δὲ
1222 2529 1473 2583 ἀπάντων
1525 2527 1730 2590 εὐθέως
1780 2541 1902 2579 συν-

333 2604 630 2673 αχθέντων,
664 2610 769 2664 ἴδον
800 2615 850 2666 οἱ
886 2615 1084 2678 πάντες
1107 2617 1170 2669 τὸ
1198 2618 1395 2688 πτῶμα
1422 2619 1516 2671 τοῦ
1562 2618 1771 2688 θηρίου.
1805 2611 1898 2671 Et-

2005 2068 2274 2124 Omnihus
2310 2084 2439 2124 vero
2467 2068 2651 2124 statim
2702 2067 2965 2132 collectis,
2995 2067 3244 2123 viderunt
3278 2082 3468 2124 omnes
3498 2084 3587 2124 ca-

2005 2161 2169 2216 daver
2193 2159 2342 2216 ierae.
2372 2159 2512 2215 T-um
2548 2159 2885 2230 Epiphanius
2911 2160 2991 2214 sic
3019 2173 3118 2214 eos
3146 2159 3419 2214 allocutus
3447 2169 3531 2215 est
3563 2177 3578 2214 z

2008 2247 2065 2304 Si
2118 2250 2279 2305 iidem
2335 2251 2637 2306 habueritis
2681 2251 2737 2304 iu
2774 2248 3114 2304 Salvatorem
3159 2249 3461 2316 Christum,
3505 2249 3586 2307 sic

2007 2341 2202 2396 cadent
2234 2355 2424 2396 omnes
2471 2339 2639 2413 vestri
2686 2339 3052 2413 insidiatores.
3096 2339 3234 2395 Cum
3267 2356 3369 2398 uos
3400 2351 3581 2398 autem

2007 2448 2197 2487 onmes
2224 2433 2563 2503 accepissent
2598 2432 2869 2497 homines,
2922 2431 3276 2487 restituerunt
3305 2445 3584 2490 monaste-

2008 2524 2113 2578 rio.
2147 2521 2362 2594 ipsique
2388 2523 2820 2579 benedictionem
2854 2523 3089 2581 assecuti
3142 2524 3213 2580 ab
3255 2524 3580 2596 Epiphanio,

2007 2613 2238 2684 ingressi
2267 2621 2394 2668 sunt
2419 2613 2560 2667 viam
2590 2627 2767 2668 snam.

327 2712 431 2748 πεν
453 2697 509 2750 δὲ
535 2701 854 2772 Ἐπιφάνιος
875 2707 1013 2777 πρὸς
1044 2709 1170 2772 τοὺς
1197 2709 1541 2780 ἀνθρώπους·
1571 2711 1701 2764 Ἐὰν
1722 2710 1900 2765 πίστιν
1939 2708 2100 2779 ἔχητε
2150 2707 2285 2779 πρὸς
2325 2706 2417 2760 τὸν
2467 2707 2698 2779 Σωτῆρα
2725 2748 2740 2773 ,
2788 2708 2839 2760 οἱ
2888 2707 3042 2778 ὑμῶν
3083 2708 3356 2764 ὲπίδουλοι
3409 2710 3580 2779 οὕτως

316 2788 608 2846 πεσοῦνται
646 2796 866 2860 πάντες.
900 2799 1176 2866 Λαόόντες
1218 2802 1276 2855 δὲ
1314 2804 1463 2874 ἡμᾶς
1517 2805 1714 2868 πάντες
1754 2805 1804 2858 οἱ
1843 2804 2063 2876 ἀνδρες,
2108 2801 2398 2856 ἀπέσωσαν
2447 2801 2606 2855 πάλιν
2657 2803 2716 2854 ὲν
2760 2802 2839 2871 τῷ
2876 2803 3243 2874 μοναστηρίῳ,
3281 2804 3374 2856 καὶ
3405 2803 3577 2869 αὐτοὶ,

314 2882 704 2956 αὐλογηθέντες
759 2889 907 2962 παρὰ
965 2893 1327 2962 Ἐπιφανίου,
1373 2896 1749 2968 ἐπορεύθησαν
1798 2896 1899 2967 τὴν
1938 2892 2143 2948 ἑαυτῶν
2172 2893 2308 2949 ὁδόν.

387 2976 519 3045 133².
558 2977 846 3052 Ἐδοξὰσθη
888 2982 946 3036 δὲ
986 2984 1016 3036 ό
1061 2984 1231 3049 τόπος
1274 2987 1303 3038 ὁ
1344 2986 1534 3058 πρώην
1566 2987 1900 3059 καλούμενος

312 3066 663 3139 Σπανύδριον,
686 3071 774 3125 διά
794 3072 1137 3142 Ἐπιφανίου.
1157 3071 1267 3130 Ἦν
1297 3078 1405 3150 γάρ
1440 3095 1573 3132 ποτε
1612 3077 1891 3149 ἀοίκητος,

309 3158 403 3210 καὶ
430 3157 651 3229 ᾰδατος,
681 3162 775 3216 καὶ
803 3163 1030 3236 ἄνυδρος
1052 3184 1065 3198 ·
1102 3167 1185 3222 διὸ
1219 3170 1313 3222 καὶ
1355 3170 1453 3238 τὴν
1476 3170 1796 3242 ἐπωνυμίαν
1827 3174 1892 3227 ἐκ

2081 2982 2247 3039 xxti.
2277 2983 2459 3039 Gloria
2490 2994 2672 3041 autem
2706 2985 2935 3056 insignis
2960 2983 3060 3041 l‘uit
3092 2985 3265 3069 iocus,
3298 2985 3391 3055 qui
3423 2985 3574 3055 prius

2001 3076 2297 3130 vocabatur
2336 3073 2741 3148 Spanhydrion,
2791 3087 3011 3146 propter
3030 3066 3413 3147 Epiphaniam.
3454 3074 3578 3132 Fuit

2000 3167 2144 3223 enim
2188 3167 2483 3238 aliquando
2530 3169 2686 3224 locus
2729 3169 2911 3224 invius
2939 3209 2955 3234 ‚
2990 3178 3046 3223 et
3091 3159 3483 3229 intrabiu'bitis,
3521 3179 3577 3221 ct

311 3245 407 3299 τοῦ
440 3250 514 3318 μὴ
540 3249 685 3321 ἔχειν
717 3250 882 3324 ὕδωρ,
918 3256 1253 3329 ἐπεκέκλητο
1277 3259 1613 3329 Σπανὺδριον
1635 3279 1649 3292 ·
1677 3263 1896 3331 ἐγένετο
1922 3276 1964 3332 c
1998 3271 2138 3326 aqua
2185 3272 2401 3312 carens.
2480 3255 2848 3325 Quamobrem
2895 3258 3312 3328 cognominatus
3359 3271 3578 3327 quoqne

313 3341 373 3393 δὲ
412 3345 733 3414 παράδεισος
764 3351 983 3405 πάντων
1015 3352 1237 3420 ἀγαθῶν
1280 3356 1543 3426 μετέχων,
1594 3357 1805 3410 ὑδάτων
1837 3357 1894 3410 δὲ

315 3433 626 3507 πλημμόρα
661 3439 755 3490 καὶ
782 3440 1061 3512 ἐδωδίμων
1085 3444 1377 3515 διαφόρων.
1412 3447 1569 3501 Μετὰ
1599 3444 1693 3502 οὖν
1724 3449 1894 3503 ἀπάν-

308 3540 418 3577 των
437 3525 664 3593 τούτων,
694 3521 771 3582 ὧν
790 3531 1096 3606 κατηξιώθη
1124 3533 1446 3604 Ἐπιφάνιος
1476 3537 1582 3591 ὑπὸ
1608 3538 1704 3591 τοῦ
1733 3537 1891 3603 Θεοῦ,

304 3615 368 3667 τὸ
389 3616 536 3701 μέγα
566 3618 726 3673 τοῦτο
758 3623 853 3676 καὶ
886 3623 1200 3696 θαυμαστὸν
1225 3627 1398 3699 δῶρον
1428 3629 1719 3700 ἐχαρίσατο
1743 3628 1893 3700 αὐτῷ

304 3708 332 3757 ό
364 3705 532 3773 Θεὸς,
582 3709 680 3763 τοῦ
734 3713 871 3784 μετὰ
904 3717 1085 3788 πάσης
1129 3718 1390 3788 ἀληθείας
1437 3721 1759 3791 ἑρμηνεύειν
1792 3721 1892 3785 τάς

306 3795 458 3860 θείας
489 3799 529 3850 Γ
529 3800 735 3870 papae
788 3804 1096 3874 Λαμΰάνων
1122 3807 1235 3876 γὰρ
1266 3809 1367 3868 τὰς
1392 3808 1644 3871 θεοειδεῖς
1680 3810 1893 3878 βίθλους

304 3887 399 3940 καὶ
432 3888 832 3957 ἀναγινώσκων
879 3895 994 3952 τοῖς
1039 3892 1311 3959 ἀδελφοῖς,
1348 3895 1447 3964 τὴν
1470 3896 1674 3950 τούτων
1716 3900 1893 3954 πᾶσαν

311 3976 543 4044 δύναμιν
569 3979 923 4029 ἐπεδείκνυεν
951 3979 1155 4043 αὐτοῖς.
1179 3983 1446 4048 Ἀκούσας
1473 3985 1529 4039 δὲ
1558 3971 1887 4058 Ἐπιφᾶνιος,

313 4067 341 4117 f:
374 4063 549 4129 μέγας
580 4065 648 4132 ρή
659 4080 787 4134 τωρ,
813 4067 842 4118 ό
875 4069 967 4122 καὶ
991 4069 1357 4145 φιλοσοφήσας
1380 4076 1479 4148 τῆς
1507 4077 1725 4152 Ἐδέσης
1755 4082 1886 4135 κάτ-

318 4167 463 4215 οικος
490 4153 616 4224 περὶ
653 4153 982 4226 Ἐπιφανίου,
1010 4161 1092 4215 ὅτι
1121 4162 1298 4232 λόγιός
1332 4167 1498 4232 ἐστιν,
1539 4169 1886 4244 ἐπεθύμησεν

317 4242 406 4294 ἐπὶ
441 4244 700 4319 συντυχίᾳ
732 4247 917 4303 τούτου
955 4250 1149 4307 ἐλθεῖν.
1195 4257 1304 4311 Καὶ
1334 4257 1398 4330 δὴ
1442 4263 1885 4334 παραγενόμενος

309 4333 364 4384 ἐν
392 4333 471 4404 τῷ
502 4339 870 4410 μοναστηρίῳ,
897 4342 958 4395 τὸ
987 4344 1190 4416 πλῆθος
1218 4347 1326 4402 τῶν
1355 4350 1596 4420 ἀδελφῶν
1614 4349 1682 4425 ἦν
1711 4353 1884 4418 ἑστὼς

307 4423 397 4477 καὶ
423 4426 524 4489 τὰς
552 4427 828 4500 ὑμνῳδίας
857 4433 1181 4507 ἀναπέμπον
1212 4438 1293 4510 τῷ
1322 4439 1455 4512 Θεῷ.
1486 4438 1596 4497 Ἦν
1624 4443 1683 4498 δὲ
1725 4445 1881 4499 Ἐπι-

227 4586 230 4588 Ὺ
305 4516 489 4583 φάνιος
514 4517 636 4590 καθ’
658 4520 850 4576 ἑαυτὸν
873 4525 972 4588 τὰς
1004 4525 1170 4597 εὐχὰς
1199 4530 1479 4585 ἐπιτελῶν.
1505 4533 1614 4586 Καὶ
1648 4533 1714 4605 δὴ
1741 4536 1900 4606 μετθιχ

1998 3348 2098 3402 l'uit
2122 3348 2527 3421 Spanhydrion,
2556 3365 2621 3405 eo
2651 3349 2797 3419 quod
2818 3364 3012 3419 aquam
3059 3364 3166 3405 non
3213 3349 3455 3404 haberet.
3483 3345 3577 3400 Et*-

1997 3439 2170 3495 i'ectus
2195 3449 2279 3495 est
2307 3450 2489 3495 autem
2524 3440 2840 3510 paradisus,
2869 3441 2925 3494 in
2956 3455 3067 3510 quo
3092 3448 3252 3496 erant
3283 3439 3425 3495 hona
3452 3454 3574 3494 om·

1996 3527 2105 3582 nia.
2155 3529 2213 3583 ln
2259 3544 2433 3600 eoque
2476 3530 2826 3587 abundabant
2876 3549 3054 3603 aquae,
3093 3542 3148 3589 et
3176 3534 3452 3588 esculenta
3491 3529 3575 3588 di-

1995 3621 2137 3676 versi
2163 3623 2403 3690 generis.
2438 3624 2578 3679 Cum
2607 3624 2676 3680 iis
2700 3639 2832 3696 ergo
2864 3626 3149 3691 omnibus,
3176 3622 3377 3696 quibus
3406 3642 3435 3679 a
3462 3624 3571 3681 Deo

1992 3710 2188 3782 dignus
2224 3705 2582 3770 luithahitus
2628 3714 2987 3785 Epiphanius,
3042 3716 3146 3771 hoc
3193 3732 3411 3787 quoque
3452 3730 3571 3770 ma·

1991 3818 2155 3871 gnum
2206 3811 2261 3857 et
2293 3804 2616 3859 admirabile
2656 3807 2856 3859 donum
2906 3806 2955 3859 ei
3003 3803 3146 3861 Deus
3192 3815 3275 3861 est
3320 3805 3567 3877 largitus,

1990 3893 2137 3959 quod
2185 3909 2309 3949 cum
2361 3895 2509 3949 omni
2564 3897 2795 3952 veritate
2843 3897 3060 3952 divinas
3119 3895 3570 3968 interpretaretur
3664 3886 3673 3893 ’

1993 3982 2303 4053 Scripturas
2343 3987 2371 4040 ἶ
2399 3985 2614 4041 divinos
2639 3986 2785 4041 enim
2817 3987 2986 4042 iihros
3025 4003 3267 4052 sumens,
3300 3993 3354 4041 et
3385 3985 3569 4055 legens

1949 4144 1960 4157 ⁶
1992 4074 2275 4141 iratribus,
2324 4091 2515 4132 eorum
2548 4078 2654 4132 vim
2687 4094 2907 4149 quoque
2933 4078 3262 4134 declarabat.
3294 4077 3431 4133 Cum
3471 4091 3569 4130 au-

1990 4176 2097 4222 tem
2149 4168 2488 4238 Epiphanius
2513 4186 2743 4240 magnus
2768 4182 2956 4226 orator
2982 4180 3037 4226 et
3064 4170 3442 4242 philosophus,
3473 4171 3566 4240 qni

1984 4259 2268 4315 habitabat
2297 4259 2507 4327 Etiesae,
2534 4262 2802 4317 audiisset
2829 4261 3191 4332 Epiphanium
3224 4278 3348 4319 esse
3378 4262 3565 4317 erudi-

1988 4360 2135 4419 tum,
2176 4353 2505 4408 desideravit
2549 4369 2675 4409 eum
2724 4354 3038 4410 convenire.
3089 4353 3227 4409 Cum
3272 4366 3453 4411 autem
3509 4357 3562 4412 in

1986 4445 2379 4499 monasterium
2413 4445 2732 4501 accessisset
2786 4444 3141 4516 Epiphanius,
3173 4449 3350 4503 stabat
3387 4450 3565 4505 multi-

1985 4530 2115 4599 tudo
2148 4529 2416 4598 fratrum,
2462 4541 2516 4587 et
2565 4531 2672 4589 Deo
2711 4530 2972 4590 'mittebat
3020 4536 3392 4606 hymnodiam.
3432 4536 3564 4595 Erat

302 4604 573 4660 τελείωσιν
612 4608 834 4682 ἀπάσης
876 4613 976 4685 τῆς
1022 4615 1314 4688 λατρείας,
1358 4619 1517 4693 ὤφθη
1560 4621 1878 4704 Ίῖἶπιφάνιος
1911 4627 1957 4684 Ι)
1984 4636 2112 4677 vero
2162 4621 2498 4692 Epiphanius
2540 4640 2760 4694 quoque
2805 4642 2991 4696 preces
3036 4643 3131 4695 pet·
3178 4643 3236 4682 se
3273 4645 3556 4700 peragens.

301 4697 414 4758 τοῖς
445 4697 689 4766 ἀδελφοῖς
709 4717 723 4732 ·
756 4698 826 4774 ἦν
856 4704 914 4758 δὲ
945 4707 975 4759 ὁ
1014 4708 1200 4780 ῥήτωρ
1228 4710 1401 4775 ἑστὼς
1420 4752 1436 4777 ,
1471 4714 1565 4768 καὶ
1594 4717 1877 4789 προσέχων

301 4786 379 4857 τῷ
414 4789 642 4861 πλήθει,
686 4797 779 4848 καὶ
821 4798 1030 4869 μηδένα
1074 4802 1481 4874 ἀσπασάμενος.
1520 4807 1608 4871 Ὠς
1638 4805 1731 4864 οὗν
1767 4811 1876 4865 ίδεν

298 4881 388 4931 τοι
426 4879 743 4951 Ἐπιφάνιον
788 4888 818 4939 ό
863 4889 1156 4961 φιλόσοφος
1181 4933 1196 4957 ,
1233 4895 1479 4964 ἐπέγνω,
1529 4902 1624 4955 καὶ
1651 4902 1875 4975 δραμὼν

298 4973 705 5046 προσεκύνησεν
743 4980 920 5035 αὐτόν.
969 4979 1137 5039 Εἶπεν
1179 4985 1237 5038 δὲ
1268 4985 1582 5057 Ἐπιφάνιος
1611 4993 1690 5065 τῷ
1722 4996 1873 5064 φιλο-

296 5061 462 5134 σόφῳ·
497 5064 582 5132 Τί,
613 5069 644 5120 ό
682 5068 856 5139 μέγας
902 5072 1235 5142 Ἑπιφάνιος,
1280 5080 1310 5132 ὁ
1343 5078 1515 5149 μέγας
1554 5085 1769 5157 ῥήτωρ,
1821 5088 1874 5141 τί

296 5154 596 5222 παρεγένου
639 5156 780 5230 πρὸς
824 5159 916 5214 τὸν
949 5165 1275 5235 μικρότατον
1301 5170 1397 5223 καὶ
1421 5172 1873 5244 ἀμαρτωλότατον

296 5240 464 5311 ἄνδρα
492 5242 899 5315 Ἐπιφανίδιον;
931 5249 1059 5305 Ἐπὶ
1110 5253 1267 5310 τοῦτό
1308 5275 1367 5312 σε
1401 5260 1685 5333 θαυμάζω,
1718 5266 1871 5335 φιλό-

295 5349 425 5401 σοφε
450 5374 466 5398 ,
508 5336 561 5388 τί
611 5338 746 5410 πρὸς
784 5341 876 5396 τὸν
911 5343 1130 5418 ἰδιώτην
1174 5353 1480 5422 παρεγένου
1510 5356 1603 5408 καὶ
1638 5358 1871 5427 μάλιστα

294 5425 384 5478 διὰ
414 5427 678 5502 τοσαύτης
703 5431 823 5486 ὀδοῦ
842 5452 856 5465 ·
884 5435 974 5489 διά
1004 5439 1164 5494 ποίαν
1197 5444 1399 5507 αἰτίαν,
1425 5447 1566 5510 εἰπὲ,
1602 5450 1787 5519 φησὶν,
1823 5447 1868 5508 ὦ

294 5518 585 5588 φι).όσοφε;
627 5523 685 5576 ⁰0
724 5523 781 5578 δὲ
817 5527 1105 5599 φιλόσοφος
1147 5529 1302 5588 εἶπεν
1345 5535 1481 5608 πρὸς
1515 5538 1830 5610 Ἐπιφάνιον
1851 5562 1865 5576 ·

292 5611 385 5681 Μὴ
418 5610 663 5682 θαύμαζε
697 5617 789 5670 ἐπὶ
813 5620 991 5684 τοῦτο,
1017 5622 1301 5691 διδάσκαλε
1327 5628 1690 5701 πεποθημένε.
1711 5633 1865 5689 Ἐλε-

292 5720 354 5773 γε
385 5706 495 5776 γὰρ
523 5707 794 5776 Διονύσιος
835 5715 864 5768 ό
910 5717 1404 5789 Ἁλικαρνασσεὺς,
1449 5721 1529 5774 ὅτι
1601 5722 1866 5792 πρόσωπα

360 5868 438 5931 ια)
477 5863 745 5936 interpres
774 5871 899 5938 legit
932 5873 1242 5938 πτώματος.
1281 5875 1436 5932 Ebur.
1467 5877 1702 5933 ruam„

1977 4711 2149 4770 Porro
2173 4723 2357 4770 autem
2392 4729 2518 4769 cum
2547 4729 2641 4769 eas
2670 4712 3045 4785 perfecissent,
3079 4717 3228 4772 visus
3262 4729 3344 4774 est
3379 4719 3558 4778 fratri-

1980 4806 2083 4862 hus
2112 4805 2471 4877 Epiphanius.
2509 4807 2701 4863 Stabat
2739 4807 2925 4877 itaque
2972 4809 3354 4880 philosophus,
3390 4822 3445 4869 et
3472 4825 3557 4872 at-

1978 4899 2230 4954 tendebat
2286 4901 2687 4956 multitudinem
2710 4942 2726 4968 ,
2804 4911 2857 4957 et
2910 4905 3181 4960 neminem
3259 4906 3551 4966 salutabat.

1975 4989 2269 5059 Postquam
2314 5000 2494 5045 antem
2527 4992 2661 5047 vidit
2707 4992 3069 5065 Epiphaniam
3098 5036 3113 5061 ,
3141 5013 3265 5053 cum
3293 5001 3508 5070 agnovit
3534 5020 3551 5070 ;

1949 5087 2028 5137 'et
2061 5097 2292 5138 currens
2334 5097 2460 5138 eum
2508 5084 2777 5144 adoravit.
2826 5087 2973 5144 Dixit
3005 5098 3185 5144 autem
3228 5090 3552 5168 philosopho

1974 5174 2310 5246 Epiphanius
2354 5193 2367 5230 ι
2420 5176 2560 5245 Quid
2600 5189 2688 5248 tu,
2738 5183 2829 5251 qni
2880 5196 2941 5237 es
2990 5197 3221 5254 magnus
3266 5196 3449 5245 orator
3495 5199 3551 5246 ct

1973 5266 2354 5336 philosophus,
2401 5277 2455 5324 et
2482 5269 2695 5326 habitas
2724 5269 2930 5333 Edesae,
2962 5274 3239 5331 accessisti
3271 5276 3336 5331 ad
3379 5278 3548 5335 nihii-

1972 5370 2123 5409 mum
2157 5364 2212 5410 et
2239 5369 2577 5424 peccatorem
2626 5357 3029 5428 Epiphanlum?
3059 5360 3321 5420 Praeterea
3357 5367 3547 5432 miror.

1971 5446 2117 5514 qnod
2154 5443 2510 5516 philosophus
2571 5447 2782 5505 veneris
2811 5449 2877 5505 ad
2926 5451 3198 5508 hominen·
3242 5453 3399 5523 plano
3456 5470 3546 5510 ro·

1970 5532 2132 5602 dem;
2163 5543 2218 5588 et
2249 5535 2488 5590 maxime
2520 5544 2628 5593 tam
2658 5552 2690 5595 e
2722 5540 3018 5614 longinquo
3046 5559 3057 5599 ι
3092 5551 3311 5614 propter
3349 5560 3540 5618 quain-

1969 5639 2095 5679 nam
2138 5637 2359 5682 causam
2393 5664 2408 5690 ,
2457 5640 2491 5683 ο
2532 5629 2888 5703 philosophe?
2913 5633 3279 5702 Philosophus
3311 5648 3491 5692 nntrm
3527 5650 3539 5689 ι
3611 5620 3620 5635 “

1970 5714 2045 5770 Ne
2080 5716 2183 5771 hoc
2216 5716 2451 5784 mireris,
2494 5722 2689 5795 inquit,
2739 5742 2771 5779 o
2807 5728 3062 5799 inagister
3091 5723 3409 5782 ‹lesbii-rate.
3456 5728 3544 5782 in·
