3850 6517
446 481 544 536 tas

1454 474 1513 529 S.
1555 471 1900 530 EPtPttANtt
1938 472 2120 528 ACTA
2156 469 2659 528 BoLLANotANA.
2697 426 2706 431 η

3584 467 3689 526 156

446 605 633 646 reseon
693 585 1180 658 percurrendarum
1266 587 1505 641 lahorem
1574 584 1939 654 susceperint.
1998 602 2016 634 ι
2051 590 2096 643 Α
2130 601 2149 634 ι
2189 583 2242 635 in
2277 597 2604 653 unaquaque
2632 589 2809 646 aetate,
2842 598 2861 633 ι
2897 588 2957 634 ut
2995 579 3137 634 idem
3186 576 3443 636 Petavius
3482 579 3539 634 in
3583 596 3689 651 epi·

512 679 600 734 32⁷».
638 676 883 731 Pru-dicti
919 686 1101 729 autem
1138 683 1250 729 tres
1296 674 1419 728 libri
1465 675 1545 727 sic
1582 672 1921 737 dividuntur,
1960 677 2020 725 ut

447 755 715 821 sccundus
739 774 791 819 et
826 763 1019 818 tertius
1069 762 1122 816 in
1171 771 1281 817 tres
1325 762 1527 832 singuli
1578 771 1755 815 tomos
1800 761 2016 831 dispar·

444 857 674 921 tiantur3
709 864 872 923 atque
902 853 976 907 ita
1028 867 1156 907 cum
1204 853 1404 922 primo,
1457 854 1549 921 qui
1600 853 1866 907 indivisus
1915 861 2018 914 est,

450 947 719 1002 exsistant
743 945 875 998 tomi
919 953 1146 1013 septem.
1194 945 1260 998 Et
1308 945 1415 999 alia
1466 945 1684 1015 quidem
1730 943 2023 1014 Epiphanii

445 1053 639 1107 opera,
673 1046 731 1089 ut
767 1033 1130 1104 {lieronymus
1160 1034 1213 1087 iu
1255 1033 1395 1088 libro
1430 1033 1504 1087 De
1537 1035 1882 1103 scriptoribus
1920 1034 2019 1097 ait,

454 1147 473 1180 t
505 1129 574 1182 ab
589 1129 740 1183 erudi
772 1127 819 1180 is
867 1134 1085 1196 propter
1137 1140 1248 1186 res,
1278 1140 1309 1178 a
1336 1126 1758 1194 simplicioribus
1806 1135 2023 1195 propter

448 1218 610 1271 verba
645 1216 977 1271 lectitantur.
1012 1233 1031 1265 ο
1068 1213 1294 1269 Photius
1329 1226 1510 1268 autem
1547 1216 1614 1269 de
1657 1213 1891 1268 Panario
1921 1228 2023 1268 no·

452 1310 720 1371 minatim,
750 1309 862 1364 sive
890 1309 974 1377 (ut
1011 1308 1128 1377 ipse
1154 1323 1280 1362 cum
1313 1308 1605 1363 Anastasio
1646 1307 1861 1363 Sinaita
1905 1308 2025 1378 plu-

449 1401 636 1454 raliter
680 1400 960 1470 appellat)
1006 1417 1024 1449 t
1081 1397 1367 1464 Pauariis,
1414 1417 1432 1449 ι
1484 1401 1560 1453 ait
1613 1401 1759 1469 quod
1806 1409 2022 1463 auctor,

452 1507 598 1561 ‹prae
625 1491 747 1545 aliis
790 1491 882 1559 qui
918 1499 1044 1543 ante
1077 1489 1253 1559 ipsum
1294 1489 1559 1544 adversus
1603 1491 1838 1547 haereses
1869 1478 2026 1548 lucu}

450 1581 727 1636 brationes
751 1579 1064 1646 ediderunt,
1096 1580 1319 1634 uberior
1353 1589 1517 1650 atque
1543 1578 1730 1636 utilior
1752 1593 1870 1648 est;
1897 1596 2022 1636 nam

452 1687 632 1727 necea
655 1671 1006 1739 praetermisit
1026 1685 1367 1741 quaecuuque
1393 1671 1463 1724 ab
1492 1671 1615 1726 aliis
1657 1674 1869 1741 prodita
1926 1673 2028 1727 uti·
2072 1728 2081 1740 ,

452 1761 620 1814 litatis
649 1760 851 1829 aliquid
880 1759 1184 1827 continent,
1232 1767 1285 1814 et
1331 1759 1445 1828 ipse
1483 1776 1606 1831 quae
1650 1763 1826 1832 potuit
1878 1779 1907 1817 a
1968 1778 2027 1818 se

450 1851 753 1919 excogitata
787 1849 910 1903 aliis
941 1848 1168 1910 addidit,
1222 1848 1434 1903 initium
1486 1850 1695 1905 ducens
1748 1867 1778 1905 a
1817 1851 2025 1907 Barba-

2123 674 2262 728 stola
2303 673 2637 728 dedicatoria
2694 682 2861 737 notat,
2913 693 2933 725 ι
2985 673 3239 729 redivivae
3282 674 3693 730 mendaciorum

2119 773 2300 827 sectoe,
2341 765 2607 836 evulgatis
2644 775 2884 819 veterum
2940 765 3217 819 luereseon
3267 764 3543 819 abstrusis
3617 780 3698 819 re·

2120 855 2463 925 conditisque
2501 855 2797 926 mysteriis,
2831 854 3170 910 validissime
3201 855 3509 926 propulsari
3539 871 3697 910 ever·

2120 945 2271 1016 tique
2293 946 2538 1017 possint;
2563 955 2617 1002 et
2654 957 2906 1002 auctores
2932 944 3171 1016 perlidiae
3213 954 3378 1016 atque
3405 947 3688 1011 satellites,

2121 1050 2255 1091 suos
2276 1036 2331 1091 in
2365 1035 2494 1102 iuis,
2516 1051 2655 1106 quos
2676 1036 2897 1106 quidem
2919 1038 3263 1100 erubescant,
3294 1037 3573 1108 principes
3594 1053 3694 1093 au·

2122 1137 2411 1197 ctoresque
2458 1138 2873 1200 recognoscant.
2913 1127 3009 1183 Est
3050 1127 3269 1198 quidem
3313 1129 3458 1197 ejus,
3508 1130 3602 1198 qui
3644 1131 3698 1185 in

2124 1220 2375 1275 haeresim
2409 1221 2491 1276 vel
2537 1219 2863 1275 moliendam
2913 1220 2997 1274 vel
3054 1219 3312 1274 tuendam
3365 1221 3695 1283 incubuerit,

2124 1307 2342 1362 animus
2377 1307 2430 1361 in
2462 1322 2681 1363 omnem
2713 1309 2997 1363 audaciam
3034 1311 3153 1364 sine
3182 1309 3295 1364 ullo
3325 1310 3535 1381 pudore
3575 1326 3699 1380 pro-

2121 1395 2303 1466 jectus
2337 1398 2470 1452 :sed
2506 1414 2666 1453 nemo
2695 1407 2779 1454 est
2824 1410 3004 1455 tamen
3055 1416 3123 1455 ex
3177 1400 3286 1455 illis
3332 1401 3695 1456 absurdarum

2125 1482 2441 1552 opinionum
2487 1486 2749 1554 patronis,
2786 1503 2948 1557 quem
3001 1504 3110 1543 non
3146 1499 3422 1558 utcunque
3464 1491 3699 1544 convicti

2126 1573 2256 1627 olim
2280 1576 2488 1631 erroris
2516 1584 2679 1646 atque
2723 1579 2967 1632 caninati
3021 1578 3241 1648 pudeat.
3285 1578 3408 1634 Sint
3450 1594 3607 1644 sane,
3644 1588 3705 1635 ut

2126 1674 2273 1728 sunt,
2302 1663 2466 1721 l'errei
2489 1682 2681 1723 omnes
2709 1668 2969 1734 haeretici,
2997 1669 3108 1724 sint
3140 1670 3484 1739 pervicaces:
3511 1671 3706 1726 iidem-

2127 1771 2239 1825 que
2262 1773 2322 1813 se
2348 1758 2403 1812 in
2443 1758 2560 1828 ipso
2606 1758 2803 1814 ardore
2839 1760 3243 1830 agitationeque
3270 1760 3585 1830 disputandi
3633 1762 3706 1815 acl

2130 1847 2491 1902 resistendum
2527 1850 2711 1904 acrius
2741 1848 2968 1919 lingant,
3004 1860 3187 1906 tamen
3213 1852 3306 1921 qui
3339 1851 3392 1905 id
3423 1852 3703 1924 didicerit,

453 1942 624 1997 rismo
651 1948 706 1995 et
735 1941 803 1995 ad
853 1937 1211 1994 messalianos
1248 1954 1423 2008 usque
1465 1942 1806 2009 perveniens.
1840 1942 2025 1999 Genus
2052 1924 2097 1977 Β
2130 1939 2335 2008 quique
2363 1939 2527 1996 certis
2558 1952 2801 2022 veterum
2837 1944 3167 1998 testimoniis
3194 1946 3549 2014 compererit,
3578 1957 3705 2002 aute

452 2047 616 2102 porro
646 2049 666 2083 r
699 2030 936 2093 dicendi,
984 2048 1004 2081 ι
1036 2031 1212 2098 inquit
1238 2028 1487 2097 Photius,
1520 2051 1540 2083 ι
1578 2033 1805 2099 humile,
1845 2043 1900 2088 et
1930 2049 2028 2087 eu-

448 2122 689 2193 jusmodi
716 2136 839 2175 esse
862 2128 1038 2190 potest
1057 2119 1150 2185 qui
1183 2120 1376 2174 Atticae
1399 2120 1664 2175 doctrinae
1688 2123 1838 2177 rudis
1862 2124 2031 2178 exsti-

456 2213 599 2268 terit.
635 2213 738 2267 Sed
779 2218 831 2265 et
862 2213 916 2265 in
965 2210 1314 2266 confutandis
1359 2210 1657 2267 haeresibus
1705 2214 2027 2282 plerumque

455 2319 647 2373 parum
687 2285 949 2357 nervosus
973 2310 1076 2364 est,
1104 2317 1419 2371 quanquam
1450 2302 1719 2356 interdum
1760 2313 2024 2372 praestau-

455 2397 688 2452 tissimis
728 2395 848 2448 illas
883 2394 1188 2448 rationibus
1232 2409 1296 2448 ae
1339 2395 1625 2449 sententiis
1673 2397 2024 2465 aggi-editum

455 2488 561 2542 etsi
605 2485 774 2538 nihilo
813 2485 979 2538 dictio
1027 2483 1096 2537 sit
1145 2491 1309 2552 atque
1327 2483 1594 2538 orationis
1633 2492 1907 2538 structura
1934 2493 2030 2538 aut

458 2576 632 2647 stylus
670 2574 788 2644 ipse
819 2573 1182 2628 commodior.
1237 2593 1255 2625 ι
1298 2571 1503 2642 Nempe
1556 2555 1846 2644 perparum
1898 2583 2034 2630 tem-

457 2668 609 2738 poris
649 2666 928 2734 studiique
957 2665 1010 2718 in
1058 2662 1356 2720 excolenda
1404 2663 1577 2720 Gra-‚ct
1616 2666 1885 2720 sermonis
1920 2665 2037 2720 elo-

456 2757 701 2828 quentia,
731 2758 820 2813 cui
847 2757 1045 2811 bonam
1087 2757 1213 2810 vitae
1244 2767 1455 2826 partem
1494 2756 1756 2811 cultiores
1795 2755 1888 2810 alii
1931 2756 2038 2811 Pa-

456 2859 569 2904 tres
594 2847 850 2913 Basilius,
878 2847 1279 2911 NazianzenuS,
1300 2845 1730 2918 chrysostomus
1758 2846 2038 2918 impende-

461 2949 631 3003 runt,
699 2940 1042 2995 Alexandriae
1090 2940 1274 3009 posuit
1325 2937 1701 3008 Epiphanius,
1757 2948 1814 2994 ut
1871 2955 2036 3010 supra

462 3031 729 3095 vidimus3
768 3047 1003 3100 moxque
1037 3031 1104 3084 ad
1146 3030 1390 3099 spiritus,
1431 3044 1538 3084 uon
1565 3029 1838 3085 sermonis
1875 3044 2036 3085 exer-

459 3121 746 3176 citationes
790 3131 1165 3191 transgressus
1207 3121 1262 3173 in
1308 3135 1574 3188 eremum,
1620 3122 1818 3176 multas
1856 3120 2038 3191 potius

460 3208 671 3279 linguas
696 3209 856 3270 scire,
886 3223 1050 3279 quam
1078 3223 1241 3262 unam
1274 3208 1531 3278 perlicere
1556 3209 1822 3278 eligebat;
1848 3210 2033 3264 lauda·
2058 3245 2107 3308 c

461 3308 550 3357 tus
587 3301 707 3354 ideo
732 3301 802 3354 ab
834 3296 1162 3370 Hieronymo
1190 3299 1244 3352 iu
1276 3297 1540 3368 Apoloqia
1590 3298 1626 3350 2
1655 3307 1837 3352 contra
1867 3299 2032 3372 Ruffi-

458 3406 607 3454 nunt,
639 3408 657 3440 t
697 3390 841 3460 quod
867 3388 1133 3454 Graecam,
1166 3389 1356 3460 Syram
1391 3398 1444 3443 et
1474 3386 1772 3455 Hebraeatn,
1798 3389 2037 3461 ctAEgy-

460 3485 691 3551 ptiacam
714 3481 976 3551 linguam,
1002 3496 1076 3553 ,ex
1119 3490 1269 3550 parte
1291 3480 1456 3534 etiam
1491 3492 1547 3535 et
1588 3481 1832 3535 Latinam
1873 3497 2038 3535 nove-

463 3573 587 3625 rit:
637 3590 656 3625 ι
723 3571 866 3624 unde
935 3570 1003 3623 de
1055 3586 1120 3624 eo
1184 3570 1514 3639 querebatur
1564 3569 1836 3635 Ruffiuus,
1889 3573 2035 3641 quod

465 3679 486 3713 t
527 3663 671 3716 velut
714 3661 1088 3716 necessitatem
1130 3660 1539 3730 evangelizandi
1577 3677 1675 3730 per
1708 3677 1898 3718 onmes
1934 3665 2037 3718 liu-

459 3767 593 3822 guas
620 3752 818 3806 babere
851 3767 910 3806 se
934 3760 1167 3820 putaret,
1196 3753 1262 3806 de
1283 3749 1516 3821 Origene
1538 3753 1679 3808 male
1703 3753 1981 3824 loquendi.
2010 3772 2030 3806 s

529 3842 617 3894 δι.
658 3839 760 3895 Per
787 3843 927 3895 hane
965 3846 1147 3896 autem
1180 3842 1449 3895 sermonis
1483 3843 1731 3898 cultioris
1766 3844 2033 3898 incuriam

460 3945 555 3986 seu
589 3931 914 4000 imperitiam
965 3929 1165 3984 sactum
1212 3940 1318 3996 est,
1363 3940 1423 3986 ut
1467 3933 1518 3986 iu
1564 3948 1630 3988 eo
1674 3933 1866 3990 Latine
1911 3936 2035 3989 red·

458 4022 671 4088 dendo,
725 4022 988 4093 majorem
1048 4023 1309 4092 opinione
1355 4037 1455 4077 sua
1512 4023 1750 4078 laborem
1806 4026 2037 4080 senserit

457 4111 758 4169 Petavius:
800 4132 822 4164 ι
871 4113 1177 4169 Accedebat
1219 4131 1237 4164 ι
1288 4113 1457 4176 enim,
1513 4114 1690 4183 inquit
1733 4114 1788 4168 in
1835 4114 2034 4186 prael'a-

461 4205 609 4258 tione
647 4204 713 4258 ad
761 4205 1040 4268 lectorem,
1085 4221 1103 4254 t
1143 4204 1208 4258 ad
1256 4219 1598 4258 communem
1649 4203 2035 4273 interpretandi

462 4295 764 4350 molestiam
826 4297 1094 4364 praecipua
1127 4295 1373 4364 quaedam
1398 4293 1451 4347 in
1487 4294 1580 4348 illo
1610 4295 1874 4362 scriptore
1898 4293 2037 4350 dilli-

460 4386 657 4452 cultas,
685 4385 829 4456 quod
866 4386 1140 4456 incompta
1166 4393 1220 4440 et
1243 4385 1517 4441 salebrosa
1548 4393 1634 4440 est
1659 4386 1805 4441 illius
1834 4386 2032 4449 oratio,

460 4483 515 4532 et
553 4477 607 4531 in
632 4493 737 4541 qua
762 4477 1206 4546 irequeutissime
1234 4487 1532 4531 occurrunt
1577 4476 1667 4531 illa
1709 4492 1830 4546 quae
1860 4474 2034 4532 Graeci

2131 2029 2199 2082 ab
2226 2029 2467 2099 antiquis
2495 2029 2749 2085 Patribus
2785 2042 2841 2087 et
2874 2034 3121 2090 conciliis
3168 2035 3498 2107 publicoque
3542 2037 3706 2092 Chri-

2133 2117 2436 2173 stianornm
2483 2135 2752 2174 consensu
2802 2124 2984 2193 agnita
3025 2139 3091 2178 ac
3128 2127 3407 2195 repudiata
3446 2127 3704 2200 dogmata

2139 2206 2252 2270 illa,
2291 2224 2455 2277 quam
2496 2209 2569 2262 illi
2617 2210 2718 2280 ipsi
2758 2217 2931 2282 (quos
2973 2215 3242 2288 sequitur)
3288 2218 3707 2289 interpolatores

2138 2297 2500 2365 exsisterent;
2555 2299 2641 2352 rix
2685 2300 2811 2363 erit,
2867 2303 3087 2372 opinor,
3140 2307 3316 2371 ullus,
3362 2309 3551 2377 cujus,
3602 2309 3706 2366 nisi

2139 2385 2314 2458 frangi
2366 2390 2720 2462 edomat-ique
2762 2396 3106 2451 contumacia
3145 2399 3406 2467 potuerit,
3445 2416 3553 2455 non
3592 2401 3706 2456 lan·

2138 2479 2414 2546 guidiores
2443 2481 2641 2546 haheat
2681 2484 2996 2556 eruptiones
3039 2499 3095 2543 et
3133 2491 3388 2561 impetus,
3425 2508 3490 2547 ae
3517 2494 3699 2563 paula·

2139 2567 2233 2623 tim
2271 2585 2366 2640 per
2398 2587 2636 2643 seipsam
2671 2574 2988 2647 refrigerata
3023 2588 3188 2649 atque
3229 2590 3481 2634 enervata
3522 2580 3711 2636 conci-

2136 2661 2250 2714 dat.
2291 2679 2312 2713 a
2356 2660 2598 2720 loannes
2641 2664 2906 2737 Baptista,
2956 2679 3062 2726 etc.
3121 2670 3257 2727 Vide
3305 2671 3534 2741 apoc-nd.
3581 2689 3713 2744 pag.

2136 2748 2260 2819 684,
2284 2753 2391 2808 col.
2433 2753 2487 2809 2.

2752 2848 2980 2902 CAPUT
3021 2849 3083 2902 V.

2138 2949 2391 3004 Extrema
2414 2955 2587 3017 sancti
2616 2964 2737 3008 octa
2771 2956 3259 3076 Congtatttinopolk
3291 2971 3425 3009 mors
3454 2957 3508 3009 in
3532 2959 3709 3014 reditu

2836 3041 2865 3077 ο
2905 3034 3001 3080 tta.

2204 3110 2297 3167 35.
2340 3109 2482 3177 Qum
2515 3113 2584 3168 «te
2608 3112 2858 3185 Origenis
2888 3114 3042 3170 nuris
3075 3118 3214 3185 ssepi
3254 3101 3715 3186 &mov-’sentiret

2141 3185 2474 3271 Epiphanius
2498 3245 2514 3269 ‚
2577 3205 2711 3260 satis
2773 3205 3072 3261 declaravit
3131 3224 3227 3278 per
3299 3208 3595 3278 Epistolam
3639 3210 3715 3266 od

2137 3292 2397 3348 loannem
2445 3295 3010 3366 Hierosolymitanum,
3058 3302 3220 3369 cujus
3267 3317 3429 3372 supra
3476 3301 3714 3361 lecimus

2139 3384 2487 3439 mentionem.
2523 3383 2658 3439 Dum
2688 3395 2868 3441 autem
2902 3390 3003 3441 hac
3028 3405 3091 3441 ex
3120 3406 3286 3443 causa
3314 3390 3713 3461 disputationes

2138 3471 2193 3525 in
2225 3469 2513 3529 Pataesuna
2543 3474 2846 3543 ferverent,
2886 3480 3119 3549 contigit
3160 3482 3323 3535 etiam
3370 3481 3714 3540 Alexandria

2141 3562 2449 3618 simultates
2482 3565 2634 3620 nasci
2676 3565 2818 3621 iuter
2870 3567 3234 3638 Theophilum
3276 3572 3620 3628 Alexandrian
3657 3582 3712 3631 et

2140 3653 2460 3710 Dtoscorunt
2489 3656 2882 3727 liet-tuopoleos
2922 3661 3265 3731 episcopum,
3316 3673 3483 3733 atque
3543 3666 3711 3737 hujus

2139 3744 2335 3801 fratres
2368 3747 2716 3803 Atnmouium
2754 3760 2809 3805 et
2847 3748 3142 3806 Eusebium
3177 3767 3547 3826 cognomento
3570 3758 3711 3814 Lon-

2137 3853 2257 3907 gos,
2286 3839 2508 3893 totidem
2551 3842 3009 3897 monasteriorum
3052 3847 3356 3914 praelectus.
3410 3864 3548 3919 quos
3584 3865 3707 3905 cunt

2116 3930 2374 3996 ,primum
2409 3930 2606 3985 charos
2637 3931 2924 3988 habuisset
2958 3932 3312 4005 TheophiluS,
3348 3939 3492 3994 haud
3517 3940 3709 3995 imme·

2137 4024 2242 4078 rito
2270 4024 2466 4079 deinde
2495 4041 2524 4080 a
2559 4042 2619 4081 se
2645 4042 2872 4084 aversos
2912 4038 3076 4100 atque
3110 4033 3175 4085 ad
3225 4033 3576 4091 solitudinem
3626 4051 3710 4091 re-

2136 4128 2380 4180 gressos,
2419 4118 2670 4185 persequi
2714 4119 2894 4175 modis
2935 4123 3191 4177 omnihus
3236 4129 3456 4192 statuit3
3506 4135 3562 4181 et
3601 4143 3703 4197 quo

2137 4204 2499 4269 simpliciores
2527 4207 2825 4262 titonachos
2868 4209 2937 4262 ab
2975 4211 3165 4266 iisdem
3196 4215 3561 4283 abstraheret,
3593 4219 3701 4274 eul-

2138 4308 2265 4361 pare
2288 4294 2341 4348 in
2376 4294 2456 4348 eis
2487 4299 2853 4367 praesumpsit,
2885 4302 3030 4371 quod
3065 4301 3234 4357 Deum
3267 4305 3505 4363 humana
3538 4311 3705 4365 forma

2137 4385 2421 4454 praeditum
2458 4399 2737 4457 negarent,
2775 4391 3024 4460 origenis
3054 4397 3353 4462 praesertim
3386 4403 3709 4456 auctoritate

2137 4473 2359 4529 suffulti.
2387 4475 2522 4530 Cum
2570 4487 2752 4532 autem
2805 4495 2901 4536 eos
2945 4478 3481 4556 Constantinopolim
3534 4493 3602 4547 ad
3650 4492 3706 4547 S.

460 4567 764 4622 ἀναπόδοτα
811 4575 864 4621 et
903 4565 1240 4620 ἀνακόλουθα
1287 4567 1569 4620 nominant
1609 4585 1623 4621 ε
1670 4566 1919 4636 pedestre
1970 4580 2036 4621 ac
2067 4563 2401 4636 nJoannetn
2453 4567 2907 4637 Chrysostomum
2964 4575 3277 4646 cottsugisse
3332 4579 3705 4651 intellexisset,

461 4659 716 4728 populare
739 4658 948 4712 dicendi
979 4673 1149 4728 genus
1187 4676 1200 4712 ε
1235 4657 1378 4728 quod
1409 4658 1523 4712 sire
1567 4658 1714 4728 plani
1754 4656 2029 4714 sermonis

458 4750 804 4818 simplicitate
840 4751 1099 4820 consequi
1131 4749 1388 4813 volneris,
1425 4749 1740 4817 subagreste
1767 4750 2026 4818 quiddam

457 4842 679 4896 exsistet
705 4856 769 4895 ac
813 4840 1082 4909 putidum,
1109 4839 1413 4909 cujusmodi
1441 4838 1556 4893 l'ere
1600 4848 1730 4894 sunt
1768 4837 1961 4893 Latina
2003 4857 2023 4890 ι

458 4931 658 5000 prioris
710 4931 1021 4999 interpretis
1072 4951 1092 4982 t
1145 4930 1420 4994 Cornarii,
1471 4929 1630 4999 cujus
1683 4945 1784 4986 nos
1840 4917 2028 5000 utique

458 5020 663 5076 similes
691 5035 814 5076 esse
858 5019 1125 5086 nolimus;
1173 5021 1256 5078 sin
1313 5033 1565 5076 ornatum
1612 5028 1777 5091 atque
1816 5021 2024 5078 cultum

457 5110 735 5176 adhibeas,
768 5113 819 5167 id
863 5113 982 5168 sine
1029 5127 1225 5181 magna
1277 5112 1670 5185 sententiarum
1715 5125 2026 5168 eommuta-

461 5202 605 5256 tione
623 5203 865 5258 obtinere
892 5203 980 5257 vix
1017 5203 1219 5272 possis.
1259 5220 1279 5254 s
1313 5202 1561 5272 Magnam
1599 5204 1762 5273 igitur
1804 5202 2027 5259 Petavio

455 5293 713 5348 debemus
739 5296 989 5365 gratiam,
1043 5295 1186 5366 quod
1233 5293 1353 5363 ejus
1387 5294 1653 5349 benelicio
1701 5295 1783 5350 sic
1825 5294 2026 5352 Latine

458 5383 762 5454 loquentem
793 5387 1080 5441 audiamus
1114 5383 1500 5455 Epiphanium,
1533 5396 1591 5439 ut
1629 5385 1752 5458 styli
1790 5387 2022 5442 nitorem

457 5477 513 5530 iu
541 5490 607 5530 eo
634 5491 739 5529 non
770 5477 1176 5542 desideremus;
1215 5478 1385 5532 multo
1418 5484 1599 5532 tamen
1636 5478 1899 5545 maiorem
1920 5479 2021 5548 ipsi

456 5574 664 5631 sancto,
696 5567 839 5636 quod
870 5582 983 5621 suae
1012 5567 1114 5626 sibi
1147 5567 1200 5620 in
1231 5582 1297 5621 eo
1339 5582 1536 5637 genere
1566 5567 1846 5622 tenuitatis
1890 5583 2025 5623 con-

455 5673 626 5720 setus,
653 5658 1039 5727 contempserit
1086 5659 1292 5728 iudicia
1342 5658 1750 5715 fastidiosorum
1791 5661 2025 5730 philolo-

456 5762 667 5815 gnrum,
700 5748 862 5804 modo
895 5741 1177 5818 prodesset
1212 5748 1466 5819 publico;
1503 5765 1679 5821 eaque
1708 5752 2019 5821 protulerit,

454 5852 686 5898 cuorum
716 5853 930 5904 semper·
955 5839 1187 5894 maxima
1214 5849 1269 5894 ct
1296 5837 1394 5894 luit
1417 5849 1470 5894 et
1494 5839 1608 5911 ‚erit
1637 5841 1867 5910 utilitas,
1893 5857 2020 5898 cum

2136 4667 2301 4727 atque
2324 4658 2393 4711 ab
2423 4659 2525 4713 hoc
2553 4671 2871 4730 susceptos;
2896 4666 3138 4733 cogitare
3167 4669 3356 4740 coepit,
3383 4658 3564 4743 inquit
3616 4675 3710 4730 So·

2136 4763 2398 4803 zomenus
2443 4749 2538 4805 lib.
2576 4764 2692 4815 vtu,
2731 4768 2854 4823 cap.
2890 4755 2961 4810 23
3007 4767 3061 4811 et
3098 4758 3376 4829 deinceps,
3409 4781 3430 4815 r
3467 4780 3576 4834 qua
3615 4781 3706 4820 ra·

2138 4839 2284 4894 tione
2309 4838 2577 4896 loannem
2611 4857 2833 4915 qnoque
2861 4846 3039 4915 ipsum
3069 4849 3138 4903 ab
3162 4853 3477 4923 episcopatu
3511 4856 3709 4925 dejice·

2112 4939 2235 4986 net.
2283 4930 2481 4987 Verum
2529 4935 2643 4990 haee
2694 4937 2747 4991 in
2802 4922 2996 4995 intimo
3047 4945 3288 5011 pectoris
3348 4947 3433 5000 sui
3488 4964 3705 5004 recessu

2133 5023 2420 5078 occultans
2445 5039 2511 5078 ac
2556 5026 2805 5091 nudiens.
2864 5032 3082 5102 scripsit
3136 5035 3354 5090 interim
3407 5037 3474 5091 ad
3516 5052 3709 5095 omnes

2135 5113 2337 5182 ubique
2380 5116 2623 5170 locorum
2673 5119 2960 5190 episeopus
3005 5124 3237 5189 litteras,
3291 5125 3492 5194 quibus
3540 5128 3708 5186 libros

2132 5204 2384 5278 origenis
2408 5209 2859 5278 reprehendebat.
2890 5213 3137 5284 Cumque
3179 5216 3560 5273 ‹tottsideraret
3590 5237 3706 5275 ma-

2131 5314 2238 5368 gno
2283 5299 2386 5354 sibi
2431 5301 2801 5357 emolumento
2853 5303 2991 5363 lore.
3038 5307 3083 5358 si
3117 5305 3509 5376 Epiphanium,
3550 5311 3706 5368 Sala·

2132 5389 2296 5444 tninis
2336 5390 2388 5442 in
2415 5390 2595 5461 Cypro
2626 5395 2963 5464 episcopum,
3010 5399 3332 5467 participem
3376 5407 3432 5453 et
3473 5416 3705 5458 consor·

2132 5489 2237 5534 tem
2269 5483 2620 5538 consiliorum
2644 5499 2866 5539 suorum
2901 5486 3143 5551 haberet,
3174 5491 3348 5542 virum
3382 5491 3453 5545 ob
3484 5492 3705 5550 virtutis

2130 5575 2486 5628 reverentiam
2547 5575 2789 5630 omnium
2845 5576 2928 5631 sui
2983 5581 3248 5649 temporis
3295 5581 3704 5654 clarissimum;

2128 5680 2253 5721 eum
2284 5665 2387 5720 sibi
2423 5666 2659 5721 amicum
2689 5667 3006 5737 adjunxit...
3727 5669 3737 5683 ”

2198 5756 2288 5811 56.
2331 5775 2350 5808 t
2385 5755 2555 5811 Porro
2576 5756 2941 5828 Epiphanius,
2971 5762 3066 5832 qui
3090 5761 3342 5832 Origenis
3371 5765 3541 5823 libros
3591 5769 3702 5826 'tam

2129 5847 2337 5915 pridem
2376 5847 2747 5915 aversabatur,
2776 5847 3065 5921 Theophili
3101 5851 3297 5908 litteris
3328 5855 3488 5912 facile
3513 5872 3705 5916 assen-
