3850 6517
290 513 394 571 ⁴5³

924 509 1291 570 ADVERSUS
1328 514 1666 570 nAEttEsEs
1703 514 1828 569 [ΑΒ.
1864 514 1905 568 1.
1947 510 2111 567 Toni.
2155 513 2305 567 ll.-·
2343 514 2612 570 nAEREs.
2652 512 2821 570 XXX.

3419 511 3523 565 ⁴54

289 645 512 699 γοντες·
550 627 612 694 ἐξ
652 626 922 697 Ἐλλήνων
946 628 1001 682 δέ
1026 630 1185 682 αὐτὸν
1212 631 1572 692 ὑποτίθενται,
1605 632 1859 694 λαόόντες
1889 637 1933 692 Α
1969 630 2175 685 minam
2203 648 2218 696 ;
2264 630 2317 683 id
2364 630 2509 700 quod
2541 630 2660 700 ipsc
2690 644 2802 684 non
2832 636 3012 701 negat,
3048 628 3158 683 imo
3187 623 3369 698 palam
3397 639 3526 695 pro·

288 720 387 792 τὴν
437 718 711 790 πρόφασιν
742 719 807 771 ἐκ
841 716 933 771 τοῦ
977 719 1141 771 τόπου
1184 720 1274 773 διὰ
1320 721 1383 774 τὸ
1424 721 1717 793 φιλάληθες
1767 721 1858 774 ὑπ’

290 809 456 865 αὐτοῦ
501 808 701 881 ῥηθὲν,
740 808 821 861 δτι
864 809 1123 875 Ταρσεύς
1155 812 1270 879 ειμι
1293 851 1308 874 ,
1343 814 1453 865 οὐκ
1484 811 1724 881 ἀσήμου
1753 813 1859 866 πό-

290 905 446 964 λεως
467 897 739 964 πολίτης.
772 893 905 951 Εἶτα
933 897 1229 967 φάσκουσιν
1259 900 1417 953 αὐτὸν
1440 896 1576 954 εἶναι
1603 900 1860 972 Ἕλληνα,

295 988 393 1043 καὶ
433 985 733 1056 Ἑλληνίδος
768 986 974 1059 μητρὸς
1012 988 1109 1042 καὶ
1144 987 1404 1060 Ἕλληνος
1435 990 1639 1063 πατρὸς
1674 990 1858 1045 παῖδα.

309 1078 725 1150 ’Δναδεδηκέναι
753 1077 809 1133 δὲ
844 1080 928 1142 είς
969 1078 1313 1151 Ἱεροσόλυμα
1333 1120 1349 1144 ,
1393 1082 1488 1137 καὶ
1523 1083 1713 1155 χρόνον
1748 1083 1866 1137 ἐκεῖ

302 1168 664 1239 μεμενηκέναι
695 1184 713 1200 ·
772 1166 1237 1239 ἐπιτεθυμηκέναι
1309 1171 1370 1224 δὲ
1428 1172 1698 1249 θυγατέρα
1769 1170 1863 1227 τοῦ

303 1256 496 1327 ἱερέως
527 1255 663 1329 πρὸς
708 1256 888 1326 γάμον
933 1255 1235 1324 ἀγαγέσθαι
1262 1299 1277 1323 ,
1326 1260 1422 1311 καὶ
1463 1258 1652 1311 τούτου
1702 1258 1866 1312 ἕνεκα

299 1351 635 1423 προσήλυτον
669 1350 924 1421 γενέσθαι
942 1391 958 1415 ,
994 1351 1090 1404 καὶ
1135 1354 1557 1424 περιτμηθῆναι.
1614 1348 1748 1407 Εἶτα
1790 1351 1867 1423 μὴ

298 1442 529 1498 λαὸόντα
581 1443 682 1515 τὴν
714 1442 882 1515 κόρην
916 1442 1215 1513 ὠργίσθαι,
1265 1442 1356 1496 καὶ
1413 1444 1554 1497 κατὰ
1603 1443 1866 1514 ἐπιτομῆς

299 1533 635 1605 γεγραφέναι
652 1572 669 1598 ,
698 1535 792 1588 καὶ
824 1533 966 1588 κατὰ
991 1532 1269 1587 Σαόδάτου
1301 1533 1397 1587 καὶ
1425 1533 1760 1605 νομοθεσίας.

372 1713 471 1768 ῙΖ’.
506 1714 664 1768 Ἀλλὰ
696 1714 838 1769 κατὰ
866 1714 1042 1769 πάντα
1063 1714 1265 1786 τρόπον
1296 1717 1620 1785 συκοφαντεῖ
1647 1718 1676 1769 ό
1703 1714 1871 1778 δεινὸς

299 1805 424 1872 όφις
447 1800 629 1869 οὗτος,
662 1806 757 1859 καὶ
785 1806 998 1875 πτωχὸς
1022 1808 1089 1877 τῇ
1128 1805 1357 1877 διανοίᾳ.
1401 1806 1594 1859 Ἑῆίων
1623 1806 1732 1877 γὰρ
1760 1805 1871 1875 ἔχει

1963 717 2164 774 litetur.
2198 717 2417 773 Addunt
2453 727 2505 774 et
2550 734 2580 773 a
2609 719 2907 790 gentilibus
2933 717 3225 773 oriundum
3256 731 3401 782 csse,
3427 730 3528 769 cu·

1959 809 2174 879 jusdam
2214 810 2504 864 occasione
2537 808 2663 872 loci,
2710 809 2766 863 in
2800 824 2909 878 quo
2954 808 3071 879 ipse
3116 808 3262 878 quod
3292 819 3382 862 res
3409 809 3529 859 erat

1963 900 2194 969 ingenue
2237 898 2509 968 proponit.
2559 898 2861 963 Tarsensis,
2910 898 3109 967 inquit,
3138 913 3233 967 eqo
3260 912 3398 958 ειιηι,
3439 907 3532 947 nec

1963 988 2108 1043 urbis
2134 986 2369 1043 obscurae
2395 987 2521 1042 civis
2550 988 2590 1039 ¹.
2621 986 2702 1041 Ex
2730 1001 2840 1055 quo
2872 985 3127 1057 gentilem
3176 985 3347 1041 fuisse
3383 983 3534 1039 colli·

1962 1086 2118 1151 gunt,
2145 1084 2200 1133 et
2227 1085 2459 1148 utroque
2484 1083 2710 1147 parente
2730 1076 2921 1149 gentili
2950 1082 3320 1146 procreatum.
3368 1074 3532 1130 Cum-

1963 1186 2069 1239 que
2097 1167 2535 1239 hierosolymum
2563 1167 2918 1231 accessisset,
2963 1174 3018 1221 et
3049 1164 3253 1220 ibidem
3278 1161 3524 1232 aliquan·

1964 1258 2057 1312 diu
2095 1256 2410 1319 mansisset,
2467 1255 2740 1326 pontificis
2787 1256 2953 1312 liliam
3002 1256 3204 1311 ducere
3252 1252 3532 1310 statuisse.

1966 1350 2143 1415 Quare
2192 1347 2524 1419 proselytum
2578 1361 2640 1402 se
2697 1346 2915 1411 iecisse,
2959 1361 3025 1404 ac
3062 1342 3536 1401 circumcisionem

1968 1451 2288 1509 usurpasse.
2317 1436 2514 1492 Postea
2551 1436 2698 1506 quod
2747 1437 2815 1490 ab
2841 1452 2906 1491 eo
2934 1435 3193 1505 conjugio
3221 1434 3537 1501 excidisset,

1969 1529 2169 1583 iratum
2212 1527 2482 1581 adversus
2519 1525 2994 1596 circumcisionem
3025 1533 3079 1580 et
3108 1523 3428 1588 Sabbatum,
3462 1524 3538 1577 le·

1968 1632 2197 1690 gemque
2225 1617 2534 1684 scripsisse.
3038 1681 3047 1696 ι

2045 1705 2204 1761 xvu.
2235 1704 2341 1761 Sed
2369 1715 2608 1776 apertam
2638 1706 2968 1761 calumniam
3006 1705 3170 1762 struit
3190 1704 3422 1760 callidus
3450 1704 3538 1759 illc

1974 1814 2220 1868 serpens,
2236 1797 2526 1867 animoque
2542 1795 2695 1868 151
2712 1794 3016 1852 mendicus.
3029 1794 3202 1849 Ebion
3219 1795 3417 1863 quippe
3437 1792 3540 1847 lle·
3562 1843 3579 1858 ,

302 1893 411 1946 ἀπὸ
436 1893 725 1965 Έὸραϊκῆς
752 1896 832 1958 εἰς
865 1894 1087 1949 Ἑλλάδα
1103 1894 1286 1965 φωνὴν
1301 1895 1400 1966 τὴν
1422 1897 1714 1965 ἑρμηνείαν
1730 1911 1874 1947 πτω-
1976 1888 2162 1943 bruica
2184 1902 2284 1940 vox
2302 1884 2488 1940 Graeca
2511 1887 2691 1956 lingua
2714 1885 3005 1941 mendicum
3034 1892 3210 1942 sonat.
3246 1883 3339 1939 Est
3359 1889 3537 1938 autem

303 1986 427 2051 χός.
448 1984 668 2054 Πτωχὸς
680 1984 793 2055 γὰρ
813 1984 1112 2054 ὠςάληθῶς
1130 1984 1225 2039 καὶ
1240 1987 1307 2055 τῇ
1323 1984 1527 2056 διανοίᾳ
1541 1985 1633 2038 καὶ
1647 1986 1712 2054 τῇ
1727 1982 1873 2036 ὲλπί-
1906 1959 1945 2013 ¹3
1977 1978 2260 2033 liaereticus
2277 1977 2380 2029 iste
2398 1990 2582 2029 revera
2600 1986 2801 2038 mente,
2825 1991 2923 2046 spe
2945 1976 3210 2044 lactisque
3234 1974 3535 2036 mendicus,

299 2074 351 2126 δι
380 2075 474 2128 καὶ
497 2073 578 2145 τῷ
602 2074 767 2145 ἔργῳ,
790 2075 1022 2147 Χριστὸν
1040 2076 1321 2147 ἄνθρωπον
1336 2074 1491 2143 ψιλὸν
1514 2075 1762 2145 νομίσας,
1780 2074 1874 2126 καὶ

298 2167 471 2231 οὕτως
504 2172 563 2222 ἐν
596 2169 838 2240 πτωχείᾳ
883 2169 1117 2232 πίστεως
1161 2168 1259 2239 τὴν
1308 2168 1496 2222 ἐλπίδα
1534 2167 1665 2238 περὶ
1706 2164 1873 2220 αὐτοῦ

302 2247 652 2327 κεκτημένος.
704 2258 866 2312 Αὐτοὶ
913 2258 971 2311 δὲ
1002 2257 1163 2329 δῆθεν
1210 2256 1556 2329 σεμνύνονται
1584 2297 1600 2320 ,
1648 2255 1876 2318 ἑαυτοὺς

304 2347 601 2413 φάσκοντες
632 2350 877 2418 πτωχοὺς
896 2389 912 2412 ,
949 2348 1038 2402 διὰ
1062 2348 1126 2402 τδ
1145 2391 1158 2413 ,
1189 2350 1350 2419 φασὶν
1372 2391 1388 2415 ,
1427 2351 1483 2403 ἐν
1515 2347 1733 2419 χρόνοις
1769 2346 1876 2399 τῶν

311 2435 620 2487 ἀποστόλων
663 2423 864 2488 ττπωλεῗνΙ
910 2436 981 2491 τὰ
1025 2438 1205 2491 αὐτῶν
1231 2439 1539 2510 ὑπάρχοντα
1561 2480 1576 2503 ,
1608 2438 1705 2491 καὶ
1733 2434 1878 2489 τιθέ-

315 2540 403 2578 ναι
430 2526 579 2596 παρὰ
609 2526 735 2588 τοὺς
778 2529 941 2593 πόδας
972 2530 1083 2582 τῶν
1114 2529 1417 2585 ἀποστόλων
1442 2570 1457 2594 ,
1497 2531 1594 2583 καὶ
1620 2533 1699 2593 είς
1728 2546 1876 2584 πτω-

314 2617 468 2686 χείαν
515 2618 608 2670 καὶ
652 2616 951 2682 ἀποταξίαν
992 2620 1422 2689 μετεληλυθέναι.
1460 2622 1570 2673 Καὶ
1596 2619 1683 2673 διὰ
1720 2618 1879 2672 τοῦτο

312 2706 590 2762 καλεῖσθαι
625 2707 734 2761 ὑπὸ
787 2708 1009 2763 πάντων
1042 2708 1174 2779 φασὶ
1215 2709 1435 2779 πτωχοί.
1467 2710 1603 2762 Οὐδὲ
1628 2708 1785 2761 τοῦτο
1824 2707 1881 2761 δέ

305 2796 505 2865 ἀληθὲς
556 2797 690 2869 παρ’
741 2800 965 2862 αὐτοῖς,
1005 2798 1140 2853 ἀλλὰ
1194 2799 1353 2868 φύσει
1396 2803 1471 2867 τῷ
1524 2797 1637 2850 όντι
1695 2796 1884 2851 'esim

306 2888 578 2951 ἐκαλεῖτο,
607 2889 747 2943 κατὰ
772 2890 1129 2962 προφητείαν,
1157 2887 1329 2960 οἶμαι,
1363 2892 1393 2944 ὀ
1429 2888 1643 2959 πτωχὸς
1671 2888 1763 2941 καὶ
1790 2888 1884 2941 τά·

308 2976 443 3039 λας,
474 2978 536 3029 τὸ
577 2977 752 3048 δνομα
783 2981 850 3051 ἐμ
885 2979 1095 3049 πατρὸς
1112 2978 1279 3033 αὑτοῦ
1328 2980 1421 3032 καὶ
1465 2977 1672 3051 μητρὸς
1715 2976 1884 3033 αὐτοῦ

316 3067 748 3141 κεκληρωμένος.
805 3069 957 3124 Πόσα
999 3069 1057 3122 δὲ
1111 3068 1247 3124 ἀλλα
1297 3069 1444 3125 δεινὰ
1485 3072 1579 3125 καὶ
1627 3086 1881 3140 παραπε-

313 3158 603 3230 ποιημίνα,
630 3160 725 3213 καὶ
758 3158 1060 3231 μοχθηρίας
1082 3157 1323 3230 γέμοντα
1368 3160 1496 3231 παρ’
1535 3161 1719 3223 αὐτοίς
1758 3161 1882 3212 ἐπι-

307 3246 584 3319 τηδεῦπαι
608 3264 623 3314 ς
653 3249 825 3303 Ὅταν
863 3248 976 3320 γάρ
1002 3265 1086 3312 τις
1109 3248 1171 3313 ἐξ
1195 3248 1373 3303 αὐτῶν
1411 3250 1445 3319 ή
1484 3251 1625 3320 νόσῳ
1650 3248 1881 3318 περιπέ-

1974 2077 2158 2138 utpote
2174 2068 2266 2136 qui
2281 2065 2560 2121 Christum
2581 2081 2790 2121 merum
2814 2081 2936 2121 esse
2957 2064 3536 2127 hominemexistimet,

1973 2161 2029 2215 in
2058 2173 2233 2229 eoque
2255 2172 2405 2227 spem
2428 2172 2552 2213 cum
2582 2156 2819 2228 quadam
2851 2158 2972 2212 fidei
3002 2156 3349 2211 mendicitate
3370 2154 3540 2210 collo-

1973 2241 2165 2307 cet.'At
2179 2249 2326 2305 enim
2351 2248 2439 2303 isti
2465 2250 2531 2304 de
2558 2265 2620 2304 en
2641 2264 2701 2303 re
2719 2249 3040 2319 gloriantur,
3066 2264 3233 2318 seque
3262 2247 3540 2303 mendicos

1975 2341 2291 2413 praedicant,
2336 2340 2482 2410 quod
2523 2340 2891 2410 apostolorum
2909 2382 2924 2405 ,
2973 2339 3256 2411 inquiunt,
3301 2349 3542 2409 tempore

1977 2448 2097 2487 mos
2123 2437 2268 2488 esset
2296 2431 2438 2486 bona
2469 2446 2566 2486 sua
2593 2429 2920 2493 distrahere,
2943 2438 2996 2485 et
3028 2430 3094 2484 ad
3128 2428 3343 2483 iliorum
3378 2426 3542 2498 pedes

1977 2520 2215 2591 abjicere
2232 2520 2273 2574 ².
2300 2516 2488 2588 ltaque
2516 2534 2576 2575 se
2607 2518 2827 2573 illorum
2855 2518 3105 2588 exemplo
3130 2517 3198 2571 ad
3231 2515 3541 2572 mendicita-

1978 2616 2086 2664 tem
2118 2605 2311 2677 redigi,
2338 2620 2404 2661 ac
2429 2607 2590 2662 bonis
2622 2606 2879 2662 omnibus
2910 2606 3185 2670 abdicare,
3210 2603 3546 2675 proindeque

1980 2698 2182 2769 passim
2210 2696 2489 2753 mendicos
2518 2697 2799 2768 appellari.
2831 2694 2938 2752 Sed
2964 2696 3066 2751 hoc
3088 2697 3156 2751 ab
3184 2696 3293 2753 illis
3311 2712 3378 2752 ex
3404 2696 3545 2767 inge-

1980 2788 2073 2843 nio
2100 2785 2391 2842 confictum
2430 2793 2553 2850 est;
2599 2800 2723 2839 nam
2757 2784 2948 2841 Ebioni
2984 2785 3262 2855 proprium
3293 2786 3397 2840 hoc
3429 2790 3548 2841 crat

1981 2893 2198 2943 nomen,
2231 2892 2337 2932 non
2369 2878 2489 2935 sine
2518 2874 2779 2931 vaticinio
2813 2884 2994 2932 tamen
3023 2876 3231 2946 aliquo,
3258 2891 3365 2947 quo
3395 2888 3548 2931 men-

1980 2972 2137 3026 dicus
2164 2968 2462 3039 infelixque
2492 2967 2606 3023 l'ore
2628 2967 3053 3039 significaretur,
3086 2982 3214 3023 cum
3251 2980 3281 3020 a
3310 2966 3550 3037 parenti-

1984 3061 2086 3115 bus
2133 3058 2188 3114 id
2236 3058 2477 3114 nominis
2511 3057 2834 3129 accepisset.
2869 3056 3045 3124 Quam
3075 3071 3204 3113 vero
3232 3055 3338 3110 alia
3381 3052 3551 3108 multa

1983 3160 2037 3206 et
2065 3164 2347 3222 perperam
2369 3147 2639 3213 affectata,
2669 3156 2722 3203 et
2746 3149 3009 3204 scelerata
3036 3162 3100 3202 ac
3128 3145 3334 3203 nefaria
3359 3158 3550 3201 eorum

1932 3305 1949 3321 ⁸
1988 3242 2238 3298 instituto
2268 3243 2561 3313 geruntur!
2599 3240 2826 3307 Quoties
2853 3239 2999 3296 enim
3026 3238 3224 3310 aliquis
3250 3236 3463 3292 illorum
3494 3237 3549 3291 in

315 3329 620 3407 σομήὺπὺ
643 3338 870 3409 ἑρπετοῦ
901 3338 1162 3410 δηχθείη,
1193 3338 1436 3394 κάτεισιν
1472 3342 1553 3403 εις
1581 3339 1652 3392 τὰ
1690 3339 1879 3401 usam,
1909 3308 1951 3358 b
1985 3333 2233 3387 morbum
2278 3331 2489 3399 incidit,
2539 3338 2634 3385 aut
2677 3347 2708 3386 a
2756 3336 3009 3401 serpente
3059 3342 3276 3384 morsus
3328 3334 3432 3393 est,
3482 3323 3553 3381 ad

319 3426 418 3482 καὶ
439 3427 768 3482 ἐπικαλεῖται
790 3429 891 3493 τὰς
916 3430 1231 3500 ἐπωνυμίας
1257 3430 1357 3493 τὰς
1381 3432 1441 3483 ἐν
1464 3429 1544 3499 τῷ
1576 3429 1763 3495 Ἧλξαῒ
1788 3428 1884 3483 τοῦ

311 3527 376 3568 τι
401 3515 633 3587 οὐρανοῦ
664 3519 758 3571 καὶ
783 3518 886 3589 τῆς
907 3515 1028 3589 γῆς,
1056 3521 1161 3589 τῆς
1182 3537 1241 3573 τε
1271 3520 1395 3584 άλδς
1426 3522 1523 3574 καὶ
1552 3520 1645 3574 τοῦ
1670 3520 1882 3587 ὓδατος,
1925 3516 1934 3526 ”

310 3602 420 3657 τῶν
450 3619 512 3657 τε
539 3604 754 3677 ἀνέμων
779 3608 874 3662 καὶ
908 3608 1157 3677 ἀγγέλων
1184 3608 1285 3678 τῆς
1321 3608 1699 3679 δικαιοσύνης,
1732 3608 1888 3676 φασὶ,

307 3687 409 3747 ’καὶ
437 3694 532 3747 τοῦ
557 3696 719 3767 ἀρτου
758 3697 854 3750 καὶ
875 3698 1082 3753 ἐλαίου.
1118 3699 1231 3752 Καὶ
1261 3700 1489 3768 ἄρχεται
1514 3699 1715 3765 λέγειν,
1750 3700 1885 3770 Βοη-

311 3782 441 3853 θῆτέ
470 3801 579 3853 μοι,
610 3786 703 3838 καὶ
739 3786 1088 3850 ἀπαλλάξατε
1116 3786 1209 3837 ἀπ’,
1242 3786 1380 3853 ἐμοῦ
1406 3785 1469 3837 τδ
1505 3786 1745 3855 ἀλγημα.

390 3961 531 4031 Ὶίδη
554 3962 610 4014 δέ
643 3978 730 4030 μοι
758 3962 851 4015 καὶ
876 3961 1133 4031 ἀνωτέρω
1159 3960 1553 4033 προδεδήλωται
1576 4000 1606 4024 ,,
1622 3960 1697 4025 ὡς
1718 3962 1887 4017 ταῦτα

318 4055 419 4125 μὲν
453 4053 648 4106 Ἐὂίων
676 4053 777 4106 οὐκ
819 4053 934 4124 ᾔδει
957 4093 973 4115 ,
1010 4053 1150 4123 μετὰ
1179 4052 1370 4123 καιρὸν
1406 4052 1462 4105 δὲ
1512 4055 1559 4105 ol
1613 4054 1708 4106 σὺν
1740 4053 1889 4123 αὐτῷ

317 4141 681 4211 συναφθέντες
715 4142 794 4212 τῷ
850 4142 1033 4211 Ἠλξαῖ
1068 4144 1331 4215 ἐσχήκασι
1372 4144 1471 4213 μὲν
1497 4141 1593 4196 τοῦ
1638 4144 1889 4207 Ἐὅίωνος

315 4236 416 4303 τὴν
444 4234 744 4305 περιτομὴν
778 4234 871 4287 καὶ
914 4235 983 4288 τὸ
1007 4235 1286 4289 mesum
1326 4237 1421 4289 καὶ
1450 4235 1521 4290 τὰ
1548 4235 1673 4306 ἔθη·
1713 4235 1808 4289 τοῦ
1831 4236 1889 4289 δὲ

331 4324 518 4389 'miei
541 4325 639 4396 τὴν
666 4325 963 4393 φαντασίαν
988 4326 1135 4379 ὥστε·
1152 4327 1394 4397 νομίζειν
1419 4327 1520 4397 μὲν
1537 4327 1629 4380 τὸν
1658 4326 1891 4395 Χριστὸν

319 4411 460 4468 εἷναί
482 4431 535 4467 τι
558 4415 927 4486 άνδροείκελον
955 4416 1256 4488 ἐκτύπωμα
1294 4418 1525 4488 ἀόρατον
1559 4416 1887 4488 ἀνθρώποις,

325 4505 518 4575 μιλίων
547 4507 926 4577 ἐνενηκονταὲξ
959 4507 1020 4560 τδ
1052 4508 1227 4578 μῆκος
1246 4547 1262 4571 ,
1290 4507 1452 4579 δῆθεν
1496 4507 1722 4578 σχοίνων
1751 4509 1892 4560 εἰκο-

323 4594 678 4665 σιτεσσάρων,
703 4596 765 4649 τὸ
790 4596 847 4649 δὲ
875 4597 1075 4658 πλάτος
1109 4597 1331 4666 σχοίνων
1357 4596 1437 4661 ἐξ,
1471 4596 1663 4667 μιλίων
1692 4598 1891 4650 εἰκοσι-

318 4685 631 4755 τεσσάρων·
662 4686 723 4739 τδ
761 4686 932 4755 πάχος
974 4686 1031 4739 δὲ
1062 4686 1204 4741 κατὰ
1235 4690 1496 4759 μέτρησιν
1528 4686 1695 4758 ἄλλην
1744 4689 1885 4743 τινά.

335 4778 584 4848 ’ἀντικρὺ
624 4777 682 4830 δὲ
715 4777 878 4832 αὐτοῦ
908 4778 1131 4831 ἑστάναι
1177 4779 1271 4831 καὶ
1303 4779 1363 4832 τὸ
1394 4779 1550 4845 ἅγιον
1577 4778 1802 4849 Πνεῦμα
1833 4782 1891 4834 ἐν

326 4868 459 4920 εδει
508 4866 727 4932 θηλείας
766 4868 1008 4939 ἀοράτως
1031 4885 1046 4899 ·
1078 4862 1173 4922 ital
1219 4868 1279 4921 τὸ
1307 4868 1439 4921 αὐτὸ
1467 4868 1558 4922 τοῦ
1599 4870 1762 4923 αὐτοῦ
1799 4870 1893 4940 μὲ-

330 4976 483 5027 τρου.
523 4961 631 5013 Καὶ
656 4960 818 5013 πόθεν
841 5000 855 5023 ,
890 4961 1072 5029 φησὶν,
1108 4959 1278 5026 ἔγνων
1305 4960 1372 5013 τὰ
1403 4962 1614 5032 μέτρα;
1657 4962 1892 5031 Ἐπειδὴ,

334 5047 520 5119 φησὶν,
548 5044 686 5103 εἶδον
713 5049 822 5102 ἀπὸ
845 5050 950 5103 τῶν
979 5051 1167 5120 ὀρέων,
1197 5053 1279 5105 ὄτι
1311 5054 1367 5105 αί
1406 5054 1637 5122 κεφαλαὶ
1667 5054 1894 5123 ἔφθανον

330 5140 514 5195 αὐτῶν
537 5159 551 5173 ·
584 5141 678 5193 καὶ
707 5140 770 5192 τὸ
800 5140 996 5210 μέτρον
1021 5140 1115 5194 τοῦ
1139 5142 1297 5213 ὅρους
1325 5144 1655 5214 καταμαθὼν
1678 5186 1692 5209 ,
1726 5144 1897 5212 ἔγνων

328 5229 566 5302 Χριστοῦ
590 5248 651 5283 τε
674 5231 767 5283 καὶ
786 5229 880 5283 τοῦ
905 5232 1061 5299 ἁγίου
1088 5232 1403 5302 Πνεῦματος
1430 5235 1497 5288 τὰ
1527 5234 1722 5305 μέτρα.
1756 5234 1897 5305 Ἤδη

324 5322 384 5375 δέ
412 5339 503 5392 μοι
524 5322 652 5392 περὶ
683 5320 887 5375 τούτων
922 5322 1136 5394 εἴρηται
1160 5325 1218 5376 ἐν
1250 5328 1318 5395 τῇ
1343 5324 1486 5378 κατὰ
1521 5325 1783 5379 Ὀσσαίων
1812 5326 1897 5379 αί·

330 5411 500 5483 ρέσει.
549 5413 638 5465 Ἐν
669 5412 945 5484 παρεξόδῳ
973 5413 1030 5466 δὲ
1064 5414 1236 5468 ταῦτα
1279 5416 1587 5485 πεποίημαι
1631 5415 1760 5478 νῦν,
1810 5417 1897 5471 ῐνα

331 5503 408 5574 μὴ
427 5504 497 5555 τὰ
526 5503 654 5571 παρ’
687 5503 902 5573 ἑκάστῳ
928 5503 1071 5558 ἔθνει
1103 5523 1162 5559 τε
1193 5508 1283 5559 καὶ
1319 5505 1530 5577 αἱρέσει
1560 5506 1721 5572 δντα,
1746 5507 1896 5579 εὑρι·

330 5594 569 5663 σκόμενα
596 5593 652 5647 δέ
695 5595 789 5648 καὶ
827 5597 956 5667 παρ’
981 5598 1222 5669 ἑτέροις,
1253 5596 1534 5669 νομισθείη
1564 5600 1705 5655 κατὰ
1726 5599 1897 5672 λήθην

329 5682 422 5753 ὑφ’
454 5681 609 5755 ήμῶν
629 5683 904 5755 εἰρῆσθαι.

407 5886 426 5918 ¹
455 5888 574 5943 Act.
610 5906 722 5959 xxi,
749 5891 835 5949 39.
968 5892 1090 5946 Act.
1132 5907 1205 5958 iv,
1246 5892 1334 5948 54.

1984 3437 2160 3492 aquas
2185 3421 2488 3477 descendit.
2515 3420 2594 3475 lbi
2623 3421 3020 3491 appellationes
3066 3431 3277 3480 omnes,
3311 3431 3432 3486 quae
3464 3412 3557 3470 m-

1985 3513 2071 3567 xai
2101 3513 2418 3583 complexus
2446 3519 2552 3576 est,
2588 3512 2828 3577 invocat,
2852 3510 2980 3566 coeli
3006 3509 3262 3565 videlicet
3280 3522 3346 3563 ac
3375 3514 3552 3570 terra,

1986 3605 2118 3660 salis
2168 3611 2222 3657 et
2246 3617 2422 3673 aquae,
2457 3609 2744 3658 ventorum
2779 3610 2836 3657 et
2880 3600 3216 3671 angelorum,
3251 3605 3309 3652 ut
3338 3602 3554 3657 vocant,

1981 3692 2236 3764 justitian
2291 3692 2449 3763 panis
2496 3692 2627 3747 item
2677 3699 2732 3746 et
2777 3692 2906 3747 olei.
2938 3689 3144 3745 Deinde
3187 3689 3430 3743 solemne
3457 3685 3559 3740 hoc

1986 3795 2208 3837 carmen
2241 3782 2482 3851 concipit
2509 3798 2526 3836 ι
2553 3781 2755 3836 Adeste
2793 3779 2947 3837 mihi.
2976 3786 3034 3834 et
3058 3777 3205 3832 hunc
3229 3790 3262 3830 a
3283 3790 3369 3832 me
3406 3773 3561 3829 dolo-

1987 3888 2102 3929 rem
2136 3871 2413 3941 depellite.
3295 3908 3300 3912 -

2057 3959 2175 4015 lam
2206 3960 2312 4015 hoc
2343 3966 2503 4015 antea
2547 3960 2962 4024 declaravimus,
2990 3959 3176 4014 omnia
3229 3957 3348 4012 hoec
3396 3955 3560 4010 Ebio-

1991 4066 2112 4107 nem
2157 4050 2436 4117 nescisse;
2474 4052 2703 4123 ejusque
2753 4049 3053 4119 discipulos
3106 4049 3386 4119 aliquanto
3438 4053 3562 4117 post

1990 4160 2114 4199 ciun
2149 4143 2300 4198 Elxai
2343 4144 2715 4200 coalescentes
2743 4144 2812 4199 ab
2841 4142 3048 4197 Ebione
3075 4141 3556 4197 circumcisionem

1992 4248 2058 4288 ac
2101 4233 2424 4300 Sabbatum,
2457 4236 2705 4305 aliosque
2748 4234 2885 4290 ritus
2931 4232 3229 4304 acm-pisse.
3277 4232 3361 4287 Ab
3407 4229 3560 4286 Elxai

1992 4339 2121 4378 vero
2170 4326 2442 4380 somnium
2499 4324 2653 4390 illud,
2714 4333 2776 4378 ut
2835 4326 3110 4380 Christum
3167 4323 3396 4377 formam
3441 4337 3564 4379 esse

1993 4415 2284 4484 quamdam
2310 4416 2560 4470 humanae
2587 4415 2841 4480 similem,
2872 4430 3047 4485 neque
3072 4414 3385 4471 hominibus
3412 4430 3565 4486 aspe-

1994 4508 2248 4563 ctabilem
2282 4523 2405 4564 esse
2438 4507 2738 4579 lingerent;
2780 4507 3120 4579 longitudine
3161 4507 3390 4561 millium
3414 4522 3561 4573 xcvi,

1922 4633 1968 4685 D
1995 4600 2089 4670 qui
2112 4607 2242 4656 sunt
2264 4598 2476 4653 schoeni
2505 4607 2739 4668 quatuor
2757 4606 2811 4652 et
2835 4598 3024 4667 viginti
3046 4616 3060 4663 ;
3085 4598 3372 4651 latitudine
3390 4597 3564 4651 schoe-

1999 4703 2191 4743 norum
2219 4705 2297 4753 vi,
2333 4688 2436 4742 hoc
2466 4693 2549 4742 est
2576 4686 2804 4741 millium
2834 4700 2995 4751 mn
3028 4684 3376 4739 crassitudini
3408 4685 3564 4738 deni-

1997 4794 2103 4848 que
2131 4777 2290 4832 aliam
2322 4792 2634 4834 mensuram
2677 4778 2996 4832 attribuunt.
3032 4774 3207 4844 Prope
3236 4774 3410 4843 ipsum
3435 4787 3565 4829 vero

1999 4881 2143 4923 stare
2186 4866 2448 4938 Spiritum
2481 4881 2729 4925 sanctum
2759 4868 3009 4924 muliebri
3040 4867 3230 4939 ligura,
3260 4867 3335 4919 ita
3382 4874 3564 4921 tamen

2003 4968 2063 5013 ut
2093 4960 2260 5015 videri
2298 4970 2564 5031 nequeat;
2597 4961 2949 5031 ejusdemque
2982 4975 3105 5016 esse
3140 4971 3424 5013 mensumn.
3455 4954 3565 5011 no-

2000 5066 2097 5122 ges
2122 5051 2266 5106 uude
2293 5067 2388 5106 eas
2416 5066 2705 5108 mensuras
2734 5053 3060 5123 acceperint.
3092 5051 3134 5105 E
3157 5049 3454 5114 montibus,
3481 5048 3567 5104 in-

1998 5142 2212 5211 quiunt,
2246 5143 2565 5198 observatas
2595 5145 2879 5210 habemus,
2913 5156 3145 5214 quorum
3195 5141 3264 5195 ad
3306 5141 3565 5197 verticem

1997 5232 2214 5286 illorum
2246 5234 2424 5304 capita
2455 5237 2868 5308 pertingebant,
2899 5249 3070 5306 quate
3097 5231 3359 5287 montium
3382 5232 3567 5289 altitu-

1998 5321 2181 5377 dinem
2212 5321 2467 5391 dimensi,
2502 5326 2702 5382 Christi
2733 5341 2796 5380 ac
2828 5324 3004 5382 sancti
3033 5322 3268 5393 Spiritus
3293 5323 3567 5396 magnitu-

1997 5410 2182 5468 dinem
2206 5416 2800 5486 eomperimusNerum
2825 5415 2900 5471 de
2924 5416 3009 5472 his
3036 5415 3092 5471 in
3115 5414 3424 5471 Ossaeorum
3457 5415 3566 5471 hae-

1999 5504 2106 5558 resi
2127 5504 2239 5574 jam
2268 5514 2394 5562 ante
2419 5506 2843 5578 disputavimus.
2878 5506 2947 5563 Et
2973 5522 3119 5563 nunc
3146 5506 3323 5564 obiter
3347 5521 3409 5563 ea
3441 5520 3565 5576 pet·-

2001 5595 2342 5661 strinximus,
2371 5612 2440 5653 ne
2455 5600 2602 5669 quod
2633 5615 2801 5671 penes
2821 5614 3259 5672 unamquamque
3287 5599 3565 5655 nationem

2003 5705 2068 5747 ac
2085 5703 2285 5745 sectam
2304 5691 2594 5762 reperitur,
2612 5693 2668 5749 id
2693 5694 2742 5751 si
2780 5694 2836 5750 in
2854 5693 2976 5752 aliis
2988 5707 3204 5766 quoque
3219 5698 3557 5751 cerneretur,

1997 5780 2176 5837 alieno
2194 5781 2317 5840 loco
2334 5798 2431 5855 per
2453 5784 2780 5845 oblivionem
2806 5793 3287 5845 commemoratum
3321 5795 3562 5855 putares.
