3850 6517
311 446 413 502 ¹83

1718 455 1777 512 S.
1817 454 2162 515 EplpnANlt

3467 459 3574 522 ¹86

307 567 490 624 debet.
523 564 662 621 Tum
707 565 854 621 enim
898 566 1089 639 religio
1127 567 1357 641 perinde
1399 578 1564 641 atque
1613 570 1889 643 impietas,
1921 577 1970 635 Α
1994 571 2238 644 λωμένου
2261 571 2475 643 χρόνου.
2506 571 2737 645 nepus-‚q
2774 570 2951 627 τοίνυν
2982 575 3142 647 γενεᾷ
3177 570 3315 646 μετὰ
3344 572 3435 627 τὸν
3474 590 3575 627 κα»-

308 657 445 715 fldes
466 658 598 714 item
636 664 689 714 et
721 657 1019 715 infidelitas
1047 659 1328 716 hominum
1362 676 1537 732 genus
1562 663 1887 733 occupabat.

309 749 556 821 Quarum
593 749 724 807 tides
765 749 1093 807 Christianae
1121 760 1288 808 sectae
1325 754 1561 823 speciem
1596 753 1892 811 adumbra-

312 843 432 907 bat3
461 841 754 911 infidelitas
785 841 1082 912 impietatis
1109 857 1174 898 ac
1210 843 1439 900 sceleris
1479 853 1599 901 erat
1633 846 1778 903 notis
1808 848 1891 902 in·

310 933 510 1020 sig-nita
530 972 545 998 ,
595 933 897 1004 eademque
945 943 1160 992 naturae
1191 934 1309 1006 lege
1339 936 1662 995 dissidebat.
1714 939 1894 1010 Atque

309 1021 400 1077 hic
429 1037 613 1079 rerum
640 1031 821 1080 status
843 1021 911 1077 ad
930 1021 1062 1086 illud
1091 1039 1264 1094 usque
1292 1032 1534 1095 tempus,
1557 1024 1706 1097 quod
1728 1027 1893 1083 modo

310 1111 766 1184 significavimus.
806 1113 1069 1197 deinceps
1123 1114 1425 1185 perductus
1467 1125 1568 1171 est.
1621 1115 1892 1172 Caeterum

309 1201 504 1270 quinta
538 1209 662 1274 post
694 1201 960 1268 diluvium
1015 1210 1208 1269 aetate,
1237 1219 1362 1259 cum
1406 1220 1438 1260 a
1486 1204 1666 1261 tribus
1702 1202 1894 1261 Noemi

310 1291 438 1351 liliis
457 1293 749 1366 propagari
769 1307 941 1362 genus
962 1292 1246 1351 bominum
1273 1293 1551 1367 coepisset,
1571 1294 1893 1349 continuata

310 1382 524 1446 sobolis
584 1384 969 1449 successione.
1011 1384 1123 1441 duo
1169 1399 1234 1440 ac
1278 1385 1624 1456 septuaginta
1665 1400 1895 1441 numero

308 1474 462 1539 velut
485 1475 768 1548 principes
799 1491 864 1532 ac
895 1475 1085 1547 stirpis
1120 1479 1300 1547 capita
1330 1476 1672 1548 prodierunt.
1695 1477 1735 1532 li
1768 1492 1893 1533 cum

311 1568 530 1640 longius
559 1569 983 1640 processissent,
1013 1575 1069 1625 et
1096 1583 1128 1623 a
1156 1578 1342 1627 monte
1364 1567 1568 1633 Lubar,
1599 1568 1897 1625 Armeniae-

310 1674 419 1731 que
448 1658 674 1726 linibus,
700 1660 805 1716 boc
839 1668 924 1716 est
956 1660 1180 1732 regione
1222 1660 1442 1723 Ararat,
1470 1661 1737 1752 piteriora
1772 1676 1897 1733 per-

311 1759 617 1829 agrassent,
649 1750 908 1809 Senaaris
932 1751 987 1809 in
1015 1765 1269 1823 campum
1288 1751 1455 1807 delati
1475 1762 1606 1808 sunt
1637 1753 1704 1819 ¹⁶,
1730 1768 1895 1825 quem

311 1841 496 1900 locum
521 1842 625 1899 sibi
660 1842 765 1913 ipsi
797 1842 1138 1914 delegerunt.
1167 1843 1436 1899 Caeterum
1469 1843 1716 1900 Sennaar
1739 1844 1898 1902 hodie

1994 661 2326 734 τακλυσμδν,
2378 662 2756 734 πληθυνόντων
2797 662 2922 742 ἄρτι
2968 662 3081 725 ,τῶν
3128 662 3432 736 ἀνθρώπων
3466 661 3576 719 ἀπὸ

1994 750 2104 805 τῶν
2130 750 2297 823 τριῶν
2330 751 2461 805 υἱῶν
2491 750 2585 805 τοῦ
2630 751 2753 805 Νῶε
2775 751 2918 813 κατὰ
2957 751 3205 829 διαδοχὴν
3235 754 3279 786 ¹⁸
3306 752 3414 808 τῶν
3447 749 3576 811 παί-

1994 841 2120 905 δων,
2137 842 2323 908 παῖδες
2336 843 2654 912 ὲγεγόνασιν
2667 843 2730 874 ¹⁸·
2744 841 3207 915 ἐδδομηκονταδὺο
3216 842 3443 915 τδνὰριθ
3452 842 3574 913 μὸν,

1996 936 2055 989 ὲν
2099 934 2292 1006 κόσμῳ
2328 933 2631 1007 ἀρχηγέται
2670 934 2766 987 καὶ
2802 933 3195 1004 κεφαλαιῶται.
3235 932 3577 986 Ἔπεκτεινό-

1999 1042 2150 1098 μενοι
2184 1025 2241 1079 δὲ
2265 1024 2359 1079 καὶ
2389 1024 2576 1097 πρόσω
2602 1024 2878 1096 βαίνοντες
2899 1025 3007 1080 ἀπὸ
3039 1025 3132 1079 τοῦ
3165 1022 3384 1095 Λουόαρ
3415 1022 3576 1097 ὅρους

1996 1119 2092 1173 καὶ
2141 1118 2305 1191 ὁρίων
2345 1118 2445 1190 τῆς
2505 1117 2819 1189 Ἀρμενίας,
2878 1116 3157 1172 τουτέστιν
3195 1115 3436 1189 ’Δραράτ
3477 1117 3576 1188 τῆς

1996 1208 2202 1280 χώρας,
2243 1209 2483 1278 γίνονται
2517 1210 2577 1263 ὲν
2614 1208 2779 1280 πεδίῳ
2820 1208 3049 1279 Σεναὰρ,
3101 1206 3228 1262 ἔνθα
3256 1225 3357 1260 που
3389 1206 3579 1260 ἐπελέ-

1999 1299 2158 1365 ξαντο
2196 1300 2331 1371 (Η).
2368 1301 2560 1354 Κεῖται
2587 1300 2645 1354 δὲ
2687 1299 2827 1370 αὐτη
2861 1298 3133 1372 ἠΣεναὰρ
3175 1299 3291 1352 νυνὶ
3320 1299 3377 1351 ὲν
3422 1296 3578 1369 χώρᾳ

1997 1393 2065 1462 τῇ
2107 1391 2375 1464 Περσικῇ.
2413 1385 2525 1446 Ἦν
2568 1390 2626 1445 δὲ
2671 1390 2829 1445 τοῦτο
2886 1390 3054 1444 πάλαι
3095 1389 3398 1461 Ἀσσυρίων
3438 1388 3575 1459 (ἱῖ).

2009 1483 2219 1537 ‘Eiteia-s
2239 1482 2422 1537 τοίνυν
2442 1482 2873 1547 συνδοιάσαντες,
2899 1499 2962 1535 συ
2970 1478 3221 1551 μὸοὐλιον
3242 1478 3579 1551 λαμόάνουσι

2001 1573 2119 1644 μετ’
2143 1571 2389 1645 ἀλλήλων
2416 1571 2625 1644 πύργον
2647 1572 2743 1627 καὶ
2780 1571 2933 1626 πόλιν
2963 1569 3334 1642 οἰκοδομῆσαι.
3371 1569 3503 1624 Ἀπὸ
3520 1568 3579 1623 δὲ

1998 1661 2094 1716 τοῦ
2128 1661 2389 1736 κλίματος
2431 1659 2526 1715 τοῦ
2562 1661 2700 1733 πρὸς
2736 1659 3008 1732 Εὐρώπην
3047 1661 3129 1724 εἰς
3169 1659 3355 1713 Ἀσίαν
3394 1658 3580 1713 κεκλι-

2000 1755 2177 1817 κότες,
2207 1751 2677 1824 ἐπωνομάσθησαν
2716 1753 2918 1815 πάντες
2947 1749 3058 1821 (¹3)
3088 1749 3229 1805 κατὰ
3259 1750 3358 1821 τὴν
3386 1748 3583 1821 χρόνου

2000 1844 2289 1917 ἐπίκλησιν
2318 1844 2541 1900 Σκύθαι.
2577 1843 2836 1909 Κτίζουσι
2870 1844 2925 1897 δὲ
2946 1842 3045 1916 τὴν
3073 1841 3457 1913 πυργοποιίαν,
3486 1841 3586 1907 καὶΞ

313 1933 371 1991 in
398 1930 690 2001 Persarum
719 1932 947 2004 regione
987 1932 1095 1989 sita
1147 1940 1262 1998 est,
1312 1948 1477 2004 quani
1506 1935 1639 1989 olim
1684 1933 1897 2007 Assyrii
1934 1917 1974 1972 Β
2002 1936 2343 2009 οἰκοδομοῦσι
2360 1939 2461 2011 τὴν
2492 1937 2804 2004 Βαὸυλῶνα,
2827 1935 2923 1991 καὶ
2953 1937 3052 1989 οὐκ
3079 1935 3369 2006 εὐδόκησεν
3392 1935 3422 1987 ὁ
3449 1933 3586 1998 Θεὸς

312 2032 625 2080 tenuerant.
661 2024 829 2096 igitur
861 2038 986 2079 cum
1015 2025 1070 2080 in
1104 2040 1171 2081 eo
1201 2025 1322 2080 loco
1348 2025 1643 2081 consilium
1673 2026 1899 2082 hahuis-

315 2121 459 2183 sent,
488 2115 556 2174 de
595 2115 735 2179 turri
770 2102 1013 2187 urbeque
1035 2115 1148 2171 illic
1173 2116 1506 2172 exstruenda
1531 2117 1675 2172 inter
1703 2133 1762 2174 se
1788 2123 1902 2174 sta-

316 2213 498 2272 tuunt.
523 2207 628 2274 Qui
649 2222 843 2264 omnes
867 2207 1014 2279 quod
1032 2206 1100 2262 ab
1128 2207 1360 2278 Europae
1387 2209 1697 2279 propinquo
1723 2215 1903 2264 tractu

316 2299 376 2365 in
414 2299 560 2363 Asiae
589 2300 852 2356 interiora
881 2306 1285 2371 penetrassent,
1313 2299 1621 2371 insequenti
1654 2307 1899 2371 tempore

321 2391 649 2464 Scytharum
691 2405 995 2463 cognomen
1022 2390 1203 2463 adepti
1239 2399 1389 2447 sunt.
1422 2390 1564 2462 Ergo
1597 2391 1678 2446 illi
1704 2392 1898 2447 turrim

317 2493 374 2547 et
400 2481 725 2555 Babylonem
751 2482 1048 2541 aedificant.
1083 2482 1191 2539 Sed
1225 2483 1414 2540 divino
1441 2481 1665 2537 Numini
1707 2483 1775 2540 de
1813 2483 1900 2538 in-

222 2596 233 2602 ·
321 2588 458 2643 sana
498 2573 592 2640 illa
642 2573 928 2631 molitione
968 2574 1275 2646 displicuit.
1335 2573 1570 2646 ideoque
1617 2574 1901 2646 dissipatis

395 2731 440 2764 ⁸⁸
465 2689 604 2794 Gen.
625 2745 702 2796 xl.
726 2727 762 2784 2
778 2743 901 2802 sqq.
981 2729 1026 2762 ¹⁸
1048 2727 1182 2801 neg.
1215 2729 1469 2800 διαδοχὴν
1499 2729 1702 2784 παίδων
1717 2729 1927 2794 παῖδες.

327 2871 726 3008 ὐὶὲὲζζοενθα
756 2887 875 2927 ³⁸⁰⁰
901 2870 1284 2937 ἐπελέξαντο.
1342 2866 1599 2925 Fortasse
1623 2867 1786 2923 τόπον
1816 2869 1910 2922 ἐπ-

401 3011 514 3087 (¹2)
544 3007 657 3069 Ἦν
686 3010 755 3065 δὲ
785 3012 963 3068 τοῦτο
994 3010 1181 3067 πάλαι
1213 3009 1572 3077 Ἀσσυρίων.
1606 3007 1650 3062 Δ
1686 3024 1747 3064 er
1769 3006 1910 3065 Sen-

327 3097 488 3148 naar,
515 3090 570 3137 et
598 3078 842 3152 Babylon
875 3082 991 3151 ipsa
1030 3083 1290 3152 primum.
1326 3080 1525 3148 inquit.
1557 3079 1625 3135 ad
1728 3078 1909 3151 syrios

327 3151 614 3280 pertinuit.
645 3150 906 3220 Respexit
943 3162 1121 3205 autem
1168 3149 1235 3204 ad
1267 3150 1342 3214 id,
1373 3147 1521 3219 quod
1546 3148 1687 3205 Gen.
1727 3165 1780 3214 x,
1817 3149 1906 3213 lt,

2005 2030 2099 2082 ἐπὶ
2129 2028 2209 2100 τῷ
2239 2028 2385 2102 ἔργῳ
2416 2031 2514 2101 τῆς
2539 2029 2719 2085 αὐτῶν
2751 2027 2953 2095 ἀνοίας.
2993 2027 3318 2082 Διεσκέδασε
3347 2025 3455 2097 γὰρ
3486 2025 3586 2082 αὐ-

2006 2119 2117 2175 τῶν
2153 2120 2252 2184 τὰς
2292 2121 2563 2196 γλώσσας,
2601 2121 2695 2176 καὶ
2737 2120 2847 2176 ἀπὸ
2895 2121 3022 2191 μιᾶς
3063 2121 3143 2183 είς
3187 2118 3583 2189 ὲὸδομηκοντα-

2009 2209 2103 2264 δύο
2137 2208 2247 2280 (Η)
2277 2209 2511 2281 διένειμε
2541 2210 2683 2265 κατὰ
2709 2210 2817 2264 τῶν
2847 2209 2971 2264 τότε
2999 2207 3208 2281 ἀνδρῶν
3226 2207 3456 2280 ἀριθμὸν
3492 2207 3588 2273 eti-

2008 2300 2255 2371 ρεθέντα.
2279 2286 2571 2358 Ὄθενκαὶ
2595 2302 2851 2374 Μέροπες
2875 2294 3021 2355 οὗτοι
3043 2300 3357 2371 κέκληνται,
3379 2299 3467 2354 διὰ
3487 2299 3587 2372 τὴν,

2010 2392 2422 2464 μεμερισμένην
2460 2395 2666 2473 φωνήν.
2701 2393 2813 2447 Καὶ
2848 2392 2938 2446 τὸν
2974 2391 3182 2465 πύργον
3212 2390 3430 2462 ἀνέμων
3457 2389 3586 2470 βολὴ

2008 2481 2398 2554 κατέστρεψεν.
2446 2484 2844 2559 Ἐμερίσθησαν
2872 2484 3003 2554 γοῦν
3030 2483 3124 2538 ἐπὶ
3156 2484 3335 2537 πᾶσαν
3363 2480 3461 2554 τὴν
3486 2480 3588 2560 γῆν

2007 2569 2157 2643 δεξιά
2191 2590 2252 2628 τε
2279 2577 2373 2630 καὶ
2398 2576 2673 2650 εὐώνυμα,
2698 2579 2748 2631 oi
2778 2577 2877 2655 μὲν
2918 2575 3232 2650 παλίνορσοι
3270 2574 3392 2630 ὅθεν
3429 2573 3590 2639 siffis,-

2030 2724 2094 2764 ⁶⁰·
2122 2730 2215 2787 Sic
2247 2746 2345 2802 pro
2384 2733 2694 2803 γεγόνασιν.
2734 2733 2893 2790 Enrr.
2923 2733 3167 2791 Parnoi..

2015 2885 2140 2933 cum
2212 2878 2379 2928 uncto
2424 2871 2619 2927 dextro
2665 2871 2924 2934 derivari,
2979 2873 3123 2941 quod
3173 2869 3488 2933 discurrere,
3518 2875 3576 2922 et

2017 2940 2170 2995 obem
2207 2941 2358 2996 utare
2414 2941 2706 3010 signifieat.
2769 2938 3008 3008 Utraque
3073 2939 3222 2995 notio
3263 2938 3593 3011 Scytharum

2016 3011 2266 3067 moribus
2306 3025 2376 3081 ap
2418 3011 2553 3065 rime
2594 3008 2846 3080 congruit
2878 3024 3053 3078 :quos
3095 3009 3376 3079 πλάνητας
3436 3021 3593 3062 erre-

2017 3080 2247 3147 bimdee,
2276 3093 2333 3137 et
2411 3078 2703 3151 μαξοῦίους
2755 3078 2925 3134 tuisse
2971 3086 3210 3134 constat.
3268 3079 3375 3132 Sed
3403 3091 3467 3130 ea
3497 3089 3596 3131 vo«

2018 3151 2199 3207 cabuli
2235 3150 2397 3210 ratio.
2427 3165 2591 3221 quam
2634 3149 2970 3230 FEpiplianius
3006 3149 3182 3211 affert,
3210 3146 3357 3214 quod
3383 3145 3598 3205 scilicet

353 3225 532 3297 egitur
557 3239 570 3274 :
596 3220 673 3277 De
709 3231 855 3276 terre
880 3218 986 3275 ‘itta
1009 3218 1290 3292 (sennaar)
1321 3235 1561 3290 eqrerstts
1598 3231 1678 3275 eat
1707 3217 1900 3278 Assur.
1936 3214 1982 3275 C
2010 3221 2121 3275 ἀπὸ
2160 3220 2256 3276 τοῦ
2294 3220 2556 3292 κλίματος
2586 3236 2680 3274 του
2711 3219 2848 3291 πρὸς
2881 3216 3151 3290 Εὐρώπην
3172 3217 3254 3280 εἰς
3295 3215 3477 3269 Ἀσίαν
3500 3213 3600 3269 de-

331 3304 383 3359 el
405 3293 692 3364 «edificavit
738 3289 1004 3355 Hminem,
1035 3299 1084 3346 et
1108 3290 1312 3360 plateas
1350 3291 1608 3358 civitatis,
1640 3299 1690 3345 et
1720 3287 1904 3344 Chele.

333 3361 536 3430 Yerum
553 3362 726 3425 Assur
755 3362 973 3431 quidam
1007 3361 1288 3432 proprium
1323 3375 1446 3416 esse
1478 3375 1677 3415 nomen
1719 3359 1910 3415 existi·

333 3441 508 3499 mant,
541 3431 683 3498 utB.
714 3430 954 3495 Selomo,
990 3431 1166 3500 quise
1194 3433 1265 3485 ab
1296 3431 1589 3500 impiorum
1618 3437 1909 3485 consuetu-

335 3502 487 3569 dine,
536 3515 602 3558 ac
654 3502 909 3557 cont-ictu
960 3499 1685 3583 segregarit:eumdemqne
1725 3499 1910 3553 Ahen-

338 3570 480 3628 Ezra
507 3569 739 3642 Japlieth
775 3571 942 3625 lilium
993 3571 1273 3627 exsulis-e
1317 3578 1602 3625 memorat.
1646 3568 1911 3638 Equidem

338 3643 517 3708 Assur
554 3643 660 3697 hnc
718 3642 836 3697 loco
891 3640 960 3695 de
1017 3640 1244 3711 Assyrio
1266 3638 1489 3720 populo,
1514 3641 1599 3694 vel
1628 3637 1770 3692 Nino
1796 3641 1915 3707 ipso

342 3712 498 3792 regni
521 3712 730 3784 Assyrii
748 3711 1031 3769 conditore
1052 3710 1310 3779 libentius
1336 3716 1683 3783 interpretor.
1711 3707 1914 3761 Eodem

342 3797 509 3860 porro
553 3788 805 3854 spectare
846 3780 1061 3836 videtur
1161 3780 1307 3850 quod
1370 3787 1455 3834 est
1527 3778 1669 3850 apud
1716 3777 1915 3834 isaiam

341 3867 406 3908 ca
450 3891 467 3908 .
506 3866 661 3919 xxm,
693 3852 760 3906 13
790 3868 804 3904 ε
837 3849 975 3904 Eece
1007 3858 1149 3905 terre
1181 3848 1552 3904 chalda-erum
1583 3863 1602 3901 .·
1635 3847 1784 3903 Telis
1826 3863 1920 3917 po-

340 3938 412 3994 pu
437 3940 498 3979 tu
538 3939 643 3985 non
662 3922 767 3992 [uit
790 3937 809 3974 .·
832 3924 999 3977 Assur
1021 3919 1263 3989 [undavit
1291 3935 1430 3974 eam.
1468 3917 1533 3976 ln
1558 3920 1918 3987 captivitatem

344 3994 699 4059 traduxerunt
722 3991 965 4046 robustea
1001 3994 1138 4060 ejus,
1168 3989 1499 4059 suffoderunt
1526 3990 1714 4045 deliine
1763 3989 1917 4056 ejus:

342 4070 632 4136 posuerunt
659 4077 776 4117 eam
810 4062 863 4115 in
903 4060 1132 4114 ruinam.
1175 4061 1279 4115 Sed
1310 4059 1576 4115 liebraiea
1603 4058 1764 4112 aliam
1796 4072 1919 4113 sen-

351 4135 574 4191 tentiam
604 4131 901 4205 prael'erunt
928 4149 943 4187 ι
971 4127 1081 4184 Iste
1107 4129 1331 4198 populus
1369 4145 1471 4183 nen
1490 4139 1606 4182 eret
1631 4127 1742 4181 illie
1770 4125 1920 4181 elim.

349 4206 523 4264 Assur
552 4202 933 4273 [undeviteam
963 4199 1220 4261 navibus:
1250 4199 1366 4265 sel,
1397 4205 1457 4253 ut
1484 4199 1596 4262 alii,
1624 4197 1820 4251 deserti
1839 4195 1925 4248 in·

351 4275 520 4338 teliu
547 4274 638 4344 qui
655 4279 931 4328 erexerunt
979 4285 1126 4324 arces
1149 4269 1320 4333 iuius,
1359 4267 1450 4324 aed
1489 4267 1772 4348 (chaldaei)
1800 4283 1926 4320 con-

355 4345 611 4409 triverunt
661 4342 867 4413 palatie
909 4339 1044 4404 illia,
1074 4347 1180 4396 etc.
1220 4337 1377 4406 Quod
1421 4338 1496 4393 ita
1529 4337 1593 4395 R.
1640 4336 1808 4392 David
1832 4351 1926 4402 ex·

429 4414 530 4468 nit.
567 4410 685 4468 Non
743 4419 829 4468 est
879 4415 1111 4476 mirum,
1148 4418 1243 4465 aut
1295 4407 1635 4475 incredibile,
1672 4405 1819 4479 quod
1859 4406 1929 4462 de

406 4483 486 4556 yri
516 4483 805 4540 eversione
851 4479 1188 4552 praedicitur.
1246 4477 1386 4534 Ecce
1433 4478 1531 4534 tibi
1576 4476 1690 4533 Bab
1729 4477 1841 4540 lon,
1874 4482 1929 4530 et

355 4553 613 4611 Chald-ea
644 4553 762 4624 ipsa
794 4566 903 4613 non
940 4551 1164 4606 eosdem
1209 4563 1426 4619 semper
1451 4548 1658 4605 incolas
1730 4547 1927 4613 abuit;

358 4623 455 4692 sed
483 4637 538 4679 et
563 4623 679 4702 ipsa
713 4619 1144 4678 vicissitudinem
1175 4629 1259 4676 est
1300 4625 1545 4690 experta,
1586 4617 1721 4674 Nam
1763 4617 1931 4688 Chal·
1967 4605 2008 4659 D

357 4688 605 4763 <litorum
665 4693 901 4776 populns
935 4690 1068 4746 olim
1109 4689 1184 4745 ibi
1227 4689 1412 4745 sedem
1440 4703 1549 4743 non
1579 4688 1770 4744 habuit
1800 4703 1813 4739 ε
1843 4685 1939 4742 sed

359 4764 571 4836 Assyrii
606 4763 877 4834 principio
902 4767 1215 4818 tenuerunt.
1250 4767 1306 4814 et
1341 4760 1397 4813 in
1427 4773 1492 4813 ea
1538 4759 1700 4814 urbes
1728 4758 1939 4814 excita·

360 4843 512 4902 runt,
545 4833 684 4900 Tum
715 4832 951 4888 Chaldaei
975 4831 1151 4902 pulsis
1178 4828 1419 4898 Assyriis
1443 4835 1806 4898 occuparunt,
1845 4824 1940 4897 qui

363 4922 396 4961 a
443 4905 660 4961 Chasad
712 4901 980 4957 Hachoris
1017 4900 1130 4953 lilio
1157 4897 1400 4961 oriundi,
1425 4897 1501 4952 ait
1533 4897 1841 4961 Kimehius,
1872 4911 1942 4950 ex

363 4990 486 5045 cap.
521 4990 634 5033 xxn
661 4972 822 5034 Gen..
858 4985 1002 5026 com.
1045 4968 1135 5022 21.
1181 4966 1305 5023 llaec
1342 4983 1408 5023 ex
1454 4967 1714 5033 Hebraeis,
1765 4981 1943 5037 quan-

364 5061 531 5114 quam
562 5045 722 5100 aliter
753 5040 906 5096 Aben
939 5037 1099 5102 Ezra,
1123 5047 1177 5093 et
1214 5053 1280 5093 ex
1308 5036 1523 5094 Latinis
1552 5038 1941 5108 Hieronymus.

365 5115 502 5171 Nam
536 5112 678 5169 Lxx
698 5111 904 5169 diversi
957 5123 1185 5180 prorsus
1223 5107 1447 5163 abeunt.
1473 5106 1551 5162 Ex
1579 5109 1647 5163 iis
1669 5105 1947 5176 colligitur

370 5186 630 5255 Assyrios
687 5185 817 5239 olim
871 5182 1114 5237 tenuisse
1152 5176 1505 5248 Babylonem.
1553 5178 1631 5232 Ac
1669 5174 1948 5231 nonnullis

370 5256 552 5328 placet
577 5251 972 5310 Sennacheribi
1001 5250 1241 5319 majores
1279 5247 1610 5318 Babylonem
1639 5245 1946 5307 invasisse;

371 5331 659 5397 propterea
680 5323 825 5394 quod
848 5321 941 5377 lib.
963 5319 1029 5374 tv
1047 5319 1122 5375 Re
1165 5359 1203 5384 .‚
1231 5333 1282 5371 e.
1304 5332 1441 5382 xvn,
1467 5317 1559 5383 et,
1581 5332 1678 5372 rex
1694 5314 1951 5386 Assyrio-

313 5448 319 5454 .
375 5406 497 5451 rum
543 5392 915 5450 Sennacherib
945 5392 1016 5447 de
1060 5335 1354 5461 Babylone,
1379 5396 1434 5442 et
1461 5387 1530 5442 de
1556 5386 1753 5451 Cutha,
1789 5393 1953 5440 caete·

376 5462 1110 5606 3:32232‘155{331¹3:¹5m³253
1114 5454 1955 5611 iisfixzttiscmfiziilsszlffii::

376 5607 508 5663 dum
563 5614 811 5668 vocatur,
880 5610 938 5658 et
980 5599 1330 5671 Babyloniam
1373 5598 1475 5654 sub
1505 5596 1729 5668 Assyria
1782 5595 1955 5651 l'uisse

377 5690 499 5733 com
540 5677 827 5731 rehensam
853 5679 1106 5726 auctores
1130 5675 1261 5725 sunt
1293 5667 1608 5739 geographi.

448 5745 497 5817 (i
544 5748 562 5818 )
616 5740 1166 5814 Ἐπωνομάσθησαν
1199 5736 1441 5804 πάντες.
1495 5736 1817 5810 Scytharum
1852 5750 1956 5791 no·

382 5816 549 5872 minis
592 5814 746 5883 origo
794 5815 864 5870 ab
912 5810 1178 5868 Hebraica
1229 5823 1363 5864 voce
1408 5815 1547 5872 mm,
1594 5814 1959 5876 cnm-puncto

380 5884 568 5950 sciitol.
604 5884 749 5949 quod
794 5893 877 5941 cst
915 5883 1206 5948 declinare,
1239 5894 1434 5935 errare.
1466 5876 1655 5935 Potest
1679 5885 1732 5934 et
1760 5882 1803 5932 'a
1841 5883 1959 5936 miv

2010 3291 2360 3355 clinaverlnt,
2401 3304 2509 3346 non
2550 3288 2709 3345 valde
2749 3289 2882 3343 mihi
2924 3290 3203 3358 probatur.
3227 3287 3416 3357 Neque
3447 3284 3600 3341 enini

2012 3378 2202 3418 verum
2251 3368 2406 3433 puto,
2468 3359 2794 3433 Scytharum
2836 3359 3059 3414 nomine
3093 3358 3309 3427 priscos
3347 3356 3470 3410 illos
3512 3355 3601 3408 in-

2014 3432 2266 3504 signitos,
2299 3433 2392 3500 qui
2494 3439 2545 3487 st
2566 3429 2829 3486 diluvium
2854 3430 3047 3483 turrim
3077 3428 3225 3482 illam
3253 3425 3598 3482 architectati

2015 3510 2163 3559 sunt.
2223 3499 2416 3572 Erymo
2441 3502 2626 3570 opicon
2662 3514 2913 3569 maenum
2960 3495 3279 3561 σκύζεσθαι,
3320 3495 3467 3567 quod
3513 3501 3604 3551 est

2015 3572 2201 3633 irasci,
2246 3580 2300 3626 et
2358 3570 2693 3640 supercilium
2722 3568 3052 3634 contrahere,
3102 3567 3256 3638 παρὰ
3300 3566 3427 3630 τούς
3457 3565 3602 3619 Σκύ-

2018 3641 2118 3705 θας
2137 3641 2479 3696 nominatum
2511 3639 2710 3695 scribit
2737 3659 2750 3693 ε
2776 3638 3033 3708 quoniam
3075 3636 3324 3692 iracundi
3358 3635 3598 3707 Scyth-«r.

2018 3712 2101 3766 An
2129 3711 2312 3836 poti‘us
2358 3710 2573 3773 Σκύθας
2601 3707 2775 3764 Graeci
2812 3709 2922 3763 ἀπὸ
2964 3705 3060 3762 τοῦ
3109 3705 3406 3772 σκύζεσθαι
3430 3704 3605 3761 dedu·

2018 3790 2217 3837 xerunt

2092 3842 2222 3918 (145
2255 3851 2364 3905 Kal
2424 3849 2542 3906 ἀπὸ
2598 3848 2743 3921 μιᾶς
2788 3851 2874 3917 είς
2934 3848 3071 3904 ὲὸδο
3113 3845 3475 3916 ηκονταδὺο.
3528 3841 3608 3898 De

2020 3922 2212 3977 eadem
2261 3922 2567 3992 linguarum
2634 3921 2989 3992 gentiumque
3097 3918 3446 3973 istributione
3493 3914 3606 3984 agit

2023 3993 2154 4046 haer.
2179 4008 2365 4055 xxxix,
2394 4007 2516 4063 quae
2546 3999 2631 4045 cst
2653 3991 3041 4046 sethianorum
3072 4007 3087 4043 ι
3116 3989 3209 4043 uhi
3248 3996 3302 4042 et
3328 4002 3478 4041 Lxxtt
3502 3985 3607 4038 lin-

2023 4078 2162 4130 guas
2190 4062 2439 4122 totidem.
2463 4070 2595 4131 quot
2635 4059 3008 4129 κεφαλαιῶται
3053 4067 3231 4120 erant,
3263 4066 3317 4111 et
3350 4067 3609 4111 auctores

2025 4131 2234 4200 stirpis.
2259 4128 2563 4184 effloruisse
2597 4128 2751 4183 dicit.
2782 4128 3045 4199 vulgatus
3073 4137 3160 4183 est
3191 4126 3279 4181 hic
3315 4127 3607 4180 matricum

2025 4201 2358 4270 linguai-uni,
2393 4198 2828 4268 populorumque
2870 4213 3159 4260 numerus,
3200 4196 3267 4251 de
3332 4212 3403 4249 uo
3428 4203 3612 4251 certa·

2028 4273 2125 4326 tim
2190 4268 2823 4339 chronologidisputant.
2904 4267 3147 4334 Quorum
3189 4267 3280 4337 qui
3322 4282 3408 4321 eni
3466 4265 3610 4320 ratio

2028 4340 2162 4409 mihi
2218 4353 2326 4394 non
2375 4344 2511 4394 satis
2557 4339 2839 4409 explorata
2881 4348 3143 4408 certaque
3193 4337 3455 4391 videtur:
3498 4349 3608 4389 non

2030 4410 2194 4465 modo
2217 4410 2361 4481 quod
2385 4407 2559 4464 Graeci
2598 4409 2819 4463 codices
2865 4423 2895 4463 a
2930 4406 3145 4462 Latinis
3177 4415 3229 4462 et
3278 4405 3528 4462 Hebraeis
3552 4406 3610 4459 in

2032 4496 2262 4537 numero
2297 4479 2571 4537 dissident
2606 4498 2619 4534 ε
2653 4479 2748 4534 sed
2784 4476 3135 4547 etiam,quod
3166 4478 3409 4547 plerique
3446 4491 3615 4543 κεφα-

2034 4551 2264 4606 λαιῶται
2319 4566 2445 4606 cum
2503 4549 2736 4620 posteris
2774 4548 2913 4611 suis,
2962 4562 3027 4602 ac
3073 4548 3199 4602 liliis
3226 4547 3279 4600 in
3321 4560 3612 4601 numerum

2041 4629 2357 4690 censentur.
2394 4619 2514 4676 Non
2538 4629 2625 4676 est
2667 4628 2851 4675 autem
2877 4619 3158 4681 credibile,
3192 4615 3517 4672 distinctum
3544 4614 3615 4673 ah

2042 4692 2112 4748 iis
2145 4708 2215 4762 po
2256 4693 2406 4748 ulum
2480 4704 2545 4744 ac
2586 4690 2829 4761 linguam
2876 4690 3001 4744 illos
3050 4686 3423 4743 constituisse.
3452 4684 3616 4740 Certe

2039 4763 2186 4818 enim
2269 4762 2400 4817 eber
2438 4776 2468 4815 a
2514 4758 2714 4831 Phaleg
2745 4760 2928 4842 lingua
2951 4758 3202 4813 diversus
3232 4772 3340 4811 non
3374 4754 3515 4819 l'uit;
3556 4762 3616 4808 ut

2041 4833 2207 4897 etiam
2284 4831 2625 4903 Augustinus
2689 4831 2985 4885 existimat.
3053 4825 3255 4882 Deinde
3317 4824 3615 4881 Chananaei

2042 4915 2235 4956 omnes
2269 4903 2454 4973 populi
2489 4900 2690 4955 idioma
2713 4913 3006 4955 commune
3029 4898 3207 4953 sortiti
3242 4903 3388 4952 sunt.
3427 4894 3618 4964 ltaque

2047 4972 2192 5037 labat
2219 4972 2310 5029 illa
2358 4985 2507 5025 cxxii
2539 4962 2848 5041 linguarum
2878 4968 3122 5039 partitio.
3164 4966 3271 5022 Sed
3318 4981 3418 5020 nec
3458 4967 3513 5018 in
3551 4981 3619 5019 eo

2044 5041 2297 5097 laborare
2318 5039 2614 5108 admodum
2640 5052 2867 5095 necesse
2906 5049 3009 5103 est,
3039 5046 3098 5092 ut
3131 5038 3357 5093 totidem
3389 5034 3499 5088 illis
3521 5049 3619 5087 na·

2046 5111 2292 5166 tionibus
2329 5111 2667 5177 ‹loinieilium
2724 5109 2923 5179 cuique
2974 5123 3173 5171 suum.
3212 5122 3279 5164 ac
3338 5105 3618 5174 regionem

2048 5181 2413 5252 assignemus.
2465 5178 2523 5234 ln
2580 5193 2689 5251 quo
2720 5178 2874 5233 multi
2907 5178 3187 5233 nominum
3233 5173 3625 5236 similitudines

2050 5251 2216 5308 nimis
2245 5250 2536 5305 atribitiose
2570 5257 2980 5316 consectantur.
3014 5245 3112 5305 Est
3134 5248 3279 5302 enim
3308 5243 3622 5306 verisimile,

2050 5323 2343 5392 plerosque
2373 5319 2574 5376 linibus
2613 5319 2703 5386 iis,
2730 5334 2870 5389 quos
2891 5333 3026 5374 occu
3068 5330 3249 5381 arant,
3290 5316 3520 5378 relictis,
3558 5327 3624 5366 ac

2052 5390 2296 5458 sedibus,
2333 5391 2441 5446 alio
2486 5405 2610 5446 sese
2667 5390 2991 5444 contulisse.
3083 5403 3171 5441 am
3216 5384 3363 5459 quod
3406 5384 3625 5455 Moyses

2053 5472 2273 5527 narrat,
2308 5461 2378 5515 ab
2411 5461 2480 5517 iis
2512 5466 2839 5533 propagatas
2861 5473 2985 5514 esse
3013 5459 3265 5513 nationes
3280 5470 3493 5517 omnes,
3513 5469 3624 5507 non

2055 5533 2136 5586 sic
2164 5532 2543 5604 accipiendum
2576 5538 2681 5592 est.
2729 5537 2789 5584 ut
2820 5541 2917 5584 eas
2947 5543 3045 5598 per
3087 5542 3208 5584 sese
3241 5527 3498 5597 primum.
3532 5523 3628 5577 καὶ

2057 5602 2301 5673 αμέσως.
2353 5603 2605 5670 regiones
2628 5597 2947 5663 insederint,
2996 5606 3159 5668 atque
3191 5597 3243 5651 in
3275 5609 3464 5651 earum
3498 5608 3629 5664 pos-

2058 5672 2361 5729 sessionem
2393 5669 2584 5742 pedem
2638 5668 2742 5739 ipsi
2780 5666 3085 5739 posuerint,
3116 5666 3210 5722 sed
3244 5674 3304 5720 ut
3336 5680 3401 5721 eo
3430 5665 3624 5719 saltem

2058 5742 2275 5798 illorum
2306 5741 2506 5814 posteri
2534 5728 2970 5810 commigrarinti
2991 5733 3193 5793 Verum
3217 5736 3332 5791 haec
3356 5735 3631 5791 discutere

2060 5811 2326 5884 longioris
2353 5819 2408 5870 et
2438 5823 2639 5883 operte,
2670 5814 2725 5865 et
2754 5807 2981 5865 alterius
3020 5806 3257 5863 instituti
3280 5804 3465 5862 suerit.
