3850 6517
435 491 541 550 527

1837 484 1893 539 S.
1937 484 2275 540 Entt‘llANtt

3606 482 3724 540 528

436 605 669 666 ridicula
695 622 709 671 ;
740 620 862 675 quae
885 600 1138 673 quisquis
1170 599 1437 655 divinitus
1453 599 1802 669 prudentiam
1830 610 2028 655 nactus
2061 608 2097 661 Α
2133 601 2246 671 ρὸς,
2283 601 2375 653 καὶ
2422 601 2667 670 ἠττὰτησε
2719 602 2819 672 τὴν
2866 600 3030 654 Εὔαν.
3082 600 3213 653 Ἀπὸ
3246 599 3340 653 τοῦ
3385 597 3558 651 τύπου
3605 601 3726 668 γὰρ

437 702 511 755 sit
565 699 718 754 nullo
771 696 989 764 negotio
1035 692 1339 764 pervideat.
1404 691 1686 762 Siquidem
1728 694 2024 764 voluptatis

439 789 612 860 gratia
674 801 798 841 cunt
837 785 1085 854 seipsoS‚
1133 789 1247 837 tum
1290 798 1431 854 quos
1475 782 1678 837 liabent
1722 793 2024 838 sectatores

442 877 817 949 perdiderunt,
861 875 1208 946 perduutque
1232 873 1497 945 quotidie.
1533 872 1596 927 Et
1617 872 1837 944 quidem
1865 888 2026 928 rrrou

444 969 520 1024 ris
553 969 644 1024 ille
678 968 908 1038 spiritus
943 965 1166 1037 quidam
1190 966 1337 1021 velut
1363 966 1415 1019 in
1446 967 1576 1019 tibia
1603 964 1764 1020 ssatus
1790 973 1898 1028 est,
1929 966 2022 1035 qui

439 1073 891 1130 unumquemque
914 1059 1289 1128 insipientium
1309 1057 1592 1112 hominurn
1633 1057 1868 1112 diversis
1893 1073 2028 1111 con-

443 1162 529 1207 tra
560 1153 847 1208 veritatem
891 1151 1266 1222 agnitionibus
1297 1158 1627 1205 commovet.
1677 1149 1856 1222 Atque
1887 1153 2024 1208 adeo

443 1248 579 1304 tibia
616 1245 889 1317 serpentis
927 1243 1154 1314 liguram
1189 1243 1392 1298 imitari
1430 1243 1676 1309 videtur,
1719 1258 1818 1312 per
1861 1258 2023 1314 quem

444 1340 624 1392 malus
657 1336 872 1391 daemon
902 1335 1123 1390 loeutus
1145 1342 1250 1398 est,
1275 1342 1440 1403 atque
1473 1331 1636 1387 Evam
1668 1332 1905 1403 decepit.
1943 1334 2023 1388 Ad

444 1425 607 1495 cujus
636 1424 919 1494 exemplar
972 1437 1234 1494 expressa
1260 1460 1276 1485 ‚
1309 1430 1364 1477 et
1410 1423 1477 1476 ad
1520 1421 1819 1477 humanum
1852 1438 2025 1492 genus

443 1514 778 1570 illudendum
801 1513 1051 1570 conlecta
1079 1513 1211 1567 tibia
1237 1523 1342 1568 est.
1373 1511 1454 1567 Tu
1478 1528 1608 1567 vero
1631 1521 1688 1569 et
1715 1515 1864 1568 illam
1893 1515 2027 1570 milii

445 1606 675 1678 effigiem
713 1607 958 1671 intuere,
990 1619 1154 1673 quam
1188 1605 1281 1674 qui
1326 1604 1457 1659 tibia
1499 1604 1648 1660 canit
1693 1605 1749 1659 in
1785 1620 1906 1661 sese
1941 1620 2024 1660 re·

2128 690 2340 744 ἐκείνου
2376 689 2518 743 κατὰ
2566 691 2796 760 μίμησιν
2845 692 2873 743 ό
2922 689 3082 754 αὐλὸς
3129 691 3239 752 τοῖς
3285 684 3601 759 ἀνθρώποις
3639 688 3728 751 εἰς

2131 784 2346 853 ἀπάτην
2381 781 2812 851 κατεσκευάσθη.
2853 782 2965 835 Καὶ
2987 782 3087 853 ὅρα
3119 781 3209 834 τὸν
3240 779 3429 844 τύπον,
3460 778 3523 832 ὃν
3553 778 3730 844 αὐτὸς

2129 878 2158 928 ό
2191 875 2370 930 αὐλῶν
2404 878 2462 929 ἐν
2496 874 2573 944 τῷ
2620 872 2765 943 αὐλῷ
2799 875 3051 927 ποιεῖται.
3081 872 3266 925 Λύλῶν
3299 871 3406 944 γὰρ
3443 871 3559 925 ἄνω
3586 872 3726 924 ἀνα-

2128 967 2297 1031 νεύει,
2353 967 2449 1021 καὶ
2497 966 2650 1020 κάτω
2705 965 3030 1020 κατανεύει·
3073 963 3222 1029 δεξιά
3273 981 3335 1017 τε
3389 962 3567 1017 κλίνει
3626 963 3730 1017 καὶ

2132 1058 2388 1131 εὐώνυμα
2416 1059 2617 1130 ὁμοίως
2644 1058 2858 1129 ἐκείνῳ.
2894 1056 3117 1120 Τούτοις
3148 1057 3257 1128 γὰρ
3291 1055 3383 1109 καὶ
3414 1057 3443 1108 ό
3466 1053 3729 1119 διάὸολος

2130 1155 2246 1218 τοῖς
2291 1153 2534 1223 σχήμασι
2575 1151 2859 1221 κέχρηται,
2910 1150 2998 1204 ἵνα
3040 1148 3182 1204 κατὰ
3231 1147 3339 1200 τῶν
3373 1146 3727 1217 ἐπουρανίων

2129 1238 2431 1311 ἐνδείξηται
2456 1239 2554 1310 τὴν
2584 1238 2947 1310 βλασφημίαν,
2978 1238 3071 1291 καὶ
3093 1237 3160 1291 τά
3193 1238 3287 1290 ἐπὶ
3312 1234 3410 1307 τῆς
3438 1235 3545 1305 γῆς
3579 1237 3729 1304 ἀφα-

2134 1329 2312 1402 νισμῷ
2353 1330 2615 1402 ἀφανίσῃ,
2651 1331 2745 1385 καὶ
2780 1329 2916 1399 ὁμοῦ
2972 1328 3354 1401 συμπεριλάὸῃ
3393 1328 3491 1399 τὴν
3537 1329 3728 1382 οἰκου-

2137 1422 2325 1493 μένην,
2357 1420 2506 1488 δεξιά
2544 1439 2605 1475 τε
2646 1424 2740 1476 καὶ
2770 1422 3025 1494 εὐώνυμα
3062 1419 3457 1491 λυμαινόμενος
3490 1419 3625 1483 τοὺς
3652 1422 3726 1491 τῇ

2135 1513 2311 1589 πλάνῃ
2346 1514 2699 1587 πειθομένους
2746 1531 2806 1567 τε
2850 1514 2943 1567 καὶ
2989 1512 3367 1582 θελγομένους,
3404 1509 3603 1582 ὥσπερ
3633 1510 3728 1566 διὰ

2133 1607 2397 1679 μουσικοῦ
2450 1609 2703 1680 ὀργάνου,
2757 1611 2877 1672 ταῖς
2939 1609 3143 1677 φωναῖς
3207 1608 3330 1668 ταῖς
3362 1604 3727 1676 πεπλανημε·

447 1706 758 1768 praeseutat.
810 1696 909 1751 liic
956 1698 1101 1751 enim
1153 1710 1374 1751 sursum
1420 1694 1612 1759 faciem
1660 1694 1904 1761 attollit,
1953 1704 2017 1751 a'c
2121 1716 2259 1764 ναις.

444 1795 705 1848 deorsum
741 1790 996 1852 demittit,
1042 1796 1156 1844 tum
1192 1787 1260 1843 ad
1317 1788 1511 1843 dextra
1549 1786 1886 1857 sinistraque
1933 1788 2164 1859 perinde
2224 1799 2284 1847 ut
2346 1791 2437 1847 ille
2469 1791 2667 1862 vergit.
2732 1791 2947 1861 Quippe
2986 1789 3240 1845 diabolus
3286 1787 3423 1844 iisce
3466 1787 3724 1860 gestibus

448 1886 644 1950 utitur,
672 1890 731 1937 ut
762 1881 1151 1937 contumeliam
1182 1879 1241 1934 in
1267 1894 1496 1949 superos
1530 1887 1787 1946 ostentet,
1818 1887 1873 1935 et
1899 1896 2025 1950 quae
2054 1883 2108 1936 iu
2159 1889 2306 1938 terra
2336 1890 2466 1938 sunt
2501 1883 2746 1939 funditus
2783 1890 3023 1945 evertat,
3085 1889 3371 1952 totumque
3415 1880 3559 1936 adeo
3613 1892 3725 1937 ter-

447 1992 634 2032 rarum
668 1975 858 2031 orbem
908 1972 1100 2028 codem
1142 1973 1312 2050 exitio
1364 1971 1834 2042 comprehendat,
1894 1972 2026 2027 dum
2064 1975 2257 2030 dextra
2285 1977 2492 2046 pariter
2515 1992 2578 2032 ac
2608 1976 2832 2033 sinistra
2879 1974 3176 2046 perniciem
3211 1975 3279 2030 iis
3306 1974 3465 2029 affert
3518 1974 3622 2044 qui
3667 1973 3724 2028 iu

445 2073 568 2142 ejus
601 2086 657 2126 se
720 2067 965 2124 fraudem
1021 2067 1406 2133 committunt,
1437 2080 1501 2122 ac
1543 2066 1624 2124 sic
1667 2074 1931 2139 tanquam
1963 2069 2179 2126 musico
2229 2070 2599 2128 instrumento
2660 2073 2773 2143 80
2821 2070 3188 2128 fraudulentis
3237 2070 3386 2128 illius
3444 2070 3725 2128 sermoni-

450 2165 552 2220 bus
582 2161 912 2217 alliciuntur.

523 2258 584 2314 V.
614 2260 756 2313 Sunt
789 2266 843 2312 et
876 2254 969 2310 atii
1003 2253 1227 2325 quidam
1275 2267 1341 2309 ex
1391 2253 1772 2309 haereticorum
1814 2253 2032 2309 illorum
2067 2259 2109 2317 Β
2207 2255 2283 2312 E'.
2317 2254 2499 2310 Ἀλλοι
2543 2254 2599 2309 δέ
2649 2273 2791 2321 τινες
2834 2254 2894 2320 ἐξ
2927 2255 3110 2310 αὐτῶν
3141 2255 3275 2310 κενά
3320 2273 3443 2310 τινα
3474 2256 3723 2329 ὀνόματα

449 2369 636 2425 grege,
665 2352 759 2423 qui
804 2351 988 2406 inania
1022 2350 1272 2420 quaedam
1303 2348 1527 2404 nomina
1554 2351 1904 2421 contingunt,
1933 2351 2035 2405 ita·

449 2461 557 2516 que
577 2444 801 2499 dicunt:
826 2440 986 2496 {uitio
1008 2440 1287 2503 tenebras.
1311 2454 1378 2494 ac
1399 2439 1739 2510 voraginem,
1763 2450 1819 2494 et
1835 2455 2035 2510 aquam

450 2537 626 2592 fuisse
652 2552 667 2590 z
698 2549 820 2604 quae
844 2548 872 2587 a
896 2533 1217 2588 seinvicem
1241 2531 1469 2601 spiritus
1485 2531 1803 2587 secreverit.
1832 2530 2035 2587 Verum

448 2630 690 2684 tenebrae
733 2635 926 2682 contra
961 2624 1213 2696 spiritum
1264 2622 1550 2678 iracundia
1581 2639 1645 2678 ac
1689 2622 1877 2680 l'urore
1909 2638 2037 2695 per·

449 2721 575 2777 citae
621 2732 846 2777 sursum
879 2725 1240 2772 excurrentes
1283 2729 1408 2769 cum
1438 2729 1506 2770 eo
1543 2729 1854 2786 congressae
1882 2726 2032 2772 sunt.

451 2810 582 2867 lude
612 2810 811 2864 matrix
843 2807 1034 2865 nescio
1080 2821 1206 2878 quae
1249 2807 1433 2879 genita
1470 2807 1697 2892 prodijt,
1732 2822 1855 2878 quae
1883 2807 2038 2878 ejus-

450 2901 578 2957 dem
605 2899 837 2970 spiritus
857 2896 1319 2954 consuetudinem
1338 2896 1586 2967 appetiit.
1612 2896 1692 2951 Ex
1711 2912 1886 2968 eaque
1904 2912 2036 2970 qua·

444 2999 581 3046 tuor
609 2989 818 3046 AEones
841 2988 1097 3061 producti
1110 2985 1360 3057 sunt.‚Ab
1380 2987 1466 3042 his
1493 3002 1584 3041 nv
1603 2987 1695 3042 alii
1722 2989 2024 3059 procreati.

450 3081 585 3137 ltem
616 3080 810 3136 dextra
831 3119 848 3145 ‚
878 3079 1233 3149 sinistraque,
1296 3092 1513 3133 necnon
1549 3078 1734 3134 lumen
1785 3093 1850 3134 ac
1888 3086 2037 3135 tene·

406 3155 409 3158 ¹
449 3172 583 3227 ltrae.
615 3169 928 3226 Securnlum
947 3169 1048 3226 hos
1064 3183 1257 3225 omnes
1275 3177 1488 3241 turpem
1511 3168 1800 3240 quemdam
1823 3185 2033 3226 aeonem

450 3261 656 3316 editum
687 3264 941 3323 narrant.
970 3272 1207 3328 eumque
1237 3273 1364 3313 cum
1394 3273 1482 3322 ea.
1513 3272 1680 3329 quarn
1712 3261 1878 3330 paulo
1905 3266 2035 3316 ante

450 3351 716 3418 diximus,
745 3349 975 3405 matrice
1004 3349 1202 3405 coiisse
1237 3366 1252 3402 z
1283 3358 1334 3402 et
1364 3349 1434 3403 ab
1462 3361 1697 3419 utroque
1717 3348 1853 3404 deos
1871 3357 2035 3420 atque

448 3443 700 3515 angelos.
723 3449 780 3497 et
803 3441 1107 3522 daemones,
1139 3455 1205 3496 ac
1236 3448 1444 3510 septem
1468 3440 1700 3510 spiritus
1723 3447 1906 3496 ortum
1931 3441 2032 3495 ha-

452 3534 665 3590 buisse.
699 3533 805 3590 Sed
833 3532 1159 3590 bisti-ionica
1194 3532 1286 3588 illa
1330 3532 1588 3604 figmenta
1622 3533 1775 3589 nullo
1810 3534 2032 3606 negotio

452 3624 784 3696 deteguntur
814 3643 828 3679 ι
858 3637 983 3678 nam
1039 3639 1164 3679 eum
1218 3639 1389 3679 unum
1422 3623 1583 3680 initio
1634 3623 1854 3681 Patrem
1909 3625 2036 3682 nen-

453 3716 629 3783 niant‚
657 3714 892 3771 subinde
927 3714 1114 3786 plures
1137 3713 1271 3770 deos
1291 3715 1615 3782 ostendunt,
1647 3723 1708 3771 ut
1739 3717 2037 3788 ipsummet

450 3821 698 3864 errorem
734 3821 833 3864 sua
865 3814 1058 3863 contra
1101 3811 1177 3863 se'
1205 3808 1611 3878 quodammodo
1649 3824 1865 3866 armare
1892 3825 2039 3867 men-

454 3898 609 3954 dacia
640 3906 1097 3965 commonstrent,
1124 3913 1188 3954 ac
1217 3899 1461 3970 seipsum
1492 3909 1774 3970 evertere3
1801 3915 1926 3955 cum
1962 3901 2041 3956 in·

451 3991 614 4048 terim
641 3991 789 4046 omni
821 4006 887 4046 ex
915 3999 1070 4063 parte
1110 3992 1402 4063 perspicua
1433 3992 1640 4049 veritas
1675 3999 1963 4064 appareat.

525 4275 615 4330 vt.
640 4274 781 4343 Quid
816 4284 902 4331 est
929 4274 1115 4347 igitur,
1150 4276 1403 4342 Nicolae,
1432 4278 1528 4334 tibi
1551 4280 1695 4349 quod
1723 4283 2040 4351 opponam?

455 4365 716 4436 quidnam
743 4367 1073 4437 disputabo?
1101 4368 1259 4425 Unde
1303 4369 1462 4426 nobis
1506 4378 1725 4441 turpem
1754 4372 1906 4428 illum
1944 4388 2039 4429 ne·

456 4455 575 4510 sc‘io
604 4470 766 4525 quem
801 4471 1031 4522 monem,
1060 4472 1125 4513 ac
1170 4458 1429 4530 nequitiae
1458 4460 1700 4518 radicem
1722 4504 1737 4525 ‚
1763 4472 1817 4519 et
1846 4461 2039 4520 secun·

456 4544 584 4600 dam
611 4545 757 4600 illam
783 4547 1062 4603 matricem
1096 4563 1159 4604 ac
1183 4549 1422 4620 denique
1457 4552 1645 4623 plures
1677 4552 1809 4611 deos
1838 4570 1903 4612 ac
1927 4557 2039 4612 dae-

456 4650 650 4692 mones
677 4634 1078 4692 inveliis‘lNam
1094 4639 1241 4709 quod
1265 4639 1334 4694 ad
1355 4640 1676 4712 Apostolum
1693 4644 1886 4703 attinet
1907 4661 2035 4703 cum

457 4725 527 4782 iis
550 4725 736 4782 verbis
778 4727 956 4782 utitur
993 4728 1010 4760 ⁸
1046 4747 1061 4785 ι
1098 4728 1161 4784 δι’
1183 4739 1304 4785 sunt
1333 4732 1424 4803 qui
1451 4734 1788 4804 appellantur
1813 4737 1910 4802 dii,
1940 4752 2037 4798 eoa

455 4833 729 4889 nusquam
744 4833 872 4876 esse
890 4819 1184 4891 significat.
1209 4820 1345 4879 Cum
1371 4824 1538 4885 enim.
1561 4828 1657 4898 qui
1678 4829 2031 4901 appellantur,

2140 2347 2560 2410 ἀναπλάττουσι,
2592 2346 2860 2416 λέγοντες,
2884 2347 2966 2401 ὅτι
2982 2347 3184 2409 Σκότος
3210 2341 3280 2418 ἦν
3308 2347 3403 2402 καὶ
3429 2346 3598 2418 βυθὸς
3631 2351 3727 2406 καὶ

2139 2439 2311 2511 ὕδωρ·
2362 2438 2424 2492 τὸ
2454 2438 2520 2492 δὲ
2568 2437 2784 2509 πνεῦμα
2831 2437 2934 2492 ἀνά
2979 2438 3142 2509 μέσον
3186 2438 3391 2492 τούτων
3436 2439 3728 2513 διορισμὸν

2136 2529 2431 2602 ἐποιήσατο
2466 2529 2666 2584 αὐτῶν.
2694 2527 2769 2583 Τὸ
2787 2528 2847 2583 δὲ
2873 2528 3062 2593 σκότος
3094 2525 3163 2601 ἦν
3184 2529 3507 2600 χαλεπαϊνόν
3528 2547 3588 2584 τε
3625 2533 3729 2587 καὶ

2137 2621 2396 2691 ὲγκοτοῦν
2426 2621 2505 2692 τῷ
2543 2620 2851 2693 πνεύματι·
2879 2620 3017 2692 ὅπερ
3048 2624 3238 2686 σκότος
3274 2623 3586 2696 ἀναδραμὸν
3622 2642 3729 2680 πε·

2141 2712 2406 2785 ριεπλάκη
2430 2712 2506 2784 τῷ
2528 2712 2819 2785 πνεύματι.
2843 2714 2954 2768 Καὶ
2980 2713 3260 2786 ἐγέννησε,
3283 2715 3435 2785 φησὶ,
3457 2715 3580 2769 τινὰ
3606 2716 3723 2788 μή·

2135 2822 2272 2878 τραν
2319 2804 2681 2878 καλουμένην,
2733 2806 2856 2876 ἣτις
2901 2804 3226 2878 γεννηθεϊσα
3268 2807 3609 2876 ὲνεκίσσησεν
3649 2809 3717 2859 ἐν

2136 2895 2288 2967 αὐτῷ
2315 2896 2395 2968 τῷ
2425 2894 2718 2966 πνεύματι.
2761 2897 2859 2950 Ἐκ
2886 2895 2943 2949 δὲ
2973 2896 3076 2967 τῆς
3118 2898 3334 2969 μήτρας
3370 2895 3707 2973 προεὸλήθη-

2138 2988 2238 3042 σάν
2276 3005 2423 3052 τινες
2476 2987 2740 3058 τέσσαρες
2783 2985 3023 3052 Αίῶνες·
3059 2988 3125 3042 ἐκ
3170 2988 3229 3043 δὲ
3275 2991 3392 3047 τῶν
3435 2987 3719 3060 τεσσάρων

2135 3076 2356 3133 Αίώνων
2382 3077 2530 3132 ἄλλοι
2553 3077 2972 3150 δεκατέσσαρες,
3005 3079 3101 3134 καὶ
3130 3079 3319 3148 γέγονε
3360 3078 3514 3145 δεξιά
3535 3094 3599 3132 τε
3625 3077 3727 3134 καὶ

2136 3169 2425 3242 ἀριστερά,
2456 3169 2573 3241 φῶς
2601 3169 2697 3224 καὶ
2738 3171 2949 3236 σκότος.
3007 3170 3266 3240 Ὕστερον
3296 3169 3352 3222 δὲ
3383 3165 3530 3238 μετὰ
3570 3171 3727 3227 πᾶν·

2132 3280 2234 3328 τας
2263 3263 2484 3328 τούτους
2510 3263 2913 3336 προδεόλῆσθαί
2936 3280 3054 3331 τινα
3073 3260 3293 3335 αἰσχρὸν
3318 3260 3513 3326 ι’ίῶνα,
3542 3265 3726 3335 μεμί-

2134 3355 2263 3427 χθαι
2319 3355 2377 3410 δὲ
2404 3355 2595 3410 τοῦτον
2629 3358 2698 3427 τῇ
2740 3357 2924 3429 μήτρᾳ
2964 3357 3029 3426 τῇ
3061 3355 3172 3410 ἀνω
3214 3351 3726 3432 προδεδηλωμένῃ·

2139 3446 2237 3501 καὶ
2265 3446 2330 3499 ὲκ
2357 3444 2550 3500 τούτου
2589 3443 2685 3499 τοῦ
2730 3445 2927 3510 αἰῶνος
2963 3445 3057 3501 τοῦ
3098 3443 3325 3516 αἰσχροῦ
3356 3443 3453 3499 καὶ
3476 3444 3582 3514 τῆς
3613 3447 3727 3520 μή-

2135 3554 2271 3609 τρας
2296 3536 2581 3607 γεγονέναι
2622 3535 2779 3600 θεούς
2800 3553 2862 3591 τε
2887 3537 2985 3593 καὶ
3009 3537 3138 3603 τοὺς
3179 3539 3241 3606 ἀγ
3254 3536 3446 3607 γέλους
3469 3537 3566 3592 καὶ
3599 3537 3724 3594 δαί·
3788 3565 3799 3577 ·

2140 3647 2329 3702 μονας,
2364 3632 2458 3685 καὶ
2488 3629 2629 3684 ὲπτά
2652 3630 2961 3702 πνεύματα.
2991 3630 3220 3703 Φωρατὴ
3251 3630 3310 3684 δὲ
3336 3629 3545 3688 τούτων
3564 3632 3599 3705 ὴ
3618 3631 3727 3704 τῆς

2139 3721 2348 3794 πλάνης
2385 3722 2694 3794 μιμολογία.
2739 3721 2861 3777 Ἀπ’
2895 3719 3073 3796 ἀρχῆς
3104 3721 3215 3796 γὰρ
3243 3723 3342 3779 ἕνα
3373 3723 3597 3798 Πατέρα
3636 3723 3727 3779 λέ-

2137 3830 2326 3883 γοντες
2356 3817 2453 3869 καὶ
2487 3808 2815 3887 ὁριζόμενοι,
2851 3814 3075 3888 ὕστερον
3113 3815 3341 3881 πολλοὺς
3393 3815 3548 3882 θεοὺς
3582 3817 3725 3871 ὑπέ-

2139 3924 2336 3978 φηναν,
2361 3907 2442 3972 είς
2486 3907 2547 3962 τὸ
2570 3907 2740 3975 δεῖξαι
2780 3908 2950 3980 αὐτὴν
2980 3907 3078 3980 τὴν
3114 3907 3322 3980 πλάνην
3366 3907 3485 3963 καθ’
3514 3908 3724 3980 ἑαυτῆς

2137 3995 2346 4051 τά’ὐπ’
2374 3998 2543 4068 αὐτῆς
2588 3997 2761 4068 ψευδῆ
2807 3997 3078 4069 λεγόμενα
3116 3996 3378 4063 ὁπλίζειν,
3420 3997 3621 4068 ἑαυτὴν
3663 3997 3726 4053 δὲ

2138 4087 2306 4153 λύειν,
2334 4090 2437 4161 τῆς
2462 4090 2721 4161 ἀληθείας
2761 4091 2849 4146 ἀεὶ
2886 4094 2950 4146 ἐκ
2980 4091 3179 4157 παντὸς
3221 4091 3421 4164 μέρους
3463 4090 3726 4163 εὑρισκο-

2143 4181 2310 4252 μένης

2212 4276 2303 4343 (ζ’.
2335 4276 2400 4329 Τί
2429 4277 2605 4331 τοίνυν
2650 4280 2791 4333 εἴπω
2818 4283 2953 4352 πρὸς
2997 4275 3080 4343 σέ,
3106 4277 3152 4332 ὧ
3182 4276 3450 4342 Νικόλαες
3494 4280 3553 4331 τί
3609 4281 3723 4333 δια·

2138 4364 2502 4437 λεχθήσομαις
2546 4356 2739 4432 Πόθεν,
2768 4361 2819 4422 ὧ
2847 4364 3022 4434 οὗτος,
3053 4369 3210 4439 ἥκεις
3242 4367 3423 4439 φέρων
3453 4368 3589 4438 ἡμῖν
3629 4370 3722 4422 αἰ·

2140 4455 2303 4528 σχρὸν
2331 4457 2523 4522 αἰῶνα,
2550 4457 2643 4511 καὶ
2667 4458 2822 4530 ῥίζαν
2846 4459 3130 4533 πονηρίας,
3161 4461 3255 4515 καὶ
3291 4460 3505 4532 μήτραν
3525 4475 3723 4532 γεννη-

2136 4550 2318 4622 τικὴν,
2363 4550 2458 4604 καὶ
2513 4551 2669 4615 θεοὺς
2722 4552 2968 4618 πολλοὺς,
3025 4551 3122 4608 καὶ
3170 4553 3464 4625 δαίμονας;
3505 4552 3568 4607 ’0
3606 4552 3722 4625 γὰρ

2151 4641 2490 4709 ’Δτοόστολος,
2543 4643 2723 4715 φήσας
2744 4657 2758 4673 ·
2794 4644 2982 4714 Εἶπερ
3022 4642 3142 4699 cto-t
3196 4643 3509 4712 λεγόμενοι
3566 4641 3716 4708 ooet,

2134 4733 2237 4787 οὐκ
2271 4731 2407 4789 εἶναι
2436 4733 2659 4798 τούτους
2690 4735 2996 4804 ὑποφαίνει.
3032 4736 3121 4791 Ἐν
3146 4735 3226 4807 τῷ
3253 4735 3364 4810 γὰρ
3396 4737 3596 4798 εἰπεῖν,
3616 4738 3720 4791 λε-

2136 4828 2405 4896 γόμενοι,
2438 4824 2634 4890 ἔδειξεν
2662 4827 2860 4890 αὐτοὺς
2885 4829 2945 4881 ἐν
2972 4826 3050 4899 τῷ
3081 4827 3334 4896 λέγεσθαι
3359 4826 3516 4898 μόνον
3550 4823 3716 4891 εἶναι,

453 4907 611 4973 dicit,
643 4908 760 4965 sola
797 4909 921 4965 illos
967 4912 1333 4981 appellatione
1365 4925 1657 4985 constare,
1699 4935 1821 4976 cum
1850 4924 2034 4994 reipsa
2066 4929 2110 4984 D
2139 4915 2215 4988 μὴ
2238 4915 2397 4981 ὄντας
2437 4919 2502 4988 τῇ
2536 4918 2846 4983 ὑποστάσει.
2876 4918 3009 4973 ἀλλὰ
3053 4918 3142 4972 διὰ
3182 4918 3283 4989 τῆς
3324 4919 3486 4973 τινῶν
3514 4919 3719 4990 0⁷00&ss-

456 5001 683 5056 tuinime
727 4999 1067 5068 subsistant,
1108 5018 1212 5058 nec
1256 5005 1416 5062 aliter
1465 5024 1630 5080 quam
1673 5017 2036 5083 quorumdam

455 5091 714 5162 opinione
743 5091 953 5147 docuit.
990 5090 1160 5148 Nobis
1185 5111 1304 5151 vero
1345 5097 1509 5164 Deua,
1546 5101 1744 5174 inquit,
1773 5120 1909 5160 unus
1935 5116 2036 5173 eat,

456 5184 638 5250 nobis,
676 5183 920 5256 inquam,
952 5185 1046 5256 qui
1077 5189 1327 5246 veritatis
1350 5206 1545 5249 sumus
1564 5197 1882 5266 cognitione
1903 5214 2037 5270 prze-

453 5274 577 5329 dixi.
632 5272 745 5329 Nec
793 5276 887 5346 qui
917 5275 1282 5346 appellaretur
1300 5319 1315 5342 ,
1372 5281 1467 5336 sed
1521 5284 1614 5353 qui
1653 5300 1840 5343 revera
1887 5295 2035 5346 esset

455 5358 623 5426 Deus,
648 5361 918 5432 adjunxit.
945 5363 1101 5430 Quod
1127 5365 1174 5422 si
1208 5383 1355 5425 unus
1379 5370 1538 5428 nobis
1565 5381 1652 5429 est
1686 5375 1828 5432 Deus
1848 5417 1863 5440 ,
1906 5378 2027 5449 plu-

454 5467 544 5508 res
571 5454 797 5510 omnino
822 5470 947 5512 esse
977 5472 1085 5513 non
1115 5470 1367 5529 possunt.
1397 5461 1623 5520 Accedit
1650 5475 1706 5521 et
1734 5468 1941 5526 Christi
1970 5472 2025 5527 in

453 5540 745 5613 Evangelio
769 5544 977 5600 dictum
1009 5547 1144 5602 illud
1172 5565 1186 5601 t
1222 5549 1293 5604 Ut
1325 5565 1637 5623 cognoscam
1665 5567 1714 5612 te
1734 5560 1906 5615 solum
1941 5578 2026 5617 re·

451 5648 570 5687 rum
603 5631 768 5687 Deum
797 5635 838 5688 ².
872 5633 992 5701 Quo
1025 5637 1332 5696 istiusmodi
1369 5642 1648 5704 hominum
1671 5690 1687 5716 ‚
1729 5652 1822 5723 qui
1870 5652 2025 5712 lictas

451 5721 688 5793 fabulas,
719 5740 786 5782 ac
805 5727 1164 5800 multiplicem
1181 5730 1525 5794 divinitatem
1548 5746 1842 5800 commenti
1868 5756 2017 5813 sunt,

528 5879 542 5911 ¹
578 5876 751 5938 1Cor.
785 5895 903 5951 viu,
938 5882 995 5938 5.
1073 5885 1093 5917 2
1118 5881 1275 5942 Joau.
1317 5905 1447 5949 xvu.
1482 5892 1532 5950 3.

2135 5009 2303 5078 ψεως.
2344 5011 2518 5081 Ἡμῖν
2553 5010 2642 5078 δὲ,
2667 5014 2853 5086 φησὶν,
2882 5009 2971 5080 εἷς
2996 5013 3161 5079 Θεὸς.
3190 5012 3434 5082 δηλονότι
3463 5013 3577 5077 τοῖς
3614 5013 3719 5084 τὴν

2136 5100 2336 5170 γνῶσιν
2358 5101 2458 5172 τῆς
2486 5101 2742 5173 ἀληθείας
2778 5103 3183 5177 ἐπισταμένοις.
3214 5104 3327 5158 Καὶ
3349 5104 3451 5158 οὐκ
3476 5101 3597 5158 εἷπε
3629 5103 3718 5158 λε-

2133 5193 2363 5266 γόμενον
2393 5192 2547 5258 Θεὸν,
2580 5195 2717 5250 ἀλλά
2746 5195 2876 5251 ὄντα
2904 5194 3056 5252 Θεόν.
3094 5197 3158 5251 Εἰ
3184 5196 3242 5251 δὲ
3283 5197 3415 5268 ἡμῖν
3446 5191 3526 5262 εἷς
3557 5195 3715 5262 Θεὸς,

2132 5285 2322 5341 οὐκέτι
2347 5287 2534 5341 πολλοὶ
2571 5287 2702 5344 θεοί.
2732 5289 2841 5345 Καὶ
2876 5294 2907 5346 ὁ
2944 5290 3150 5363 Κύριος
3194 5291 3255 5343 ὲν
3284 5288 3363 5361 τῷ
3393 5289 3717 5359 Εὐαγγελίῳ

2133 5377 2294 5450 φησίν
2313 5394 2327 5410 ·
2372 5379 2505 5435 Ἵνα
2548 5380 2885 5451 γινώσκωσί
2914 5399 2987 5437 σε
3031 5384 3140 5437 τὸν
3184 5383 3379 5452 μόνον
3415 5381 3716 5450 ἀληθινὸν

2134 5471 2301 5537 Θεὸν,
2342 5470 2427 5525 ἴνα
2454 5471 2735 5546 ἀνατρέψῃ
2762 5475 2864 5547 τὴν
2888 5474 3128 5530 διάνοιαν
3151 5475 3259 5529 τῶν
3287 5473 3356 5530 τά
3378 5473 3599 5546 μυθώδη
3632 5472 3715 5527 λε·

2132 5563 2360 5631 γόντων,
2406 5563 2502 5617 καὶ
2545 5563 2870 5636 νομιζόντων
2918 5559 3054 5618 εἶναι
3112 5562 3422 5619 πολυθεΐαν.
3455 5558 3550 5626 Εἷς
3598 5562 3713 5634 γὰρ

2130 5653 2286 5725 ὴμῶν
2301 5655 2447 5709 ἐστιν
2465 5656 2495 5710 ό
2518 5654 2671 5720 Θεὸς,
2683 5655 2873 5728 Πατὴρ
2903 5657 2997 5711 καὶ
3011 5656 3137 5720 Υἱὸς
3160 5656 3253 5711 καὶ
3275 5655 3430 5725 ᾰγιον
3456 5654 3709 5727 Πνεῦμα·

2130 5748 2279 5817 τρεῖς
2306 5745 2653 5812 ὑποστάσεις,
2690 5746 2790 5817 μία
2811 5747 3087 5819 κυριότης,
3113 5745 3211 5819 μία
3245 5743 3457 5819 θεότης,
3494 5744 3595 5817 μία
3623 5743 3715 5802 δο-
