3850 6517
320 495 343 549 l
353 494 447 554 081

1005 498 1373 557 ADVERSUS
1410 501 1750 561 llstznsssss
1786 503 1917 560 Lm.
1958 501 2020 558 lt.
2055 502 2221 559 Tott.
2263 504 2377 558 1.-
2409 502 2682 559 nAEnES.
2722 503 2903 577 mv.

3403 504 3546 560 {osi

318 605 426 673 τῆς
454 601 661 674 φυλῆς
700 606 913 672 Ἰούδα,
959 611 999 679 ἡ
1032 609 1165 679 ῥίζα
1191 612 1388 677 Δαὸὶδ,
1433 614 1666 682 ἀνοῖξαι
1698 616 1765 671 τὸ
1789 616 1887 681 ,βι-
1915 629 1962 685 Α
1989 615 2189 670 hontini
2230 615 2418 669 scienti
2458 614 2685 675 litteras,
2729 613 2957 667 dicentes
2984 628 3002 665 .·
3029 610 3156 681 [ιρι
3203 611 3351 670 icta.-
3391 621 3439 665 ει
3470 628 3556 665 re·

315 696 489 750 Sator
528 697 629 750 καὶ
679 697 788 764 τὰς
834 699 986 753 ἑπτὰ
1026 702 1353 772 σφραγῖδας
1393 705 1599 759 αὑτοῦ.
1652 708 1787 778 Περὶ
1828 707 1887 760 δὲ

205 816 216 826 ·
317 784 409 840 τοῦ
438 787 801 859 ὲσφραγὶσθαι
831 790 993 862 μόνον
1018 789 1048 841 ὀ
1084 791 1307 857 Ἡσαΐας
1333 791 1505 858 οὕτως
1524 810 1540 826 ·
1583 795 1694 850 Καὶ
1719 797 1891 849 ἔσται

320 877 459 947 ὑμῖν
484 879 556 933 τὰ
587 879 827 949 ῥήματα
867 881 1057 938 ταῦτα
1100 883 1314 949 πάντα,
1351 884 1433 951 ὡς
1476 888 1532 939 ot
1578 886 1745 956 λόγοι
1783 885 1890 939 τοῦ

321 968 555 1029 βιδλίου
588 971 807 1024 τούτου
838 970 945 1024 τοῦ
970 971 1473 1043 ἑσςρραγισμένου,
1505 971 1538 1025 ὃ
1570 972 1680 1025 ἐὰν
1704 970 1891 1025 δῶσιν

320 1060 461 1113 αὐτὸ
501 1058 788 1129 ἀνθρώπῳ
811 1062 1186 1133 ἐπισταμένῳ
1229 1063 1555 1137 γράμματα,
1584 1064 1883 1134 λέγοντες·

327 1148 638 1219 Ἇνάγνωθι
683 1151 899 1208 ταῦτα·
956 1154 1054 1207 καὶ
1112 1152 1268 1221 ἐρεῖ·
1330 1156 1413 1208 Οὐ
1451 1153 1705 1225 δύναμαι
1750 1154 1893 1208 ἀνα-

320 1240 569 1311 γνῶναι·
600 1243 995 1313 ὲσφράγισται
1033 1244 1165 1314 γάρ.
1209 1244 1318 1299 Καὶ
1344 1244 1662 1312 δοθήσεται
1698 1245 1765 1299 τὸ
1792 1246 1892 1311 ,Βι-

318 1331 490 1385 δλίον
536 1332 712 1390 τοῦτο
755 1336 843 1400 είς
885 1333 1088 1404 χεῖρας
1115 1334 1429 1403 ἀνθρώπου
1455 1335 1543 1405 μὴ
1575 1334 1893 1404 ἐπισταμέ-

320 1437 429 1476 νου
474 1421 806 1493 γράμματα,
860 1425 960 1478 καὶ
995 1425 1146 1496 ἐρεῖ·
1192 1428 1315 1483 Οὐκ
1353 1427 1673 1495 ἐπίσταμαι
1715 1425 1894 1496 Αγγιάμ-

321 1529 494 1581 ματα.
542 1513 729 1568 Ταῦτα
749 1514 859 1588 γάρ
886 1516 947 1569 οὒ
996 1517 1155 1587 μόνον
1190 1519 1318 1590 περὶ
1343 1519 1442 1590 τῆς
1477 1515 1895 1592 Ἀποκαλιὺψεως

332 1600 582 1655 Ἰωάννου
602 1604 697 1656 καὶ
727 1602 823 1657 τοῦ
871 1605 1096 1660 Ἡσαΐου
1124 1607 1405 1676 νομιστέον
1441 1605 1715 1674 λέγεσθαι,
1759 1604 1896 1659 ἀλλὰ

326 1691 421 1745 καὶ
464 1693 593 1764 περὶ
624 1694 805 1765 πάσης
839 1694 990 1760 θείας
1028 1696 1250 1767 Γραφῆς
1298 1697 1770 1771 ὁμολογουμένως,
1800 1697 1896 1752 καὶ

330 1783 483 1858 παρὰ
506 1787 615 1848 τοίς
654 1785 890 1858 μετρίως
924 1788 1133 1841 ἐπαΐειν
1158 1787 1332 1859 λόγων
1354 1787 1526 1842 ’θείων
1559 1787 1894 1860 δυναμένοις,

329 1868 772 1941 πεπληρωμένοις
820 1874 1158 1946 αἰνιγμάτων
1207 1876 1303 1929 καὶ
1360 1874 1708 1949 παραδολῶν,
1768 1892 1895 1928 σκο-

1988 703 2290 774 spondebit:
2315 702 2438 759 Non
2466 719 2679 773 possum
2708 704 2876 772 leyen-e
2892 718 2911 765 ,·
2940 711 3017 755 est
3057 702 3194 755 enim
3231 699 3554 767 obsignatus.

1992 794 2057 848 Et
2085 794 2302 848 dabitur
2331 794 2464 850 liber
2492 795 2576 847 hic
2603 797 2656 847 in
2695 810 2881 846 ιιιαιιιιε
2907 793 3134 847 hominis
3176 791 3445 845 nescientis
3468 791 3559 845 tit·

1990 892 2166 950 tems,-
2202 894 2252 940 et
2295 885 2431 941 dicet
2461 902 2481 940 .·
2523 884 2716 940 Nescio
2757 886 2962 938 litteras
2988 886 3034 939 ’.
3081 881 3208 936 llaec
3256 883 3400 937 enim
3451 896 3557 935 non

1990 975 2057 1031 ad
2090 976 2458 1053 Apocalypsin
2501 976 2678 1031 solum
2709 974 2959 1038 loannis,
2999 981 3095 1029 aut
3126 972 3274 1027 lsaiae
3307 972 3560 1025 vaticinia

1989 1067 2264 1137 pertinere
2290 1068 2588 1137 putandum
2621 1074 2726 1132 εει,
2757 1066 2851 1121 scd
2884 1066 2952 1121 de
2988 1065 3242 1119 universa
3275 1063 3559 1132 Scriptura

1991 1171 2148 1212 sacra
2197 1158 2416 1228 penitus
2468 1156 2784 1226 accipienda
2838 1162 2986 1211 sunt.
3032 1154 3190 1221 Quod
3247 1167 3381 1208 sane
3416 1153 3556 1220 apud

1992 1246 2114 1302 illos
2161 1248 2217 1303 in
2266 1247 2523 1301 confesso
2578 1253 2700 1309 εει,
2751 1248 2844 1317 qui
2897 1246 3205 1301 divinarum
3253 1244 3558 1297 litterarum
3641 1295 3644 1299 Α

1994 1329 2242 1390 notitiam
2282 1336 2364 1391 xel
2402 1334 2750 1390 mediocriter
2801 1335 3039 1389 assecuti
3086 1341 3234 1389 sunt.
3269 1332 3402 1398 Quae
3442 1330 3563 1401 qui·

1992 1425 2114 1482 dem
2142 1427 2494 1497 aenigmatum
2527 1425 2847 1488 involucris,
2875 1440 2940 1479 ac
2968 1425 3264 1494 parabolis,
3304 1422 3563 1478 tenebro-

1993 1517 2179 1587 sisque
2221 1516 2588 1579 sermonibus,
2639 1529 2705 1570 ac
2759 1515 2994 1570 diversis
3039 1515 3163 1569 aliis
3210 1513 3564 1569 obscuritatis

1993 1606 2307 1677 generibus,
2349 1621 2472 1676 quae
2514 1605 2753 1659 hominis
2801 1605 3020 1675 ingenio
3064 1602 3284 1659 difficile
3316 1617 3566 1672 compre·

1995 1694 2333 1760 henduntm,
2378 1694 2594 1751 rel'ertae
2627 1705 2776 1749 sunt.
2815 1695 2972 1762 Quod
2998 1704 3053 1751 et
3090 1696 3343 1751 Salvator
3376 1705 3564 1750 osten·

1995 1786 2125 1843 dere
2161 1788 2372 1851 volens,
2420 1786 2625 1842 clavem
2674 1787 2813 1856 apud
2865 1786 3090 1842 Scribas
3146 1794 3201 1841 ει
3263 1784 3567 1839 Pharisaeos

1996 1889 2120 1930 esse
2147 1872 2306 1939 dixit,
2349 1874 2442 1944 qui
2474 1881 2535 1929 ιιι
2571 1874 2716 1929 viam
2755 1875 2820 1929 ad
2847 1875 3201 1945 aperiendum
3235 1874 3566 1933 invenirent,

330 1958 519 2013 πεινῶν
555 1976 616 2013 τε
662 1960 858 2029 λόγων,
900 1964 996 2017 καὶ
1040 1963 1215 2018 ἀλλων
1265 1964 1523 2019 ποικίλων
1562 1965 1717 2019 εἰδῶν
1760 1967 1889 2020 ἀσα-
1927 1992 1970 2046 B
1997 1965 2218 2020 minime
2233 1966 2648 2021 contenderent.
2680 1964 2768 2027 Et,
2816 1964 2901 2020 Voe
2932 1966 3097 2031 vobis,
3131 1966 3330 2036 inquit,
3363 1964 3570 2033 quispc-

329 2049 507 2123 φείας,
551 2050 866 2123 δυσληπτων
896 2056 960 2125 τῇ
1008 2054 1326 2130 ἀνθρωπίνῃ
1370 2056 1551 2126 φύσει.
1596 2058 1774 2129 Ὅπερ
1812 2057 1893 2111 δι·
2003 2051 2147 2121 ritis,
2191 2056 2440 2127 quoniam
2485 2055 2688 2109 tulistis
2735 2055 2930 2109 clarem
2970 2057 3223 2117 scientioe,
3267 2070 3426 2122 neque
3469 2052 3570 2122 ipsi

327 2138 480 2207 δάξαι
508 2140 828 2213 βουλόμενος
875 2145 969 2199 καὶ
997 2147 1026 2199 ὀ
1066 2147 1255 2218 Σωτήρ
1289 2164 1476 2217 φησιν,
1508 2148 1586 2212 ὡς
1618 2148 1717 2218 τῆς
1743 2147 1893 2202 κλει·
1998 2150 2265 2213 intrastis,
2285 2159 2335 2203 ει
2365 2150 2621 2203 intrantes
2645 2165 2747 2204 non
2774 2151 3077 2217 permittitis
3105 2149 3303 2220 ingredi
3327 2149 3370 2202 '.

324 2229 411 2295 sb:
461 2231 626 2305 οῦσης
657 2235 808 2308 παρὰ
836 2239 949 2301 τοῖς
1004 2238 1383 2310 γραμματεῦσι
1416 2240 1511 2293 καὶ
1541 2239 1878 2311 Φαρισαίοις.
1914 2239 2016 2294 οὐκ
2061 2240 2484 2310 ἀγωνιζομένοις
2528 2240 2626 2311 τὴν
2653 2240 2771 2294 ὁδὸν
2820 2239 3000 2311 εὑρεῖν
3048 2240 3140 2294 τοῦ
3184 2238 3411 2306 ἀνοῖξαι,
3489 2237 3570 2316 τὸ,

326 2325 469 2383 Οὐαί
536 2326 678 2394 ὑμῖν
728 2326 852 2392 τοῖς
892 2327 1189 2396 νομικοῖς·
1235 2328 1323 2381 ὅτι
1364 2328 1547 2397 ἤρατε
1589 2327 1703 2397 τὴν
1743 2327 1954 2385 κλεῖδα
1990 2327 2100 2396 τῆς
2154 2328 2451 2399 γνώσεως,
2499 2329 2667 2384 αὐτοὶ
2720 2331 2831 2383 οὐκ
2878 2330 3211 2401 εἰσήλθετε,
3267 2329 3366 2383 καί
3427 2327 3570 2395 τοὺς

325 2417 782 2489 εἰσερχομένους
809 2418 919 2470 οὐκ
959 2417 1165 2483 ἀφίετε
1199 2420 1517 2474 εἰσελθεῖν.

392 2515 466 2566 Z'.
506 2510 690 2570 Ταῦτα
719 2508 777 2562 δὲ
806 2510 937 2585 ἡμῖν
982 2509 1041 2560 ὲν
1069 2509 1338 2580 προοιμίῳ
1366 2510 1637 2573 λέλεκται,
1677 2513 1760 2575 είς
1801 2512 1896 2583 μέ·
2059 2507 2172 2563 vtl.
2215 2506 2341 2563 Haec
2376 2523 2406 2561 a
2435 2508 2594 2564 nobis
2621 2509 2770 2564 velut
2793 2507 3054 2580 prael'andi
3083 2507 3255 2579 gratia
3298 2511 3573 2579 proposita

333 2619 509 2681 γιστον
557 2598 767 2677 ἀγῶνα,
822 2599 919 2653 καὶ
968 2597 1414 2670 ὁμολογουμένως
1453 2600 1595 2671 ὑπὲρ
1623 2602 1773 2673 ἡμᾶς
1805 2601 1900 2655 καὶ
1997 2609 2146 2663 ειιιιι,
2195 2600 2288 2669 qni
2343 2598 2399 2653 in
2451 2599 2752 2653 maximum
2795 2608 3096 2663 certamen,
3143 2600 3395 2669 quodque
3435 2601 3576 2657 vires

331 2693 425 2770 τὴν
452 2690 565 2759 ἕξιν
597 2689 776 2761 ἡμῶν,
808 2685 1273 2758 ἀναγκαζομένοις
1302 2688 1406 2742 ὑπὸ
1434 2690 1535 2761 τῆς
1574 2689 1772 2763 πολλῆς
1806 2708 1898 2744 σου
1995 2701 2214 2748 nostras
2266 2706 2331 2746 ac
2369 2690 2524 2761 531
2562 2690 2880 2747 facultatem
2928 2692 3050 2746 sine
3101 2692 3210 2745 ulla
3239 2691 3578 2750 dubitatione

329 2782 707 2859 φιλομαθείας,
737 2781 832 2835 καὶ
857 2779 1291 2851 δυσωπουμένοις
1332 2781 1436 2835 ὑπὸ
1468 2785 1563 2853 τῆς
1600 2783 1900 2854 χρηετότη-
1999 2792 2225 2854 superat
2262 2782 2330 2836 ab
2373 2782 2576 2853 ingenti
2626 2790 2744 2846 tuo,
2781 2784 3037 2839 Ambrosi
3074 2784 3158 2838 vir
3198 2785 3574 2850 sanctissime,

331 2892 421 2939 τος
452 2876 546 2928 καὶ
576 2874 676 2946 τῆς
709 2872 1058 2946 μετριὰτητός
1104 2890 1220 2936 σου,
1268 2873 1381 2944 ἱερὲ
1426 2874 1737 2945 ’Λμΰρόσιε,
1768 2892 1899 2929 κατ-
2001 2889 2132 2946 erga
2164 2874 2376 2927 litteras
2414 2872 2598 2927 studio
2629 2874 2889 2929 concitati
2925 2874 3155 2941 suimus,
3177 2881 3232 2930 ει
3260 2882 3320 2930 ιιι
3357 2876 3411 2929 in
3443 2877 3577 2932 illud

330 2963 525 3022 ελθεῖν.
558 2964 668 3018 Καὶ
690 2964 773 3018 δτι
799 2982 868 3035 γε
894 2964 989 3018 ἐπὶ
1024 2963 1157 3018 πολὺ
1201 2964 1562 3039 ἀναδυόμενον
1597 2983 1685 3037 με,
1726 2966 1813 3020 διὰ
1840 2966 1902 3019 τὸ
2000 2964 2461 3020 descenderemus
2516 2964 2854 3020 humanitate
2909 2972 3002 3020 tua
3075 2981 3138 3021 ac
3207 2965 3579 3023 moderatione

329 3055 522 3113 ειδέναι
554 3054 645 3109 τὸν
688 3056 930 3112 κίνδυνον
969 3056 1032 3110 οὑ
1084 3056 1245 3128 μόνον
1274 3055 1370 3117 τοῦ
1416 3056 1596 3125 λέγειν
1631 3059 1760 3128 περὶ
1792 3056 1900 3111 τῶν
2003 3055 2264 3127 perpulsi.
2298 3054 2752 3126 Quandoquidem
2784 3057 2878 3111 diu
2914 3072 3021 3120 me,
3047 3066 3324 3127 comperta
3349 3058 3575 3128 periculi

329 3146 523 3216 ἁγίων,
573 3145 709 3201 ἀλλὰ
759 3145 943 3217 πολλῷ
977 3146 1160 3200 πλεῖον
1207 3147 1301 3201 τοῦ
1351 3147 1605 3225 γράφειν,
1658 3148 1754 3201 καὶ
1791 3150 1902 3211 τοῖς
1993 3126 2406 3219 magnitudine,
2431 3158 2801 3212 recusantem,
2837 3164 2949 3203 non
2987 3149 3148 3203 modo
3189 3150 3471 3219 disputare
3507 3150 3577 3206 de

329 3235 445 3313 μεθ’
496 3236 645 3312 ἡμᾶς
674 3236 1019 3304 καταλιπεῖν,
1051 3238 1408 3302 παντοδαπῶς
1453 3238 1773 3314 κατεπᾴδων
1812 3256 1903 3309 <pz-
1929 3221 1971 3278 C
2005 3241 2179 3297 sacris
2222 3241 2481 3309 Litteris,
2544 3242 2639 3299 sed
2672 3250 2726 3297 et
2767 3242 2941 3296 multo
2982 3242 3156 3312 magis
3205 3242 3466 3304 scribere,
3514 3256 3580 3297 ac

329 3324 517 3393 λικῶς,
549 3327 645 3382 καὶ
680 3328 823 3382 κατὰ
866 3328 1150 3402 προκοπὴν
1179 3329 1428 3403 θεότητος
1460 3332 1541 3396 είς
1576 3329 1736 3384 τοῦτο
1764 3331 1904 3403 ῆγα-
2005 3333 2242 3403 posteris
2275 3331 2610 3401 relinquere,
2659 3329 2835 3386 modis
2882 3330 3137 3385 omnibus
3191 3339 3356 3399 atque
3392 3330 3578 3384 illece-

330 3417 424 3493 γές
459 3434 526 3493 με
548 3434 565 3449 ·
615 3418 827 3491 μάρτυς
871 3419 965 3474 ἔσο
1008 3437 1102 3490 μοι
1129 3421 1268 3493 πρὸς
1308 3420 1442 3475 Θεὸν
1475 3420 1597 3500 μεθ’
1636 3420 1759 3475 ὅλου
1808 3420 1901 3474 τοῦ

329 3506 464 3579 βίον,
495 3507 591 3563 καὶ
623 3510 886 3582 περὶτῶν
920 3510 1382 3582 ὑπηγορευμένων
1418 3510 1822 3582 ἐξεταζομένων
1855 3512 1901 3575 ¹,

332 3598 454 3670 ποίᾳ
478 3616 537 3652 τε
565 3600 820 3672 προθέσει
845 3600 1005 3656 τοῦτο
1032 3603 1349 3671 γεγένηται.
1391 3602 1505 3656 Καὶ
1549 3603 1628 3672 τεὴ
1681 3602 1778 3671 μὲν
1814 3602 1904 3655 ἐν·

328 3692 687 3761 τυγχάνομεν,
739 3692 820 3753 τιὴ
874 3689 932 3741 a
982 3690 1105 3756 ἦτοι
1157 3690 1456 3759 βιαζόμεθα
1500 3692 1824 3764 βιαιότερον,
1867 3694 1903 3767 ἢ

326 3776 592 3845 δοκοῦμέν
631 3792 684 3827 τι
709 3774 914 3843 λέγειν.
954 3775 1374 3849 Ἔξιχνεῦσαμεν
1410 3780 1469 3834 δὲ
1503 3782 1565 3835 τὸ
1589 3785 1907 3857 γεγραμμέ-

330 3884 420 3921 νον
449 3863 513 3917 οὔ
536 3864 1003 3935 καταφρονοῦντες
1032 3865 1151 3934 τοῦ,
1181 3868 1314 3923 Ὅτε
1335 3870 1534 3941 λέγεις
1556 3875 1690 3943 περὶ
1731 3877 1902 3942 Θεοῦ,

333 3953 506 4022 κρίνῃ
535 3952 653 4008 ὑπὸ
691 3954 859 4021 Θεοῦ,
899 3955 1081 4021 καλῶς
1134 3958 1448 4029 εἰρημένου.
1495 3964 1607 4016 Καὶ
1655 3963 1734 4029 τὸ,
1767 3966 1907 4034 Περὶ

334 4044 486 4099 Θεοῦ
530 4044 630 4099 καὶ
675 4045 907 4115 τάληθῆ
966 4049 1187 4118 λέγειν,
1230 4050 1515 4119 κίνδυνος
1566 4056 1640 4107 οὐ
1667 4057 1903 4124 μικρός.

348 4136 632 4207 Ἄξιοῦμεν
692 4137 893 4202 τοίνυν,
948 4138 1071 4193 ἐπεὶ
1121 4141 1288 4211 μηδὲν
1350 4144 1522 4217 χωρὶς
1562 4145 1699 4200 Θεοῦ
1743 4147 1908 4203 καλὸν

2004 3420 2122 3478 bris
2163 3420 2498 3487 demulsisti,
2544 3428 2600 3476 et
2643 3418 2710 3474 ad
2755 3419 2857 3474 hoc
2903 3419 3230 3489 quibusdam
3276 3418 3581 3475 divinitatis

2004 3509 2486 3581 progressionibus
2539 3507 2836 3563 adduxisti.
2891 3506 2972 3561 Tu
3027 3508 3191 3578 igitur
3233 3508 3389 3563 testis
3442 3507 3580 3563 mibi

2006 3601 2147 3670 apud
2173 3599 2344 3657 Deum
2373 3600 2506 3664 eris,
2551 3606 2668 3654 tum
2701 3613 2827 3654 cum
2859 3597 2926 3654 de
2959 3599 3071 3652 vita
3113 3613 3232 3652 mea
3265 3613 3329 3654 ac
3358 3598 3582 3671 scriptis

2006 3690 2265 3761 inquiret,
2299 3704 2539 3761 quonam
2564 3688 2734 3744 animi
2754 3688 2986 3745 consilio
3012 3687 3083 3744 sit
3115 3687 3249 3742 illud
3268 3702 3299 3741 a
3339 3704 3426 3745 me
3451 3705 3582 3746 sus·

2007 3789 2248 3851 ceptum.
2312 3780 2391 3835 Ae
2426 3793 2817 3850 nunnunquam
2858 3777 3079 3849 quidem
3108 3779 3389 3834 veritatem
3430 3794 3584 3837 asse·

2013 3870 2257 3941 quimur,
2286 3884 2687 3940 nonnunquam,
2713 3876 2808 3922 aut
2833 3868 3126 3924 violentius
3150 3870 3580 3939 perrumpimus,

2008 3953 2103 4016 aut
2137 3960 2322 4017 dicere
2363 3961 2570 4032 aliquid
2602 3960 2873 4016 videmur.
2921 3958 3092 4014 Porro
3121 3960 3266 4029 quod
3316 3960 3582 4029 scriptum

2006 4057 2093 4106 εει
2122 4050 2529 4121 vestigavimus,
2563 4065 2675 4105 non
2714 4050 2789 4106 ita
2829 4058 2886 4104 ut
2915 4049 3176 4120 praeclare
3208 4048 3342 4102 illud
3371 4049 3584 4104 dictum

2009 4150 2482 4197 contemneremus
2514 4160 2528 4195 ε
2560 4141 2691 4196 Cum
2727 4140 2793 4195 de
2828 4141 2938 4196 Deo
2972 4140 3129 4205 dicis,
3170 4158 3203 4195 α
3246 4140 3355 4196 Deo
3368 4140 3584 4211 judica·

336 4223 478 4283 εἶναι
503 4228 749 4295 δύναται,
780 4231 875 4283 καὶ
909 4231 1142 4300 μάλιστα
1170 4234 1355 4306 νόησις
1386 4236 1619 4309 Γραφῶν
1657 4237 1912 4293 θεοπνεῦ-
2010 4234 2105 4289 ris.
2135 4232 2264 4290 item
2296 4232 2428 4289 illud
2458 4251 2472 4287 :
2505 4231 2583 4288 De
2609 4233 2716 4288 Deo
2747 4234 2906 4287 etiam
2944 4250 3063 4287 vera
3097 4233 3288 4298 dicere,
3345 4249 3448 4287 ιιοιι
3479 4248 3584 4287 me·

338 4334 500 4383 στων,
533 4320 705 4383 ὅπως,
738 4319 816 4391 τῷ
852 4321 1028 4393 Πατρὶ
1055 4324 1166 4377 τῶν
1196 4326 1332 4379 ὅλων
1377 4328 1497 4401 Θεῷ
1532 4329 1623 4384 διὰ
1665 4330 1760 4384 τοῦ
1792 4332 1907 4388 Σω·

334 4409 500 4481 τῆρος
532 4409 691 4481 ἡμῶν
720 4412 815 4465 καὶ
843 4412 1167 4486 ἀρχιερέως,
1215 4418 1479 4489 γεννητοῦ
1521 4418 1658 4473 Θεοῦ
1692 4420 1911 4492 προσιέ-

333 4514 441 4561 ναι,
493 4499 737 4571 αἰτήσεις
775 4498 993 4571 δοθῆναι
1030 4503 1162 4572 ἡμῖν
1211 4502 1427 4574 πρῶτον
1481 4504 1664 4569 καλῶς
1702 4504 1907 4574 ζητεῖν.

309 4643 322 4657 ,
346 4585 653 4642 Ἐπίκειται
698 4589 808 4661 γὰρ
841 4592 967 4653 τοῖς·
1003 4591 1256 4662 ζητοῦσιν
1282 4595 1587 4663 ἐπαγγελία
1632 4595 1726 4648 τοῦ
1764 4595 1911 4668 εὑρί-

338 4695 490 4734 σκειν
512 4696 527 4712 ·
563 4680 705 4749 τάχα
740 4680 860 4733 οὐδὲ
896 4680 994 4751 τὴν
1039 4682 1213 4754 ἀρχὴν
1246 4687 1327 4749 είς
1371 4685 1670 4756 ζητοῦντας
1696 4685 1910 4754 λογιζο-

342 4772 522 4844 μένων
554 4770 707 4841 παρά
724 4770 844 4841 Θεῷ
873 4770 985 4825 τῶν
1012 4773 1112 4844 οὐχ
1143 4774 1249 4845 6δῷ
1280 4777 1373 4829 ἐπὶ
1400 4775 1559 4831 τοῦτο
1590 4775 1906 4849 προϊόντων.

271 4885 284 4890 ·
339 4863 495 4927 Ἕως
516 4854 633 4914 ὧδε
670 4859 741 4914 τὰ
762 4861 879 4915 ἀπὸ
913 4862 1269 4932 ’θριγένουᾳ

2009 4324 2188 4379 diocte
2223 4325 2660 4394 ρετίειιίιιιιιέει.
2719 4323 3083 4392 Quamobrem
3117 4338 3241 4378 cum
3281 4323 3418 4378 nihil
3467 4324 3586 4380 sine

2013 4414 2129 4470 Deo
2181 4432 2306 4472 esse
2341 4417 2514 4487 possit
2564 4416 2862 4487 egregium,
2923 4412 3336 4485 praesertimque
3373 4414 3585 4470 divina·

2016 4519 2137 4557 rum
2172 4502 2499 4558 Litterarum
2546 4503 2934 4573 intelligentia
2979 4502 3077 4557 abs
3111 4510 3162 4556 te
3212 4502 3375 4555 etiam
3417 4507 3585 4570 atque

2017 4595 2184 4650 etiam
2233 4594 2490 4665 petimus,
2535 4599 2598 4647 ut
2643 4601 2924 4662 parentem
2973 4593 3216 4647 omnium
3265 4590 3433 4646 Deum
3490 4605 3586 4661 per

2021 4684 2357 4740 salvatorem
2384 4691 2635 4739 nostrum
2665 4698 2731 4739 ac
2768 4682 3101 4755 pontificem,
3141 4684 3382 4754 genitum
3417 4681 3583 4737 Deum

2015 4780 2310 4833 obsecrare
2349 4774 2507 4837 velis,
2542 4775 2706 4845 idque
2754 4775 2823 4828 ab
2855 4788 2922 4829 co
2961 4774 3120 4830 nobis
3164 4776 3479 4845 impetrare,
3526 4781 3585 4828 ut

2016 4868 2288 4938 imprimis
2350 4873 2501 4922 recte
2559 4881 2804 4936 quaerere
2853 4865 3146 4937 possimus.
3208 4865 3586 4932 Quaerentibus

341 4955 487 5010 enim
522 4956 802 5024 proposita
835 4965 921 5009 est
959 4958 1285 5027 assequendi
1328 4958 1646 5027 promissio.
1693 4960 1771 5014 Ac
1815 4961 2007 5015 nescio
2037 4975 2106 5015 an
2134 4959 2229 5030 qui
2259 4957 2328 5012 ad
2380 4957 2513 5012 illud
2565 4958 2653 5012 via
2708 4971 2775 5012 ac
2817 4958 3030 5013 ratione
3089 4956 3314 5012 minime
3350 4967 3584 5012 conten-

340 5046 502 5107 dunt,
541 5045 685 5099 inter
723 5060 819 5100 eos
847 5046 940 5117 qui
978 5056 1231 5116 quaerunt
1269 5050 1413 5119 apud
1445 5048 1612 5105 Deum
1662 5065 1771 5104 non
1812 5051 2140 5107 habeantur.
2171 5047 2440 5103 Hactenus
2473 5047 2716 5119 Oriqenis
2749 5049 2924 5102 cerba.

412 5136 496 5195 11⁹.
547 5137 714 5209 Ἀρχὴ
752 5154 841 5208 μοι
867 5138 1047 5207 λέγειν
1081 5141 1221 5212 πρὸς
1257 5143 1349 5194 τὸν
1387 5141 1675 5213 κομπώδη,
1702 5144 1798 5196 καὶ
1821 5143 1904 5196 δο-
2080 5140 2216 5196 vlu.
2270 5140 2550 5195 Adversus
2587 5148 2935 5211 arrogantem
2982 5139 3128 5193 hunc
3179 5138 3477 5204 bominem,
3535 5151 3586 5191 ct

340 5233 500 5304 κήσει
546 5230 731 5298 σοφὸν,
778 5231 874 5284 καὶ
903 5232 1201 5305 ὲρευνητὴν
1229 5233 1336 5287 τῶν
1365 5235 1763 5306 ἀνερευνήτων,
1818 5237 1914 5290 καὶ
2008 5232 2264 5302 opinione
2317 5231 2402 5287 sui
2445 5232 2714 5294 inflatum,
2759 5245 3059 5299 eorumque
3120 5244 3238 5299 quae
3275 5229 3593 5299 investigari

340 5324 675 5396 δκδιδαστὴν
717 5325 825 5378 τῶν
863 5327 1219 5398 ἐπουρανίων,
1262 5328 1473 5382 τουτονὶ
1517 5328 1608 5382 τὸν
1646 5328 1913 5401 φλυαρίας
2010 5329 2314 5393 nequeunt,
2363 5329 2753 5382 scrutatorem.
2797 5318 2890 5390 qni
2948 5319 3120 5374 coelos
3158 5320 3309 5389 ipsos
3363 5328 3586 5388 praetcr-

343 5414 699 5486 ἐμπλήσαντα
727 5414 817 5468 τὸν
868 5413 1004 5485 βίον,
1029 5414 1105 5479 ὡς
1132 5415 1228 5468 καὶ
1262 5418 1291 5468 ὁ
1317 5403 1583 5486 κρείττωῦ
1605 5415 1761 5486 ἡμῶν
1793 5414 1911 5469 κατ’
2011 5430 2236 5486 gressus
2265 5423 2387 5478 εει,
2427 5415 2631 5485 quique
2663 5412 3003 5484 ineptissima
3037 5410 3365 5480 loquacitate
3399 5411 3588 5465 orbem

343 5504 511 5561 αὐτοῦ
542 5505 750 5576 εἴρηκε,
788 5506 1003 5578 πρῶτον
1036 5506 1163 5579 περὶ
1192 5505 1448 5578 γεννητοῦ
1477 5505 1632 5559 Θεοῦ.
1680 5506 1790 5559 Καὶ
1829 5506 1910 5559 ὅτι
2016 5514 2286 5561 terrarum
2311 5507 2574 5576 implevit,
2600 5502 3058 5576 quemadmodum
3091 5504 3248 5574 longe
3271 5502 3428 5559 nobis
3452 5518 3585 5571 prae·

349 5596 450 5667 μὲν
478 5595 753 5665 ὀμῡλεξίαι
780 5613 838 5651 τε
872 5596 965 5655 καὶ
990 5598 1303 5669 ὀμωνυμίαι
1350 5595 1542 5649 πολλαὶ
1587 5597 1646 5648 ὲν
1692 5595 1770 5666 τῷ
1811 5595 1911 5666 βίῳ
2017 5598 2253 5654 stantior
2275 5598 2420 5653 alius
2449 5597 2505 5652 in
2539 5597 2691 5651 illum
2727 5607 2888 5652 antea
2918 5595 3079 5659 dixit.
3107 5596 3282 5666 prima
3313 5595 3381 5651 de
3402 5596 3586 5665 genito

346 5689 475 5755 εἰσὶ,
509 5688 686 5761 πάντη
715 5689 875 5746 τοῦτο
900 5690 1058 5763 δῆλόν
1089 5692 1227 5745 ἐστι.
1262 5690 1373 5744 Καὶ
1404 5689 1455 5741 εί
1488 5688 1589 5759 μὲν
1620 5687 1725 5742 ὑπὸ
1749 5687 1909 5743 ἄλλου
2016 5690 2128 5747 Deo
2166 5689 2454 5746 tractanda
2501 5687 2804 5757 disputatio
2835 5695 2940 5744 εει.
2977 5687 3035 5743 ln
3066 5702 3178 5759 quo
3220 5686 3356 5742 illud
3400 5686 3589 5741 obscr-

436 5844 451 5875 ¹
479 5846 540 5904 F.
571 5846 961 5919 ἐξεταζομένῳ.
1038 5851 1060 5885 ⁸
1093 5850 1195 5905 lsa.
1231 5863 1379 5915 xxix,
1415 5847 1620 5915 ¹1,st
1698 5847 1719 5880 ⁸
1748 5845 1881 5905 Luc.
1920 5863 2000 5917 xl,
2029 5849 2118 5905 532.

1754 5940 1781 5977 e
