3850 6517
319 443 433 503 553

1041 445 1414 504 ADVERSUS
1451 443 1798 503 IIAERESES
1833 443 1966 501 LIB.
2010 443 2050 499 I.
2091 444 2256 504 Tou.
2297 442 2362 502 tt.
2402 476 2470 488 —
2509 443 2785 502 IIAERES.
2819 444 3033 504 xxxn.

3495 444 3606 505 554

319 575 489 631 ματα.
522 553 655 612 Εἶτα
678 556 867 616 λοιπὸν
895 561 978 625 εἰς
1008 561 1181 615 ταῦτα
1221 562 1385 625 αὐτὸς
1411 564 1441 617 ὀ
1474 562 1744 634 μακάριος
1782 563 1905 614 ὲπί-
1939 568 1983 626 Α
2014 564 2237 634 proprio
2272 563 2492 618 nomine
2536 566 2780 620 caritura
2846 564 3029 621 fuerit.
3076 563 3219 630 Quid
3263 563 3428 633 igitur
3474 579 3604 636 pro-

320 667 523 714 σκοπος
553 651 871 724 Εἰρηναῖος,
909 650 986 716 ὥς
1014 669 1077 721 γε
1121 653 1482 725 προείπαμεν,
1518 652 1777 724 γελοιώδη
1809 654 1906 723 ρή·

318 763 468 817 ματα
508 746 605 799 καὶ
646 746 813 808 αὐτὸς
847 748 1127 818 προεῖπεν,
1160 747 1532 819 ἐτερωνυμίαν
1559 744 1651 815 ἀφ’
1688 744 1905 810 ἑαυτοῦ,

311 837 392 902 ὡς
432 838 662 904 ἀντάξια
705 836 809 907 τῆς
855 835 1034 892 αὐτῶν
1085 836 1358 909 ληρῳδίας
1405 836 1903 909 χαριεντιζόμενος,

314 929 570 983 πεπόνων
600 929 753 999 γένη,
783 928 879 982 καὶ
906 927 1131 993 σικύων,
1164 930 1259 982 καὶ
1288 929 1650 993 κολοκυνθῶν,
1686 923 1763 993 ὡς
1807 931 1903 983 ἐπὶ

316 1021 694 1093 ὑποκειμένων
721 1020 881 1075 τινῶν
924 1020 1387 1092 ὲπιπλασάμενος,
1428 1023 1505 1088 ὡς
1536 1024 1651 1087 τοῖς
1688 1022 1901 1091 φιλολό-

315 1130 434 1179 γοις
464 1114 631 1183 σαφὲς
665 1114 731 1168 ἂν
757 1114 844 1184 εἴη
870 1113 963 1183 ἀφ’
991 1107 1068 1168 ὧν
1091 1113 1531 1186 προανέγνωσαν.

2016 655 2166 711 hibet
2214 655 2380 710 alium
2436 658 2737 727 quemlibet
2795 658 2848 713 in
2899 658 3088 714 eadem
3155 658 3383 713 materia
3445 666 3600 713 certa

2013 747 2276 801 vocabula
2349 747 2727 803 constituere?
2778 745 2959 813 Quare
3027 756 3252 804 sanctus
3308 748 3603 819 episcopus

2010 838 2273 903 Irenaeus,
2299 846 2360 893 ut
2391 838 2656 905 diximus,
2685 839 2919 896 ridicula
2953 842 3203 910 quaedam
3260 841 3505 904 nomina,
3537 855 3602 894 ac

2011 946 2109 1012 per
2129 929 2315 999 iocum
2354 946 2386 985 a
2431 931 2615 1001 seipso
2661 931 2967 1003 composita
3028 931 3278 1002 subjicit,
3337 941 3603 1003 tanquam

2008 1023 2227 1079 illorum
2252 1022 2416 1093 nugis
2448 1029 2860 1078 consentanea:
2908 1023 3215 1092 cujusmodi
3269 1035 3399 1078 sunt
3437 1039 3606 1095 pepo·

2006 1128 2136 1168 num
2168 1126 2234 1167 ac
2291 1110 2726 1175 cucurbitarum,
2758 1120 2857 1180 aut
2893 1111 3342 1183 colocyntharum
3376 1128 3602 1183 genera,

316 1219 545 1275 quorum
603 1205 994 1275 aprellationcs
1031 1206 1198 1262 certis
1227 1204 1236 1210 “
1265 1206 1430 1262 rebus
1467 1206 1746 1264 attribuit:
1798 1206 1852 1261 id
1882 1205 2030 1276 qnod
2081 1204 2281 1260 eruditi
2304 1203 2557 1258 homines
2571 1201 2730 1259 facile
2761 1218 2831 1257 ex
2878 1203 2946 1259 iis
2985 1218 3108 1273 quae
3146 1210 3307 1259 antea
3342 1204 3602 1274 legerint·

315 1298 767 1354 animadvertent.

379 1411 453 1463 Z'.
487 1410 673 1464 ΙἈλλοι
695 1410 753 1464 δὲ
782 1411 947 1467 πάλιν
969 1413 1148 1470 αὐτῶν
1169 1413 1267 1486 τὴν
1300 1415 1526 1488 πρώτην
1547 1416 1641 1471 καὶ
1666 1417 1896 1489 ἀρχέγο-

310 1520 400 1557 νον
443 1503 701 1571 Ὀγδοάδα
731 1502 942 1571 τούτοις
970 1507 1338 1579 τοῖς.ὀνόμασι
1378 1510 1715 1581 κεκλήκασι·
1750 1509 1899 1582 πρῶ-

309 1610 402 1647 τον
434 1593 747 1667 Προαρχὴν,
774 1594 967 1650 ἔπειτα
1008 1597 1346 1669 ’Δνενόητοψ
1375 1599 1473 1671 τὴν
1495 1600 1552 1654 δὲ
1585 1601 1776 1673 τρίτην
1801 1600 1900 1671 ἄρ-

312 1685 502 1754 ρητον,
541 1683 635 1737 καὶ
674 1684 774 1756 τὴν
812 1685 1084 1758 τετάρτην
1121 1688 1381 1760 ἀόρατον·
1429 1691 1525 1744 καὶ
1551 1689 1617 1743 ἐκ
1651 1690 1750 1761 μὲν
1797 1690 1900 1761 τῆς

310 1772 536 1847 πρώτης
567 1776 859 1848 Προαρχῆς
884 1778 1286 1850 προδεδλῆσθαι
1310 1780 1512 1854 πρώτῳ
1534 1782 1630 1835 καὶ
1664 1781 1901 1853 πέμπτῳ

2080 1410 2194 1469 vlt.
2227 1411 2497 1469 Caeterum
2553 1411 2802 1466 nonnulli
2855 1427 2921 1466 ex
2982 1410 3092 1467 illis
3143 1411 3377 1482 primam
3435 1419 3603 1483 atque

2007 1504 2445 1578 antiquissimam
2508 1502 2820 1575 Ogdoadem
2864 1504 2999 1560 iisce
3068 1505 3388 1559 nominibus
3459 1505 3601 1562 insi·

2005 1598 2221 1671 gniunt.
2255 1596 2498 1651 Primam
2513 1596 2660 1652 enim
2693 1610 2817 1651 esse
2846 1601 3095 1651 statuunt
3121 1594 3461 1661 Proarcben,
3492 1597 3600 1653 hoc

2007 1693 2338 1763 estprimum
2370 1691 2603 1745 omnium
2638 1688 2969 1759 Principium
2999 1705 3018 1754 ,·
3054 1699 3169 1745 tum
3195 1691 3599 1759 Anennoetum,

2007 1785 2125 1841 sive
2175 1782 2315 1855 quod
2371 1781 2717 1852 intelligentia
2762 1783 2880 1852 capi
2933 1798 3033 1836 non
3085 1792 3310 1850 potest,·
3373 1783 3600 1838 tertium

307 1866 482 1937 ἀρχὴν
515 1868 554 1933 ¹,
590 1870 654 1921 ὲκ
680 1868 738 1922 δὲ
772 1868 894 1942 (τῆς
920 1870 1100 1943 ἀρχῆς
1118 1869 1262 1944 [93])
1292 1872 1390 1944 τῆς
1436 1873 1752 1945 Ἀνενοήτου
1777 1873 1899 1927 δευ·
1927 1900 1974 1955 Β
1999 1873 2381 1947 inexplicabile
2411 1889 2425 1937 ;
2458 1881 2714 1943 quartum
2756 1875 3042 1940 Aoratum,
3089 1874 3143 1928 id
3191 1886 3277 1931 est
3324 1887 3598 1945 aspectum

305 1956 450 2029 τέρῳ
462 1959 554 2012 καὶ
570 1957 715 2031 ἕκτῳ
737 1960 889 2033 τόπῳ
917 1963 1325 2035 ἀκατάληπτον.
1349 1965 1441 2018 Ἐκ
1458 1964 1515 2018 δὲ
1536 1964 1638 2036 τῆς
1661 1966 1905 2038 ἀρρήτου

305 2051 477 2122 τρίτῳ
522 2053 620 2106 καὶ
676 2052 891 2127 έὸδόμῳ
936 2055 1090 2128 τόπῳ
1140 2057 1539 2128 άνονόμαστον·
1587 2059 1653 2111 ἐκ
1695 2058 1754 2112 δὲ
1804 2059 1905 2130 τῆς

318 2141 574 2215 Ἀοράτου
594 2143 909 2217 Ἀγέννητον
964 2146 1249 2219 πλήρωμα,
1259 2147 1357 2219 τῆς
1385 2145 1609 2219 πρώτης
1633 2149 1654 2181 ²
1682 2148 1907 2217 Ὀγδοά-

304 2232 414 2296 δος.
455 2233 673 2299 Ταύτας
722 2234 1003 2306 βούλονται
1054 2238 1154 2302 τὰς
1206 2237 1465 2311 δυνάμεις
1520 2238 1903 2312 προϋπάρχειν

266 2389 268 2391 ³
304 2325 399 2379 τοῦ
428 2325 601 2381 Βυθοῦ
626 2328 719 2380 καὶ
742 2329 842 2401 τῆς
870 2330 1058 2402 Σιγῆς,
1090 2330 1180 2384 ἵνα
1202 2331 1424 2386 τελείων
1454 2332 1782 2406 τελειότεροι
1808 2350 1903 2403 φα-

308 2414 474 2466 νῶσιν
522 2415 694 2479 ὄντες,
736 2416 830 2470 καὶ
872 2417 1191 2485 γνωστικῶν
1238 2420 1710 2493 γνωστικιὶντεροι·
1764 2420 1902 2491 πρὸς

311 2504 407 2570 οὓς
438 2505 660 2570 δικαίως
690 2507 755 2561 ἀν
797 2525 881 2573 τις
919 2511 1346 2583 ὲπιφωνὴσειεν·
1381 2508 1453 2566 Ὦ
1481 2512 1767 2586 ληρολόγοι
1811 2529 1901 2565 σο-

309 2598 532 2666 φισταίῐ
566 2598 677 2653 Καὶ
716 2599 825 2672 γάρ
863 2600 996 2673 περὶ
1034 2601 1198 2656 αὐτοῦ
1227 2602 1322 2657 τοῦ
1364 2604 1541 2658 Βυθοῦ
1577 2605 1770 2659 πολλαὶ
1804 2604 1900 2659 καὶ

304 2689 554 2760 διάφοροι
575 2691 791 2762 γνῶμαι
820 2694 953 2764 παρ’
985 2692 1169 2757 αὐτοῖς
1191 2711 1207 2728 ·
1230 2695 1280 2747 οί
1312 2696 1410 2766 μὲν
1439 2694 1549 2767 γὰρ
1584 2697 1745 2750 αὐτὸν
1764 2695 1897 2761 ἄζυ-

304 2799 400 2850 γον
429 2781 667 2850 λέγουσι,
705 2784 847 2855 μήτε
879 2783 1110 2858 ἄρρενα,
1148 2786 1286 2857 μήτε
1319 2784 1560 2857 θήλειαν,
1596 2786 1734 2857 μήτε
1764 2786 1898 2852 ὅλως

300 2874 431 2929 ὄντα
457 2893 541 2929 τι·
571 2876 724 2931 ἄλλοι
764 2877 822 2933 δὲ
858 2877 1230 2949 άρρενόθηλυν
1267 2878 1432 2932 αὐτὸν
1454 2877 1704 2948 λέγουσιν
1730 2874 1893 2945 εἶναι,

303 2967 706 3039 ἐρμαφροδίτου
753 2967 913 3039 φύσιν
957 2967 1110 3039 αύτῷ
1153 2967 1570 3040 περιάπτοντες.
1622 2968 1788 3040 Σιγὴν
1838 2968 1895 3025 δὲ

305 3057 467 3112 πάλιν
497 3057 649 3113 ἄλλοι
684 3058 994 3114 συνευνέτιν
1029 3058 1177 3131 αύτῷ
1212 3057 1640 3131 προσάπτουσιν,
1678 3058 1766 3112 ἵνα
1798 3059 1894 3128 γέ-

302 3167 461 3221 νηται
504 3147 697 3226 πρώτη
732 3149 984 3221 συζυγία,
1012 3149 1107 3203 καὶ
1147 3151 1211 3202 ὲκ
1240 3148 1432 3204 τούτου
1471 3151 1565 3203 καὶ
1601 3151 1665 3202 ὲκ
1687 3149 1890 3222 ταύτης

2009 1966 2238 2038 suqiens.
2296 1963 2416 2018 Jam
2463 1978 2492 2018 a
2540 1961 2816 2020 Proarche
2862 1965 3074 2036 primo,
3118 1980 3184 2021 ac
3215 1968 3409 2038 quinto
3445 1968 3593 2035 loco,

2007 2054 2172 2128 214
2210 2056 2537 2127 principium
2572 2064 2844 2112 exortum.
2883 2058 2925 2111 A
2948 2059 3221 2131 principio
3254 2075 3406 2126 vero,
3444 2060 3594 2132 quod

2005 2143 2385 2201 Anennoetum
2418 2153 2637 2214 vocant,
2693 2148 2940 2203 secundo
2990 2157 3256 2222 sextoque
3295 2152 3421 2207 loco
3469 2167 3599 2223 pro-

2003 2236 2230 2292 ductum
2259 2237 2661 2308 Acataleptum‚
2697 2238 2804 2295 hoc
2826 2248 2910 2297 est
2940 2242 3488 2311 incomprehensibile.
3511 2246 3597 2303 Ab

2003 2325 2373 2397 inexplicabili
2401 2326 2598 2382 deinde
2631 2330 2795 2385 tertio
2836 2329 2959 2391 loco
2987 2346 3051 2387 ac
3086 2332 3322 2404 septimo
3358 2334 3591 2390 Anono-

2003 2426 2277 2486 mastum,
2333 2421 2448 2475 sive
2515 2410 2915 2478 innominabile.
2964 2423 3190 2480 nemum
3260 2427 3330 2482 al)
3386 2427 3594 2484 Aorato

2001 2514 2366 2584 Agennetum‚
2416 2512 2532 2568 sive
2565 2513 2872 2586 Ingenitum
2914 2515 3189 2585 prodiisse
3222 2520 3410 2589 primae
3442 2519 3593 2576 illius

2001 2599 2276 2673 Ogdoadis
2341 2601 2824 2672 complementum.
2866 2601 2978 2658 llas
3036 2604 3114 2657 iili
3167 2606 3398 2661 virtutes
3457 2613 3589 2662 ante

2001 2692 2214 2767 Bython
2273 2694 2338 2747 ac
2393 2690 2556 2763 Sigen
2595 2693 2872 2748 exstitisse
2909 2703 3159 2758 censent,
3217 2703 3276 2749 ut
3326 2698 3590 2767 perfectis

1999 2779 2382 2853 perfectiores,
2445 2789 2609 2853 atque
2670 2783 3100 2854 intelligentibus
3140 2787 3590 2859 intelligentiores

1997 2889 2122 2932 esse
2176 2874 2484 2931 videantur.
2535 2873 2581 2928 Ο
2619 2875 2975 2945 nugacissimi
3036 2878 3436 2950 vanissimique
3496 2896 3593 2936 so·

1999 2967 2228 3037 phistael
2276 2966 2368 3023 Sic
2421 2966 2568 3021 euim
2646 2981 2742 3022 eos
2788 2968 2912 3037 jure
2960 2968 3237 3041 quispiam
3321 2972 3587 3043 appellet.

1996 3056 2132 3113 Nam
2156 3065 2211 3114 et
2236 3057 2304 3113 de
2329 3056 2502 3130 Bytho
2535 3057 2717 3127 plures
2751 3065 2881 3114 sunt
2905 3058 3050 3131 apud
3087 3059 3214 3116 illos
3265 3062 3493 3133 alioqui,
3521 3078 3589 3120 ac

1998 3150 2380 3221 discrepantes
2446 3149 2747 3205 sententiae.
2800 3149 3036 3217 Quidam
3113 3150 3262 3208 enim
3337 3154 3585 3229 injugem

299 3244 369 3298 τὰ
396 3223 701 3299 κατάλδιπα
721 3241 868 3297 οὕτω
895 3243 1446 3315 δραματουργήσωσι.
1478 3242 1589 3296 Καὶ
1611 3240 1780 3314 πολλή
1810 3259 1894 3306 τις
1922 3254 1966 3311 (3
2000 3244 2152 3298 illum
2192 3258 2313 3299 esse
2339 3241 2630 3307 definiunt,
2663 3258 2763 3298 nee
2796 3256 3004 3299 marem
3035 3245 3272 3307 scilicet,
3300 3262 3402 3302 nec
3428 3246 3582 3303 femi·

302 3336 362 3387 ὲν
388 3335 567 3399 αὐτοῖς
590 3335 627 3407 ἠ
655 3336 736 3401 εἰς
767 3333 939 3388 ὕπνον
966 3333 1134 3403 βαθὺν
1168 3333 1260 3386 τὸν
1285 3333 1411 3386 νοῦν
1436 3332 1615 3387 αὐτῶν
1648 3333 1892 3402 καταφέ-

312 3443 479 3499 ρουσα
501 3425 790 3501 ληρολόγος
818 3425 1183 3500 ὁνειροπολία.

2001 3348 2151 3402 nam,
2169 3349 2347 3404 neque
2370 3333 2597 3389 omnino
2613 3333 2840 3389 alterius
2859 3336 3076 3406 generis
3095 3336 3243 3391 aliud
3259 3338 3581 3410 quidquam.

1973 3425 2112 3490 =Alii
2145 3432 2440 3494 utrumque
2472 3424 2522 3478 ei
2557 3430 2749 3480 sexum
2792 3423 3135 3488 attribuunt,
3191 3432 3247 3480 et
3296 3426 3576 3498 Androgy-

277 3531 439 3578 .num
456 3520 693 3580 faciunt.
732 3522 898 3595 Sigen
925 3539 1089 3595 porro
1126 3522 1218 3578 alii
1255 3523 1547 3593 conjugem
1576 3521 1723 3578 illius
1760 3534 1887 3576 esse
1923 3518 2136 3583 dicunt,
2168 3525 2227 3571 ut
2286 3517 2389 3572 hoc
2414 3531 2514 3587 par
2570 3516 2642 3571 sit
2679 3514 2928 3599 omnium
2994 3515 3475 3587 antiquissimum:
3514 3533 3583 3575 ex

299 3629 411 3684 quo
437 3622 631 3671 caetera
660 3613 728 3671 ad
760 3630 886 3672 eum
919 3613 1144 3672 modum
1197 3616 1345 3671 velut
1403 3615 1680 3669 scenicam
1723 3611 1966 3666 fabulam
2031 3616 2342 3681 pertexunt.
2404 3608 2483 3663 lta
2538 3621 2751 3662 summa
2799 3614 2886 3663 est
2923 3607 3069 3678 apud
3121 3608 3270 3677 ipsos
3310 3624 3581 3678 nugarum

299 3723 365 3765 ac
389 3710 723 3768 somniorum
754 3711 1002 3775 licentia,
1021 3710 1226 3781 quibus
1264 3724 1455 3764 corum
1475 3724 1634 3763 mens
1676 3707 1950 3764 altissimo
1974 3706 2214 3777 quodam
2244 3713 2468 3758 veterno
2501 3719 2566 3757 ac
2595 3717 2792 3774 sopore
2819 3702 3110 3757 detinetur.

366 3820 479 3873 Καὶ
501 3821 555 3872 τί
596 3836 685 3889 μοι
712 3819 805 3872 ὲπ).
846 3819 908 3871 τὸ
949 3818 1085 3871 πολὺ
1132 3816 1583 3887 κατατρίὸεσθαι,
1632 3818 1891 3890 φωρατῆς

296 3908 465 3978 οὔσης
493 3910 592 3978 τῆς
622 3911 743 3961 κατ’
782 3908 981 3970 αὐτοὺς
1010 3906 1340 3971 ὑποθέσεως,
1373 3908 1469 3961 καὶ
1503 3906 1596 3961 τοῦ
1643 3910 1764 3962 κατ’
1794 3909 1889 3963 αύ-

300 3999 427 4060 'eo-bc
456 3998 681 4067 ἐλέγχου
709 3997 803 4049 καὶ
840 3996 1154 4068 ἀνατροπῆς
1190 3995 1297 4049 ἀπὸ
1325 3994 1432 4049 τῶν
1477 3997 1887 4069 προειρημένων

306 4089 469 4142 παντὶ
492 4089 569 4159 τῷ
599 4089 905 4162 βουλομένῳ
929 4090 1027 4161 τῆς
1051 4088 1196 4160 ζωῆς
1223 4087 1390 4142 αὑτοῦ
1416 4088 1654 4161 ἔχεσθαι,
1685 4091 1780 4145 καὶ
1809 4089 1885 4161 μὴ

303 4179 617 4235 ἀπατᾶσθαι
637 4184 814 4245 κενοῖς
845 4181 1031 4253 μύθοις
1053 4198 1072 4250 ;
1115 4178 1272 4234 ’Δλλά
1296 4180 1472 4251 ταῦτά
1499 4198 1588 4253 μοι
1615 4181 1742 4253 περὶ
1763 4180 1885 4233 τού-

300 4290 411 4327 των
457 4274 717 4345 είρήσθω.
767 4272 1061 4346 Παρελθὼν
1104 4274 1161 4328 δὲ
1206 4273 1432 4345 ταύτην,
1473 4274 1566 4328 ἐπὶ
1609 4273 1709 4338 τὰς
1757 4272 1884 4345 ἑξῆς

298 4366 668 4438 διασκοπήσω,
701 4366 821 4420 ὁδὸν
854 4365 1077 4439 ἐμαυτῷ
1110 4364 1328 4436 ἀσφαλῆ
1358 4365 1452 4419 καὶ
1490 4366 1676 4439 τρίόον
1709 4363 1880 4429 λείαν,

298 4459 465 4523 ὅπως,
494 4459 593 4523 τὰς
622 4460 827 4515 τούτων
858 4459 1160 4532 μοχθηρίας
1180 4457 1392 4523 διεξιών
1413 4476 1473 4512 τε
1496 4460 1590 4512 καὶ
1620 4458 1881 4528 ἐλέγχων,

2070 3816 2395 3887 Quanquam
2430 3814 2561 3886 quid
2610 3813 2698 3868 hic
2736 3827 2836 3884 ego
2874 3812 3083 3867 diutius
3116 3811 3408 3877 immoror;
3449 3826 3576 3865 cum

1998 3910 2177 3980 ipsum
2231 3923 2327 3979 per
2353 3921 2476 3963 sese
2519 3907 2738 3960 illorum
2787 3914 3167 3976 argumentum
3230 3918 3390 3958 omne
3421 3902 3580 3960 facile

1997 3999 2279 4071 prodatur,
2325 4004 2692 4068 appareatque
2732 3996 2817 4050 vel
2859 4010 2923 4050 ex
2983 3994 3053 4049 iis
3083 4009 3206 4065 qnoe
3262 3994 3406 4048 dicta
3448 4003 3576 4050 sunt

1995 4090 2455 4163 quemadmodum
2518 4090 2686 4144 everti
2728 4087 3095 4157 convincique
3149 4087 3360 4158 possit?
3405 4087 3487 4141 Sit
3529 4088 3576 4142 is

1993 4183 2158 4238 modo
2213 4182 2507 4254 quispiam,
2566 4182 2660 4253 qui
2707 4182 2971 4236 inhaercre
3023 4180 3147 4234 vitae
3196 4180 3411 4250 cupiat,
3472 4195 3573 4236 nec

1993 4277 2334 4333 inanissimis
2362 4276 2524 4347 nugis
2572 4289 2636 4329 ac
2664 4273 2968 4330 mendaciis
3003 4272 3202 4344 decipi.
3253 4272 3359 4329 Sed
3405 4274 3475 4329 dc
3504 4274 3571 4327 iis

1992 4373 2282 4427 hactenus.
2320 4369 2430 4423 Nos
2468 4368 2571 4423 hac
2616 4366 2810 4423 baeresi
2862 4365 3250 4435 praetermissa,
3282 4372 3457 4420 tutum
3502 4365 3570 4420 ad

1993 4472 2219 4516 caeteras
2260 4462 2380 4524 iter,
2421 4473 2488 4515 ,ac
2529 4457 2750 4527 planum
2794 4454 3218 4527 prospiciemus,
3252 4463 3311 4510 ut
3348 4454 3404 4510 in
3451 4454 3544 4509 illo

299 4550 534 4621 ἐμαυτόν
561 4568 623 4605 τε
650 4552 743 4605 καὶ
771 4553 898 4617 τοὺς
929 4551 1225 4614 ἀκούοντας
1249 4552 1307 4604 ὲν
1335 4552 1401 4620 τῇ
1440 4549 1536 4603 τοῦ
1560 4548 1696 4602 Θεοῦ
1723 4548 1877 4603 δυνά·
1918 4559 1962 4615 n
1991 4567 2113 4607 rum
2186 4548 2521 4605 recensenda
2601 4547 3044 4617 confutandaque
3125 4548 3367 4618 nequitia
3440 4559 3563 4601 cum

302 4658 392 4712 μει
421 4642 671 4696 διασώσω
707 4642 795 4697 διὰ
837 4644 937 4713 τῆς
961 4642 1057 4696 τοῦ
1110 4642 1311 4712 Κυρίου
1348 4640 1506 4712 ἡμῶν
1538 4640 1885 4705 διδασκαλίας

299 4733 394 4786 καὶ
415 4729 676 4803 ἀληθινῆς
700 4733 952 4805 θεωρίας,
974 4733 1053 4797 ὡς
1098 4731 1371 4801 Μύαγρον
1405 4728 1607 4802 ταύτην
1639 4729 1738 4801 τὴν
1766 4729 1880 4801 ἔχι-

297 4823 445 4890 δναν,
480 4825 578 4898 τὴν
607 4825 829 4890 πολλαῖς
857 4825 1072 4896 ἑτέραις
1102 4824 1336 4895 ἐχίδναις
1352 4823 1613 4890 ἐοικυῖαν,
1638 4822 1716 4893 τῷ
1749 4824 1881 4876 ύπο-

295 4911 550 4983 δείγματι
575 4915 596 4946 ⁸
618 4914 710 4969 τοῦ
740 4915 1072 4985 Εύαγγελίου
1102 4913 1214 4984 (94)
1244 4913 1749 4982 καταπατήσαντες,
1779 4910 1877 4973 τὰς

296 5003 425 5076 ἑξῆς
451 5005 929 5077 διασκοπήσωμεν.

305 5301 312 5306 ’
370 5298 535 5354 ¹Iren.
566 5300 717 5370 τόπῳ
750 5302 872 5371 ἀρχ.
911 5299 1034 5355 ttaee
1065 5308 1246 5353 autem
1272 5299 1394 5370 (τῆς
1418 5298 1613 5368 ἀρχῆς)
1647 5297 1748 5367 τῆς
1786 5298 2107 5369 ἀνεννοήτου
2159 5312 2268 5352 non
2305 5296 2490 5353 habet.

297 5371 322 5404 ⁸
354 5368 415 5426 F.
446 5370 773 5442 ὑποδήματι.

1995 4641 2435 4721 nobismetipsis,
2479 4647 2594 4693 tum
2628 4640 2750 4693 aliis
2804 4653 3026 4708 quoque
3075 4637 3261 4692 divina
3311 4653 3414 4707 ope
3444 4637 3567 4692 freti

1993 4733 2279 4791 consulere
2328 4734 2626 4804 possimus.
2661 4728 2834 4796 Quam
2869 4729 2936 4783 ad
2972 4744 3085 4783 rem
3129 4726 3344 4783 Domini
3388 4728 3564 4782 nostri

1990 4827 2298 4883 doctrinam
2328 4840 2392 4881 ac
2410 4824 2752 4881 notissimam
2778 4822 3025 4879 veritatis
3050 4822 3565 4893 contemplationem

1989 4918 2398 4982 adhibebimus,
2451 4923 2512 4972 ut
2571 4916 2718 4973 illam
2784 4914 3044 4989 Myagron
3105 4916 3387 4987 viperam,
3444 4934 3566 4989 qua:

1989 5006 2345 5076 plurimarum
2395 5006 2626 5061 aliarum
2674 5007 2874 5062 similis
2908 5017 3014 5071 cst,
3059 5007 3208 5062 velut
3249 5009 3563 5079 evangelii-n

1983 5096 2167 5151 calceo
2185 5094 2590 5166 proculcautcS,
2611 5103 2839 5150 caetcras
2875 5096 3277 5170 aggrediamur.

2572 5301 2591 5329 ²
2619 5298 2761 5354 Iren.
2782 5298 3045 5369 τετάρτῳ,
3076 5298 3169 5351 καὶ
3194 5298 3364 5370 ὀγδόῳ
3387 5298 3556 5371 τόπῳ.

368 5571 478 5644 (95)
529 5574 630 5627 Ἐκ
653 5572 722 5625 δὲ
743 5571 852 5642 τῆς
873 5571 1085 5641 ἀρχῆς.
1117 5571 1245 5642 ch.
1279 5573 1343 5625 ὲκ
1364 5570 1421 5623 δὲ
1452 5569 1547 5640 τῆς
1578 5571 1862 5640 ἀνενοήτου
1967 5586 2061 5623 του
2102 5568 2249 5638 legit.

290 5641 551 5713 δευτέρῳ,
577 5653 708 5706 etc..
744 5652 804 5696 ut
834 5659 993 5698 voces
1021 5646 1144 5707 illae,
1176 5644 1276 5729 τῆς
1307 5642 1481 5713 ἀρχῆς
1501 5679 1517 5704 ,
1553 5641 1865 5711 parenthesi

2042 5638 2152 5708 (at)
2200 5637 2284 5702 Τῷ
2310 5640 2695 5708 ὑποδείγματι
2728 5641 2835 5694 τοῦ
2864 5643 3251 5713 Εὑαγτελίου.
3280 5643 3549 5710 Conjicic-

291 5712 521 5768 inclusae
560 5714 811 5769 ascititiae
851 5712 1158 5767 videantur.
1204 5712 1375 5782 hujus
1414 5709 1767 5781 *contrarium
1800 5710 1861 5765 ab
1972 5711 2095 5763 bam
2143 5708 2452 5779 ὑποδήματι
2497 5711 2942 5766 substituendum
2987 5729 3128 5769 esse.
3171 5713 3330 5779 Quod
3371 5714 3417 5768 si
3461 5713 3548 5768 cui

289 5784 481 5853 operis
508 5792 591 5837 cst
627 5785 827 5838 iactum
859 5792 968 5836 tam
1008 5785 1062 5838 in
1096 5791 1358 5838 contextu
1407 5782 1563 5852 ipso,
1609 5795 1772 5850 quam
1814 5782 1868 5834 in
1974 5789 2188 5847 recepta
2217 5778 2327 5846 jam
2367 5779 2531 5833 lectio
2567 5782 2740 5849 magis
2783 5784 3064 5842 arriserit:
3099 5785 3403 5852 ὑπόδειγμα
3446 5789 3549 5839 noc

291 5853 504 5926 pagina*
535 5855 724 5908 limite.
750 5853 808 5907 Si
839 5853 1056 5924 quidem
1093 5853 1328 5909 Irenaeus
1358 5853 1422 5905 ἐκ
1450 5852 1505 5906 δὲ
1532 5852 1629 5923 τῆς
1653 5851 1875 5921 ἀνενοή-

657 5967 931 6031 I‘nuot..
964 5970 1082 6030 Gu.
1118 5967 1282 6029 XLI.

1976 5851 2099 5905 luco
2127 5864 2231 5920 1¹¹⁰
2261 5850 2515 5905 ntandato
2544 5856 2597 5906 ei
2632 5862 2904 5924 praeccpto
2935 5852 3309 5926 accipiendum
3349 5862 3456 5908 est.

3151 5967 3221 6026 18
