3850 6517
292 457 398 514 025

1283 457 1340 511 S.
1377 456 1715 513 EvtrtlANtl
1758 459 1940 513 ACTA
1983 460 2482 517 ssoLt..tNut.tNA.

3444 459 3537 516 ¹26

291 575 435 629 diem
478 574 645 628 annui
694 573 875 628 cultus
922 574 1102 629 adbuc
1153 575 1477 643 ignoramus
1523 586 1578 629 et
1617 586 1870 644 optamus
1900 582 1946 637 Α
1976 578 2173 641 salvat,
2211 579 2441 632 alterum
2477 587 2681 639 autent,
2718 581 2844 646 qnia
2882 587 2937 631 et
2980 579 3093 646 ipse
3123 593 3231 631 non
3271 578 3540 633 modicam

290 663 506 719 discere
534 680 548 718 ε
580 664 647 718 de
691 663 906 718 Gelasio
932 664 1062 719 alibi
1108 665 1238 718 niltil
1281 665 1538 733 legimus;
1590 681 1765 736 neque
1806 676 1865 720 ιιι

291 771 418 810 vere
453 752 880 809 Salaminiorum
921 756 1208 825 episcopus
1250 756 1436 820 suerit,
1486 758 1535 811 ei
1585 757 1867 813 credimus

293 848 626 903 successisse
675 847 1069 917 Epipltattittnt;
1107 847 1201 903 sed
1237 850 1418 918 potins
1468 850 1725 913 Auxibio,
1771 850 1865 920 qui

291 937 434 993 inter
482 937 708 1008 Cyprios
757 938 1043 1008 episcopos
1089 940 1373 994 duodecim
1429 940 1644 1008 (babuit
1684 953 1864 1009 autem

295 1027 473 1083 insula
507 1027 801 1082 universim
833 1029 1172 1098 episcopales
1205 1030 1364 1086 sedes
1397 1032 1708 1101 quindecim
1714 1047 1733 1103 )
1767 1046 1869 1085 no-

297 1120 540 1176 minatur
567 1136 597 1176 a
624 1119 679 1174 S.
716 1121 1015 1176 Athanasio
1040 1121 1268 1190 primus,
1301 1139 1489 1177 ent-unt
1516 1124 1608 1193 qui
1644 1124 1869 1195 synodi-

296 1229 417 1268 cam
447 1213 784 1269 sardicensis
812 1214 1187 1269 conciliianno
1207 1215 1312 1269 347
1326 1216 1697 1284 subsignando
1717 1225 1870 1286 post-

295 1319 364 1358 ea
413 1304 815 1373 approbarunt;
846 1304 1122 1363 antidius,
1167 1305 1214 1360 si
1242 1306 1867 1374 alinsqnisiutercessit,

299 1395 624 1451 successori.
662 1393 744 1450 Eo
777 1403 1019 1462 tempore
1040 1406 1281 1464 coepet·at
1307 1396 1485 1451 insula
1517 1411 1637 1450 euttt
1685 1398 1746 1452 S.
1777 1395 1869 1449 tli-

300 1486 516 1542 tat-ione
549 1486 848 1541 monachos
875 1486 1040 1540 etiam
1068 1502 1231 1541 nosse
1257 1504 1272 1541 z
1299 1487 1557 1543 credibile
1587 1497 1766 1541 tamen
1788 1498 1874 1543 est

298 1577 370 1631 ab
386 1575 676 1646 Epipltauii
695 1575 1034 1630 institutione
1049 1584 1102 1629 et
1122 1590 1252 1630 cura
1279 1576 1531 1645 pleraque
1544 1591 1735 1630 eorum
1753 1591 1870 1630 mo-

304 1667 672 1723 nasteriorum
705 1677 880 1720 erecta
905 1665 1222 1734 directaque
1242 1665 1432 1728 luisse,
1455 1682 1686 1734 qnorum
1706 1682 1869 1735 snpra

301 1759 684 1816 meminimus:
718 1757 855 1812 adeo
892 1766 953 1811 ut
987 1756 1180 1810 merito
1215 1757 1497 1827 scripserit
1535 1755 1874 1813 sozomenus

302 1851 371 1905 de
399 1847 702 1919 Epipltanio
731 1848 828 1904 lib.
867 1863 1080 1918 vt‚cap.
1116 1848 1206 1912 δὲ,
1229 1849 1372 1917 quod
1410 1865 1428 1898 ι
1474 1848 1528 1900 in
1571 1849 1872 1903 monastica

1982 669 2108 722 inde
2139 669 2441 722 intercedenti
2482 668 2661 722 babet.
2692 669 2882 721 Attulit
2921 678 3101 722 antem
3136 669 3201 722 ad
3249 669 3545 722 credulita·

1978 769 2083 813 tent
2118 759 2269 814 verbi
2302 770 2356 813 et
2380 759 2750 814 testimonium
2777 774 2961 823 vet-ax,
2987 761 3131 828 quod
3156 760 3300 814 circa
3337 759 3395 813 S.
3420 757 3549 829 Epi·

1981 851 2241 920 pltaninm
2271 860 2324 904 et
2367 849 2629 904 «loannem
2690 852 3001 918 episcopum
3046 849 3544 922 Hierosolymorum

1980 942 2185 996 sat-tunt
2217 954 2301 998 cst
2330 959 2344 996 ε
2378 942 2655 1012 quomodo
2691 941 2749 994 S.
2775 940 3109 1008 Epiphanius
3137 956 3230 1010 pet·
3258 951 3429 995 artent
3462 952 3548 995 tu-

1979 1033 2042 1085 lit
2063 1044 2343 1099 argentum
2375 1033 2721 1102 patriarchae,
2751 1031 3000 1085 videlicet
3026 1028 3254 1083 «loannis
3276 1030 3545 1099 ejusdem,

1977 1132 2029 1176 et
2078 1124 2223 1176 dedit
2274 1123 2581 1187 egentibus.
2647 1143 2664 1172 ›
2723 1122 2837 1175 Alia
2901 1130 3051 1175 cet-te
3114 1131 3232 1175 arte
3295 1122 3549 1176 utebatur

1981 1216 2037 1269 S.
2068 1214 2307 1270 loannes
2332 1214 2828 1285 Eleemosynarius,
2881 1212 3011 1265 dnm
3052 1212 3343 1266 identidem
3378 1213 3550 1267 dotta-

1980 1316 2063 1361 tas
2094 1305 2237 1359 ultro
2273 1306 2339 1358 ad
2380 1321 2512 1359 snos
2541 1320 2675 1359 usus
2715 1307 2794 1358 vel
2825 1303 2987 1358 etiam
3024 1302 3221 1372 petitas
3247 1312 3424 1359 vestes
3451 1320 3549 1356 no-

1979 1413 2097 1460 vas,
2127 1397 2407 1452 vendendo
2435 1413 2500 1452 ae
2523 1397 2755 1464 pretium
2776 1395 3155 1450 distribuendo
3179 1396 3232 1449 in
3259 1410 3547 1464 pauperes»,

1985 1508 2003 1540 ι
2042 1489 2284 1543 suaviter
2314 1488 2473 1557 quasi
2506 1486 2870 1541 vindemiabat
2913 1485 3203 1554 opulentos
3236 1485 3482 1540 ltotnines
3523 1505 3544 1539 ι

1980 1592 2107 1648 erga
2135 1576 2194 1633 se
2232 1577 2504 1631 beneficos
2543 1594 2556 1630 z
2592 1591 2757 1644 quam
2805 1590 2912 1645 qua
2960 1589 3094 1628 usus
3150 1574 3374 1643 lingitur
3421 1575 3549 1644 Epi-

1981 1668 2239 1738 pltanius,
2274 1667 2369 1737 qui
2412 1676 2796 1736 argenteorum
2836 1680 3117 1726 vasorum,
3161 1667 3306 1721 velut
3342 1665 3408 1720 ad
3456 1668 3553 1721 lto-

1981 1763 2181 1830 spitum
2224 1759 2587 1829 quorumdam
2641 1757 3021 1813 tractationem
3069 1765 3261 1812 mutuo
3302 1767 3544 1829 accepto·

1986 1865 2126 1914 rum,
2170 1868 2188 1900 ι
2242 1849 2452 1919 pondus
2500 1848 2761 1901 librarum
2825 1847 2971 1900 mille
3021 1848 3473 1916 quingentartnn,
3528 1868 3547 1900 ι

305 1938 584 2010 disciplina
621 1937 1013 1993 celeberrimus
1040 1937 1321 1991 exstititet
1350 1934 1618 2007 AEgyptiis
1646 1947 1699 1991 ct
1720 1937 1883 1992 Pala>-
1913 1934 1953 1987 B
1986 1942 2160 1995 inscio
2192 1940 2411 1994 domino
2459 1938 2763 1993 vendiderit
2793 1938 3225 2007 erogaveritque,
3266 1954 3328 1992 ac
3362 1950 3550 2007 postea

309 2029 507 2094 stiuiis,
530 2029 830 2099 etdenique
846 2028 1063 2100 Cypriis
1087 2027 1231 2097 apud
1249 2042 1388 2097 quos
1400 2028 1606 2083 electus
1632 2039 1792 2084 estut
1824 2030 1877 2084 in

314 2122 590 2192 metropoli
640 2120 808 2176 totius
838 2120 1032 2176 insulae
1057 2119 1427 2190 episcopatum
1453 2119 1877 2175 administraret.

383 2211 468 2267 ¹6.
508 2210 643 2267 Dum
669 2213 814 2267 ltunc
845 2221 1077 2282 gereret,
1112 2227 1130 2260 ι
1173 2210 1342 2264 multa
1376 2209 1451 2265 illi
1496 2211 1755 2266 miracula
1784 2212 1882 2266 tri-

308 2302 573 2367 buuntur,
598 2317 662 2358 ex
692 2302 894 2372 quibus
926 2302 1056 2356 illud
1090 2302 1156 2354 a.l
1187 2301 1436 2355 notitiam
1471 2312 1714 2356 nostram
1761 2318 1882 2372 per·

311 2394 480 2459 venit,
512 2413 530 2446 ι
569 2394 742 2465 inquit
769 2393 911 2449 idem
953 2391 1296 2448 sozomenus
1337 2393 1430 2448 lib.
1476 2409 1573 2454 vn,
1622 2410 1741 2462 cap.
1787 2394 1880 2452 27.

324 2501 345 2532 ι
379 2483 516 2538 Cum
542 2484 777 2540 liberalis
808 2490 951 2540 esset
981 2498 1109 2555 erga
1139 2499 1427 2552 pauperes,
1476 2485 1567 2553 qui
1624 2485 1704 2539 vel
1745 2501 1883 2540 nau-

324 2573 498 2642 fragio
533 2575 615 2628 vel
643 2575 749 2629 alio
790 2576 1042 2645 quopiam
1085 2592 1218 2631 casu
1267 2575 1335 2630 ad
1382 2577 1620 2645 inopiam
1678 2577 1882 2633 redacti

318 2673 524 2732 essent,
563 2667 821 2737 quoniam
853 2664 1133 2723 facultates
1164 2684 1295 2723 suas
1314 2668 1425 2737 jam
1454 2669 1659 2738 pridem
1693 2685 1885 2725 omues

312 2755 714 2826 absumpserat,
764 2758 1006 2814 ecclesiae
1029 2758 1186 2815 bonis
1214 2760 1304 2814 nbi
1345 2775 1480 2829 opus
1523 2770 1640 2814 erat
1677 2761 1884 2829 prolixe

317 2863 446 2903 usus
474 2855 596 2903 est:
630 2857 750 2905 erat
783 2859 962 2905 autem
997 2851 1411 2922 opulentissima
1459 2852 1579 2921 ejus
1628 2852 1880 2907 eeclesia.

315 2937 470 2994 Multi
493 2939 637 2995 euim
663 2956 729 2997 ex
759 2942 935 2999 variis
964 2943 1212 3013 partibus
1247 2943 1418 3010 orbiS,
1463 2943 1555 3013 qui
1586 2959 1718 3013 opes
1755 2958 1886 2998 suas

319 3027 373 3084 in
402 3030 523 3101 pios
575 3046 706 3088 usus
753 3032 1064 3102 impendere
1110 3034 1422 3102 studebant,
1463 3044 1520 3089 ct
1566 3037 1887 3105 superstites

315 3119 431 3190 eius
473 3123 717 3181 ecclesite
740 3141 835 3180 eas
863 3125 1269 3194 impendebant,
1300 3135 1356 3178 et
1391 3129 1685 3182 morientes
1710 3126 1885 3181 eidem

315 3215 714 3286 relinquebant.
739 3217 1101 3272 Conlidebant
1134 3219 1278 3272 enim
1328 3219 1497 3281 illum.
1557 3229 1743 3288 utpote
1795 3220 1889 3289 qui

315 3303 519 3374 probus
547 3302 892 3376 dispensator
923 3303 1131 3376 Deique
1159 3309 1576 3365 amantissimus
1610 3321 1775 3375 esset,
1803 3325 1892 3365 res

316 3395 385 3451 ab
406 3394 540 3466 ipsis
572 3396 801 3452 donatas
833 3412 900 3451 ex
929 3398 1172 3467 ipsorum
1210 3399 1479 3455 sententia
1505 3416 1572 3455 ae
1609 3401 1887 3457 voluntate

318 3497 692 3560 erogaturum.
738 3487 989 3555 Quodam
1044 3487 1212 3561 igitur
1256 3499 1497 3562 tempore
1541 3507 1665 3546 cunt
1709 3507 1896 3562 paucae

318 3579 611 3637 admodum
668 3580 913 3652 pecuniae
975 3590 1362 3651 superessent,
1434 3582 1588 3638 aiunt
1652 3584 1896 3640 ecelesiae

319 3687 667 3728 oeconomum
725 3674 1125 3737 succensuisse,
1177 3689 1417 3743 eumque
1465 3682 1727 3746 tanquam
1767 3690 1896 3746 pro-

321 3763 504 3835 digum
530 3766 941 3837 reprehendisse
968 3783 983 3819 ε
1013 3765 1165 3818 illum
1203 3781 1356 3828 vero,
1396 3783 1463 3820 nc
1501 3776 1614 3822 tum
1650 3768 1893 3837 quidem,

320 3856 389 3910 de
434 3856 595 3912 solita
648 3872 776 3926 erga
833 3871 1100 3925 pauperes
1157 3854 1531 3909 munificentia
1594 3860 1892 3915 remisisse.

324 3945 598 4000 Omnibus
634 3956 814 3997 autem
862 3942 1225 4011 consumptis,
1271 3954 1489 4012 repente
1536 3953 1722 4005 nescio
1772 3951 1898 4021 quis

330 4034 402 4090 ad
432 4033 770 4096 cubiculum,
823 4034 877 4087 in
922 4048 1033 4103 quo
1079 4033 1309 4105 degebat
1359 4051 1698 4106 oeeonomus,
1743 4057 1900 4097 acce-

335 4127 495 4186 dens.
526 4138 746 4179 saccum
776 4125 827 4179 in
860 4142 970 4196 quo
999 4126 1152 4181 multi
1194 4136 1352 4182 erant
1393 4131 1543 4184 aurei
1592 4132 1798 4185 nummi
1845 4131 1898 4186 in

341 4233 532 4273 manus
555 4217 604 4273 ei
636 4217 873 4274 tradidit.
907 4218 1152 4289 Cumque
1186 4236 1286 4276 nec
1322 4221 1368 4277 is
1415 4223 1510 4293 qui
1547 4224 1771 4278 dederat
1803 4240 1902 4279 nce

337 4309 384 4367 is
416 4309 508 4380 qni
535 4309 759 4366 miserat
802 4321 1136 4379 nosceretur,
1172 4312 1555 4386 videreturque
1595 4316 1789 4370 merito
1820 4317 1903 4370 in-

332 4403 514 4460 solens
542 4402 945 4475 quemquamiu
979 4412 1128 4460 tanta
1159 4407 1404 4475 pecuniae
1427 4406 1902 4476 largitionelatere

331 4497 488 4563 velle,
504 4507 617 4551 tuin
637 4513 764 4552 vero
783 4497 1021 4554 universi
1039 4496 1091 4552 id
1115 4496 1208 4552 Dei
1236 4512 1375 4567 opus
1396 4498 1864 4569 essejudicarunt.
1878 4519 1896 4552 ι

1985 2035 2037 2088 in
2077 2032 2315 2103 episcopi
2353 2030 2420 2084 de
2461 2029 2661 2099 injuria
2701 2029 2802 2084 sibi
2846 2029 2987 2084 saeta
3037 2031 3318 2099 querentis
3359 2030 3551 2085 faciem

1982 2141 2281 2196 exspuens,
2316 2140 2440 2178 eum
2471 2121 2843 2178 excaecaverit.

2056 2221 2143 2275 ¹8.
2187 2216 2319 2270 Tam
2345 2214 2490 2268 enim
2527 2210 2953 2268 circumstantia:
3001 2226 3080 2265 ere
3126 2210 3275 2266 falsie
3308 2228 3430 2267 esse
3472 2213 3557 2266 vi·

1985 2314 2202 2370 dentur,
2230 2326 2393 2380 quam
2424 2310 2569 2379 quod
2614 2307 2756 2362 idem
2798 2307 3059 2370 loannes,
3100 2318 3317 2379 recepto
3361 2310 3556 2365 deinde

1987 2403 2052 2457 ad
2085 2417 2270 2472 preces
2305 2394 2590 2469 Epipltattii
2620 2399 2737 2453 visu
2786 2401 2950 2453 unius
2980 2400 3151 2454 solius
3188 2401 3354 2462 oculi,
3405 2418 3425 2452 ι
3460 2417 3556 2455 ca·

1991 2492 2227 2562 stigatus
2259 2498 2313 2543 et
2372 2490 2661 2543 convictus
2703 2504 2733 2542 a
2781 2489 2897 2542 viro
2936 2489 3088 2557 justo
3139 2488 3242 2543 tuit
3303 2489 3557 2560 deinceps

1988 2593 2210 2638 sanctus
2240 2583 2292 2636 in
2330 2581 2604 2634 omnibus,
2650 2599 2669 2632 ι
2710 2579 2820 2634 lloc
2851 2596 2984 2636 sane
3015 2582 3081 2636 de
3130 2597 3197 2635 eo
3239 2599 3348 2636 non
3385 2583 3559 2638 sensit

1990 2673 2347 2743 Epiphanius,
2390 2673 2612 2741 qnando
2650 2673 2717 2727 ad
2774 2672 3047 2737 eumdem,
3102 2672 3170 2727 de
3215 2671 3559 2744 origenianis

1989 2761 2270 2816 erroribus
2306 2760 2448 2831 apud
2498 2776 2559 2815 se
2604 2770 2946 2830 suspectum,
2995 2772 3053 2817 et
3100 2763 3373 2817 immerito
3419 2763 3560 2818 indi·

1989 2855 2245 2926 g‘itantem
2275 2852 2404 2921 qnia
2441 2851 2500 2906 S.
2528 2851 2844 2922 Hieronymi
2884 2853 3130 2918 fratrem,
3173 2850 3562 2910 Pauliniannnt'

1992 2945 2318 3001 monachum
2362 2944 2478 3014 ipse
2516 2943 2890 3014 presbyterum
2928 2946 3226 3010 ordinarat,
3269 2947 3557 3014 epistolam

1992 3037 2227 3106 scripsit.
2252 3052 2414 3105 quant
2446 3036 2516 3090 ab
2545 3037 2776 3105 ipsomet
2825 3035 2884 3091 S.
2931 3036 3257 3109 llierouymo
3297 3039 3560 3094 habemus

1993 3127 2287 3182 Latinitate
2313 3127 2593 3194 donatam,
2619 3127 2720 3182 ltoc
2739 3128 3005 3198 principio
3034 3146 3050 3183 z
3079 3148 3096 3179 ι
3126 3128 3418 3197 Oportebat
3440 3145 3561 3192 nos,

1994 3219 2362 3283 dilectissime,
2383 3218 2672 3274 clericatus
2692 3218 2899 3273 bonore
2932 3236 3040 3274 nott
3080 3220 3227 3274 abuti
3269 3219 3341 3273 ob
3374 3234 3566 3288 super-

1994 3309 2161 3375 biam,
2209 3310 2303 3365 sed
2349 3310 2596 3366 custodia
2641 3310 3023 3365 mandatorum
3073 3309 3163 3364 Dei
3209 3319 3265 3364 et
3303 3311 3567 3380 observas·

1994 3399 2144 3455 tione
2167 3401 2492 3468 dignissima
2540 3401 2643 3456 ltoe
2681 3417 2804 3457 esse
2840 3401 2985 3472 quod
3030 3396 3333 3455 dicimur...
3366 3399 3563 3455 Audivi

1992 3494 2136 3548 enim
2176 3493 2321 3564 quod
2352 3505 2563 3550 tumeas
2584 3501 2776 3548 contra
2810 3508 2933 3556 noS,
2964 3503 3017 3546 et
3056 3492 3335 3554 irascaris.
3367 3499 3422 3547 et
3456 3491 3564 3546 mi-

1994 3584 2184 3640 niteris
2238 3585 2475 3642 seribere
2525 3585 2579 3639 in
2631 3597 2909 3640 extremos
2954 3585 3091 3638 lines
3146 3591 3368 3639 terrae...
3418 3580 3566 3638 Nilnt

1995 3672 2092 3727 tibi
2114 3675 2420 3737 nocuimus,
2454 3675 2588 3728 nibil
2623 3674 2835 3743 injuriae
2863 3673 3114 3736 fecimus,
3146 3673 3279 3727 nibil
3305 3672 3568 3727 violenter

1995 3768 2342 3822 extorsimus.
2374 3765 2432 3821 ln
2460 3768 2790 3822 monasterio
2820 3767 3073 3828 fratrum,
3110 3773 3166 3818 et
3208 3765 3435 3819 [atrum
3481 3779 3569 3832 pe-

1998 3857 2361 3926 regrinorum,
2406 3857 2498 3922 qui
2538 3857 2829 3926 provinciae
2876 3866 2981 3911 tuae
3029 3855 3166 3912 tu'ltil
3208 3855 3484 3916 deberent,
3511 3863 3569 3909 et

1997 3956 2213 4017 propter
2262 3957 2502 4001 nostram
2559 3947 2876 4015 pat-vitatem
2923 3955 2972 4000 et
3024 3946 3253 4011 litteras,
3304 3960 3442 4016 quas
3497 3945 3567 3999 ad

1998 4056 2094 4094 eos
2113 4041 2307 4095 erebro
2338 4039 2664 4101 direximus,
2702 4054 2769 4091 ne
2803 4037 3115 4091 viderentur
3151 4038 3385 4107 quadam
3413 4036 3568 4092 duri-

2001 4130 2072 4184 tia
2101 4139 2156 4184 et
2185 4128 2516 4184 couscientia
2546 4135 2730 4182 nostra
2764 4126 3002 4194 antiquae
3041 4124 3164 4178 lidei
3212 4124 3283 4179 ab
3326 4121 3570 4178 Ecclesia

2002 4220 2267 4291 separari,
2305 4220 2676 4274 ordinavimus
2699 4218 3011 4282 diaconum,
3042 4226 3096 4273 et
3132 4225 3418 4286 postquam
3466 4214 3576 4268 nti-

2003 4309 2253 4366 uisu-avit
2283 4323 2475 4362 rursus
2507 4306 2884 4377 presbyterum
2914 4318 3120 4374 :super
3152 4318 3263 4373 quo
3301 4302 3580 4360 debueras

2003 4399 2293 4469 gratulari,
2350 4396 2653 4466 intelligens
2695 4393 2843 4464 quod
2903 4393 2975 4449 ob
3022 4391 3116 4447 Dei
3167 4391 3419 4446 timorem
3468 4392 3572 4449 boe

2005 4505 2197 4544 sumus
2223 4488 2401 4544 lacere
2422 4483 2809 4556 compulsi.....

405 4588 491 4642 17.
522 4586 598 4642 lta
652 4586 1022 4653 Sozomenus,
1075 4597 1334 4656 tanquam
1398 4588 1503 4645 boc
1560 4590 1904 4660 alterumque
1938 4607 1979 4664 D
2079 4580 2168 4636 19.
2202 4599 2220 4631 ι
2262 4581 2397 4634 Cum
2437 4578 2582 4633 enim
2621 4575 2877 4630 vidissem
2928 4553 3057 4644 quia
3106 4571 3397 4626 multitudo
3444 4589 3570 4627 san-

334 4697 461 4737 mox
494 4680 886 4749 subjiciendum
907 4681 1083 4735 solunt
1103 4680 1355 4735 distincte
1370 4681 1647 4751 cognitum
1666 4681 1904 4748 habens;

332 4773 565 4846 proinde
595 4772 730 4827 nibil
771 4773 951 4829 sciens
977 4772 1045 4828 de
1072 4773 1465 4828 commentitiis
1498 4771 1606 4826 illis
1647 4789 1711 4828 ac
1750 4789 1902 4829 meu·

333 4863 647 4921 daeissimis
696 4859 868 4928 Actis,
904 4863 958 4918 in
1006 4862 1208 4934 quibus
1242 4872 1355 4916 tum
1401 4863 1506 4918 alia
1555 4864 1724 4918 multa
1757 4863 1908 4919 valde

335 4955 638 5028 singularia
668 4955 1037 5020 continentur,
1062 4963 1176 5008 tum
1207 4952 1295 5006 illa
1339 4951 1454 5021 ipsa
1480 4951 1590 5007 duo
1616 4952 1774 5027 longe
1808 4952 1908 5007 ali-

338 5057 422 5102 ter
451 5055 777 5113 narrantur-3
809 5045 957 5116 quod
988 5044 1130 5099 idem
1182 5042 1449 5099 sevidisse
1497 5028 1906 5105 videtue'hlteri

340 5136 400 5194 S.
439 5136 723 5208 Epipltanii
755 5135 923 5200 lacto,
949 5135 1109 5203 cujus
1147 5133 1200 5188 in
1246 5132 1366 5187 Vita
1403 5130 1462 5188 S.
1499 5132 1724 5188 lautitiis
1763 5134 1910 5189 Elee-

341 5226 656 5299 mosynarii,
680 5241 712 5280 a
760 5223 921 5281 nobis
949 5224 1078 5279 data
1117 5223 1188 5278 23
1223 5220 1490 5288 ianuarii,
1526 5222 1598 5276 ita
1662 5223 1912 5278 meminit

338 5335 557 5377 coaevus
577 5316 778 5373 loanni
811 5315 1091 5383 Lem-tius,
1121 5313 1421 5384 Neapoleos
1443 5314 1605 5386 Cypri
1623 5314 1911 5386 episcopus

337 5409 545 5466 saecuto
562 5424 659 5475 vn,
692 5424 747 5461 n.
779 5405 871 5470 55,
901 5418 1151 5469 narrans,
1187 5404 1332 5475 quod
1366 5402 1680 5460 &loannes
1711 5425 1729 5457 ι
1767 5407 1913 5462 dice-

344 5504 439 5556 bat
465 5512 698 5570 semper,
734 5496 878 5569 quod
921 5506 1105 5568 posset
1155 5497 1374 5568 aliquis,
1421 5495 1720 5550 intentione
1750 5496 1912 5552 dandi

350 5588 705 5663 pauperibus,
737 5586 1047 5660 exspoliare
1075 5585 1296 5650 divites,
1326 5595 1382 5641 et
1414 5585 1591 5656 ipsunt
1622 5586 1787 5640 etiam
1818 5586 1915 5658 hy·

341 5680 705 5755 pocamisiutn
736 5680 807 5734 ab
846 5679 928 5735 eis
958 5678 1218 5734 benevole
1247 5677 1484 5741 auferre,
1523 5686 1577 5731 et
1603 5677 1837 5731 maxime
1867 5676 1912 5732 si

340 5778 476 5830 sunt
503 5767 674 5840 aliqui
705 5766 1169 5824 innttisericordes
1206 5773 1260 5820 et
1298 5765 1467 5820 avari.
1515 5763 1631 5819 Duo
1671 5766 1818 5821 enim
1846 5781 1913 5820 ex

342 5862 450 5923 ltoc
478 5861 743 5926 lucratur,
780 5872 946 5913 unum
978 5856 1200 5927 quidem
1243 5857 1373 5924 quia
1430 5855 1645 5911 animas
1694 5855 1914 5913 illorum

2009 4683 2222 4729 ctorutn
2254 4670 2481 4725 fratrum
2524 4670 2576 4725 in
2618 4665 2953 4722 monasterio
2984 4662 3330 4728 consisteret,
3363 4670 3417 4715 ι·ι
3446 4677 3574 4716 san-

2009 4762 2080 4817 cti
2125 4762 2426 4833 presbyteri
2461 4758 2820 4832 Hieronymus
2866 4770 2932 4811 ac
2979 4751 3316 4815 Vincentius,
3358 4761 3579 4821 propter

2010 4853 2394 4907 verecundiam
2423 4860 2478 4905 et
2510 4849 2891 4912 bumilitatem,
2938 4842 3131 4899 nolens
3156 4840 3337 4897 debita
3368 4839 3576 4899 nomini

2011 4960 2114 5000 suo
2140 4958 2394 4999 exercere
2423 4941 2713 5007 sacrificia,
2758 4946 2813 4993 et
2860 4936 3107 4992 laborare
3160 4933 3215 4988 in
3273 4934 3374 4989 bac
3424 4945 3579 5003 pat-te

2013 5032 2301 5090 ministerii
2335 5048 2457 5103 quat
2480 5030 2914 5086 Christianorum
2963 5024 3233 5095 praecipua
3278 5024 3428 5079 salus
3461 5033 3578 5090 est,

2014 5124 2257 5180 invenire
2278 5130 2457 5177 autem
2484 5128 2538 5173 et
2561 5117 3040 5189 comprehendere,
3074 5115 3165 5183 qui
3199 5121 3250 5167 te
3292 5113 3393 5183 (ao
3427 5112 3576 5185 qno-1

2014 5231 2178 5286 grave
2197 5228 2337 5268 onus
2368 5210 2654 5266 sacerdotii
2684 5209 2848 5263 nollet
2886 5205 3184 5274 suscipere)
3216 5219 3359 5275 saepe
3409 5203 3579 5275 fngie-

2015 5308 2127 5370 bat,
2155 5320 2256 5360 nec
2285 5303 2428 5358 alius
2455 5303 2580 5373 quis
2612 5300 2997 5370 episcoporum
3027 5296 3184 5351 saeilc
3224 5312 3349 5351 eum
3382 5295 3580 5365 reperi·

2015 5411 2099 5452 ret
2127 5395 2296 5465 (unde
2319 5404 2372 5451 et
2403 5394 2540 5450 satis
2578 5392 2807 5446 miratus
2837 5404 2957 5443 sum
2993 5388 3268 5459 quomodo
3298 5388 3580 5457 dispensa·

2018 5487 2165 5542 tione
2191 5484 2280 5540 Dei
2321 5485 2387 5540 ad
2425 5500 2523 5538 nos
2547 5482 2756 5537 venerit
2802 5498 2925 5538 cum
2976 5479 3220 5534 diaconis
3269 5474 3582 5533 monasterii

2016 5594 2072 5639 ct
2105 5580 2320 5649 caeteris
2344 5577 2625 5641 lt·atril›uS‚
2668 5586 2727 5630 ut
2756 5575 2888 5630 mibi
2926 5573 3282 5638 satisfaceret,
3322 5573 3449 5642 quia
3497 5587 3580 5624 ne·

2017 5675 2133 5729 scio
2162 5669 2290 5741 qnid
2319 5670 2580 5723 adversus
2607 5685 2704 5724 cos
2736 5667 3001 5722 ltabebam
3037 5663 3291 5727 tristitiae)
3316 5678 3463 5725 eum,
3497 5659 3581 5714 itt·

2019 5779 2207 5834 quant,
2250 5760 2617 5816 celebraretur
2654 5757 2878 5814 collecta
2912 5755 2966 5810 iu
3006 5751 3235 5808 eeclesia
3277 5752 3415 5807 villae
3461 5763 3582 5820 quar
3624 5791 3634 5800 .

2020 5864 2103 5911 est
2135 5853 2288 5919 iusta
2327 5845 2717 5905 monasterium
2756 5853 3045 5910 nostrum;
3080 5838 3422 5910 ignorantem
3456 5851 3581 5895 eum
