3850 6517
295 466 397 522 835

997 462 1371 522 ADVERSUS
1408 462 1751 520 RAERESES
1785 463 1916 519 Lm.
1947 462 2010 520 lt.
2057 463 2219 520 Tou.
2257 462 2299 522 1.
2339 495 2409 505 —
2447 462 2722 519 HAERES.
2767 464 2830 520 1..

3429 461 3534 522 586

290 586 546 654 ἄγοντες,
594 584 687 637 καὶ
722 584 821 657 τὴν
871 584 1042 655 αὐτὴν
1078 585 1208 655 μίαν
1236 585 1452 657 ἡμέραν
1491 585 1863 655 νηστεύοντες,
1893 597 1942 656 Α
1966 584 2200 654 demque
2238 584 2384 639 diem
2436 583 2757 648 observant,
2809 591 2866 639 et
2917 596 3024 637 una
3068 582 3371 652 eademque
3392 579 3538 651 ieju-

290 676 385 727 καὶ
424 672 493 727 τὰ
552 675 827 747 μυστήρια
892 673 1293 739 ἐπιτελοῦντες,
1328 676 1436 728 ἀπὸ
1490 677 1600 728 τῶν
1643 677 1857 729 Ἀκτων

288 766 449 835 δῆθεν
479 764 710 819 Πιλάτου
748 766 971 836 αὐχοῦσι
1008 764 1106 836 τὴν
1138 759 1423 837 άκρίδειαν
1456 766 1773 839 εὑρηκέναι,
1800 769 1858 821 ὲν

287 850 368 917 οἷς
410 855 725 925 ἐμφέρεται,
764 858 830 927 τῇ
870 857 974 927 πρὸ
1000 854 1143 909 ὀκτὼ
1193 855 1488 912 Καλανδῶν
1537 855 1857 928 Ἀπριλλίων

289 947 382 1000 τὸν
432 947 658 1017 Σωτῆρα
690 946 1034 1001 πεπονθέναι.
1085 947 1195 1000 Καὶ
1230 948 1287 1000 ὲν
1338 947 1521 1018 ἐκείνῃ
1572 948 1636 1016 τῇ
1677 946 1859 1018 ἡμέρα

294 1038 570 1109 βούλονται
626 1038 776 1104 άγειν
820 1037 880 1090 τὸ
928 1037 1139 1107 Πάσχα,
1194 1036 1354 1108 ὁποίᾳ
1380 1038 1424 1091 δ’
1459 1037 1526 1091 ἂν
1566 1035 1782 1108 ἐμπέσῃ
1822 1036 1857 1106 ἠ

290 1128 850 1199 τεάσαρεσκαιδεκάτη
898 1128 996 1198 τῆς
1043 1129 1291 1199 σελήνης.
1328 1129 1391 1181 ot
1418 1127 1474 1180 δὲ
1506 1129 1563 1180 ἐν
1604 1129 1670 1197 τῇ
1701 1127 1859 1179 Καπ-

291 1221 523 1291 παδοκίᾳ
560 1219 657 1288 τὴν
691 1220 859 1291 αὐτὴν
888 1219 1017 1289 μίαν
1047 1218 1256 1291 ἡμέραν
1286 1219 1385 1289 τὴν
1415 1219 1520 1291 πρὸ
1571 1216 1713 1272 ὀκτὼ
1744 1218 1859 1271 Κα-

291 1311 497 1365 λανδῶν
540 1310 866 1380 Ἀπριλλίων
912 1309 1124 1377 ἄγουσι.
1169 1311 1278 1363 Καὶ
1311 1311 1370 1363 ὲν
1412 1310 1593 1372 αὐτοῖς
1630 1308 1688 1361 δὲ
1731 1307 1857 1361 στά-

293 1416 375 1462 σις
404 1398 483 1466 (9)
511 1399 610 1468 οὐχ
635 1400 668 1468 ἡ
712 1396 972 1466 τυχοῦσα,
993 1396 1103 1449 τῶν
1141 1396 1240 1467 μὲν
1267 1397 1535 1466 λεγόντων
1565 1399 1631 1465 τῇ
1666 1411 1860 1448 τεσσα-

292 1490 679 1564 ρεσκαιδεκάτῃ
724 1489 822 1560 τῆς
846 1488 1071 1559 σελήνης
1098 1488 1205 1541 τῶν
1238 1487 1343 1559 πρὸ
1390 1486 1534 1542 ὀκτὼ
1567 1484 1858 1541 Καλανδῶν

303 1579 644 1651 Ἀπριλλίων.
678 1579 797 1631 Ἔτι
826 1577 881 1631 δὲ
917 1577 1148 1649 εὕρομεν
1175 1578 1486 1650 ἀντίγραφα
1527 1580 1590 1631 ὲκ
1616 1577 1723 1630 τῶν
1764 1578 1861 1630 Πι-

291 1666 477 1728 λάτου,
522 1667 579 1718 ὲν
633 1658 715 1728 οἷς
770 1665 1023 1734 σημαίνει
1073 1666 1178 1736 πρὸ
1230 1666 1524 1720 δεκαπέντε
1567 1665 1860 1721 Καλανδῶν

302 1754 623 1825 ’Δπριλλίων
649 1755 709 1807 τὸ
736 1754 915 1819 Πάθος
975 1755 1321 1826 γεγενῆσθαι.
1356 1757 1571 1828 Τάληθῆ
1599 1757 1674 1822 δὲ,
1693 1757 1768 1822 ὡς
1796 1757 1861 1811 ὲκ

293 1844 490 1914 πολ-λῆς
544 1844 829 1916 άκριδείας
884 1845 1161 1917 ἔγνωμεν,
1215 1848 1274 1901 ὲν
1315 1851 1379 1920 τῇ
1412 1848 1517 1919 πρὸ
1562 1846 1859 1919 δεκατριῶν

1965 683 2120 737 nant,
2154 689 2220 729 ac
2253 675 2532 745 mysteriis
2561 681 2880 746 operantur.
2915 672 3050 729 Nam
3082 690 3150 729 ex
3190 673 3344 729 Actis
3372 672 3533 729 Pilati

1962 774 2277 819 accuratam
2329 779 2389 820 se
2445 763 2611 832 hujus
2670 763 2905 819 instituti
2956 765 3224 819 rationem
3271 764 3535 820 didicisse

1960 855 2290 927 gloriantur,
2333 855 2386 909 in
2418 856 2623 927 quibus
2657 857 2920 925 scriptum
2959 844 3050 911 esf
3073 870 3171 910 vin
3203 854 3326 909 Kal.
3374 856 3538 925 Apri-

1961 944 2029 999 lis
2075 943 2411 998 Salvatorem
2442 958 2566 997 esse
2597 959 2840 1012 passum.
2877 944 3244 1010 Quamobrem
3287 944 3379 997 illa
3415 944 3541 1012 ipsa

1959 1035 2048 1090 die
2073 1035 2351 1090 celebrare
2373 1036 2581 1089 Pascha
2605 1035 2882 1102 volunt,in
2911 1050 3294 1106 quamcunque
3313 1035 3534 1089 demum

1959 1124 2102 1178 lunae
2151 1140 2243 1178 xiv
2293 1123 2413 1178 dics
2465 1124 2783 1179 incurrerit.
2836 1125 2904 1178 At
2952 1126 3046 1196 qui
3092 1126 3148 1179 in
3181 1126 3534 1196 Cappadocia

1963 1213 2190 1285 degunt,
2221 1215 2465 1269 eamdem
2506 1215 2675 1278 diem,
2706 1231 2828 1285 quae
2865 1226 2951 1271 est
2980 1232 3073 1270 viu
3110 1215 3230 1271 Kal.
3265 1217 3399 1286 Apr.
3442 1231 3536 1271 ce-

1961 1305 2198 1361 lebrant.
2227 1304 2470 1361 Tametsi
2503 1322 2614 1361 non
2653 1307 2947 1363 mediocris
2971 1315 3054 1363 est
3084 1308 3228 1363 inter
3261 1309 3383 1363 illos
3412 1307 3535 1362 dis-

1960 1394 2164 1449 sensio.
2214 1391 2472 1448 Nonnulli
2534 1395 2678 1450 enim
2734 1395 2918 1451 lunam
2973 1412 3063 1450 xiv
3104 1404 3352 1453 statuunt
3407 1412 3530 1468 quae

1960 1484 2018 1538 in
2058 1499 2154 1537 νιιι
2182 1481 2302 1537 Kal.
2357 1483 2490 1553 Apr.
2540 1484 2751 1540 incidit.
2807 1484 2918 1540 Nos
2956 1487 3217 1540 Actorum
3262 1487 3532 1556 ejusmodi

1958 1572 2118 1627 Pilati
2173 1574 2508 1644 exemplaria
2561 1576 2808 1645 quaedam
2865 1569 3196 1641 invenimus,
3239 1593 3361 1647 quae
3408 1587 3539 1635 ante

1960 1663 2105 1721 diem
2161 1681 2233 1720 xv
2280 1663 2402 1719 Kal.
2435 1665 2567 1736 Apr.
2608 1664 2928 1722 Passionem
2985 1666 3189 1722 Christi
3223 1668 3530 1739 contigisse

1961 1756 2279 1811 narrabant.
2308 1754 2509 1811 Verum
2537 1766 2688 1812 certo
2733 1766 2788 1814 et
2831 1774 2894 1814 ex
2931 1759 3012 1814 rei
3043 1761 3274 1815 veritate
3311 1774 3537 1830 compe·

1963 1846 2157 1909 rimus,
2197 1853 2322 1899 ante
2350 1845 2495 1899 diem
2549 1860 2646 1901 xm
2680 1845 2800 1902 Kal.
2836 1846 2970 1917 Apr.
3004 1862 3226 1918 passum
3260 1864 3381 1904 esse
3411 1848 3534 1904 Sal-

292 1933 590 1987 Καλανδῶν
634 1935 952 2009 Ἀπριλλίων
984 1936 1076 1989 τὸν
1122 1938 1350 2009 Σωτῆρα
1383 1936 1709 1990 πεπονθέναι
1737 1953 1865 1989 κατ·
1895 1938 1940 1994 Β
1963 1941 2228 1989 vatorem.
2264 1932 2369 1986 Alii
2411 1931 2480 1986 ad
2516 1948 2546 1986 x
2571 1922 2693 1987 Kal.
2737 1934 2868 2004 Apr.
2916 1934 3191 2004 rejiciunt.
3236 1934 3341 1992 Sed
3373 1937 3463 1992 isti
3498 1951 3533 1992 a

287 2022 609 2094 ειλήφαμεν.
650 2025 804 2089 Τινὲς
827 2024 881 2077 δὲ
911 2028 977 2096 τῇ
1004 2026 1110 2098 πρὸ
1133 2026 1266 2081 δέκα
1293 2027 1584 2081 Καλανδῶν
1642 2027 1864 2099 Ἀπριλ-

290 2112 418 2168 λίων
463 2114 730 2183 λέγουσιν.
783 2113 1071 2182 Ἐξέπεσον
1101 2118 1159 2172 δὲ
1203 2120 1298 2172 καὶ
1339 2112 1485 2171 οὗτοι
1517 2116 1612 2171 τοῦ
1649 2133 1865 2189 προκει-

294 2203 475 2273 μένου.
507 2205 665 2259 Δέδια
702 2205 758 2259 δὲ
787 2207 881 2260 καὶ
929 2207 1060 2279 περὶ
1089 2209 1294 2262 τούτων
1335 2208 1429 2261 ἐπὶ
1477 2208 1725 2261 πλεῖστον
1760 2224 1865 2279 μη-

291 2295 448 2349 κῦναι
478 2297 568 2350 τδν
598 2298 775 2367 λόγον.
810 2299 989 2354 Πολλά
1015 2299 1123 2373 γὰρ
1149 2299 1347 2371 ἔχομεν
1378 2299 1579 2370 λέγειν.

361 2385 436 2437 Β’.
476 2385 778 2455 Πληρὼσας
807 2386 917 2456 γάρ
947 2389 977 2440 ὁ
1014 2390 1311 2463 νομοθέτης
1346 2391 1439 2446 τὸν
1473 2391 1652 2445 πάντα
1701 2390 1865 2462 νόμον

294 2476 515 2545 Μωσῆς,
548 2477 613 2529 ὲκ
657 2476 791 2531 Θεοῦ
819 2477 999 2531 λαόὼν
1042 2480 1102 2532 τὸ
1133 2483 1367 2551 πρᾶγμα
1395 2483 1412 2513 ¹
1456 2484 1515 2536 ὲν
1565 2484 1634 2553 τῇ
1659 2482 1865 2554 ἐσχάτῃ

296 2565 460 2635 βίδλῳ
504 2568 923 2638 Δευτερονομίου
948 2608 965 2635 ,
1005 2569 1251 2623 τουτέστι
1300 2570 1486 2642 τίθησι
1528 2570 1711 2635 πάσας
1763 2571 1865 2635 τὰς

292 2658 535 2726 κατάρας
558 2697 572 2721 ,
613 2658 675 2711 οὐ
738 2657 897 2728 μόνον
928 2658 1055 2729 περὶ
1110 2659 1363 2731 Πασχῶν,
1406 2659 1544 2713 ἀλλὰ
1594 2660 1688 2714 καὶ
1738 2660 1891 2731 περὶ·

292 2745 621 2814 περιτομῆς,
669 2746 763 2799 καὶ
800 2746 929 2817 περὶ
963 2746 1343 2811 δεκατώσεως,
1378 2748 1473 2802 καὶ
1514 2746 1861 2819 προσφορῶν.

295 2832 455 2888 Ὥστε
489 2831 602 2900 οὖν,
634 2836 683 2889 εί
714 2836 841 2909 μίαν
879 2839 1123 2909 κατάραν
1147 2838 1502 2908 πεφεύγασιν,
1540 2840 1619 2902 είς
1660 2837 1880 2907 πολλάς,

294 2924 518 2989 ἑαυτοὺς
547 2927 853 3001 ὲνέπειραν.
882 2928 1283 3001 Εὐρεθησονται
1310 2929 1418 3002 γὰρ
1449 2929 1863 3002 ὲπικατάρατοι,

296 3016 373 3086 μὴ
408 3016 855 3094 περιτεμνόμενοι
875 3033 889 3049 ·
911 3018 1330 3091 ἑπικατάρατοι,
1365 3020 1442 3092 μὴ
1471 3018 1868 3074 άποδεκατοῦν-

290 3121 385 3168 τις
404 3122 420 3138 ·
454 3107 551 3159 καὶ
577 3108 969 3182 ὲπικατάρατοι
1001 3111 1265 3178 γίνονται,
1296 3111 1374 3181 μὴ
1399 3114 1480 3174 εἰς
1509 3110 1864 3181 Ἰερουσαλὴμ

295 3197 717 3269 προσφέροντες.
776 3200 889 3254 Καὶ
932 3199 978 3253 ὢ
1011 3200 1118 3253 τῶν
1162 3199 1370 3253 πολλῶν
1408 3199 1712 3273 ἀνθρώπων
1757 3199 1865 3255 τῶν

1965 2022 2249 2093 proposito
2273 2020 2614 2076 exciderunt.
2644 2020 2846 2077 Verum
2874 2025 3001 2080 nolo
3024 2025 3272 2096 pluribus
3301 2042 3364 2081 ea
3385 2027 3450 2083 de
3475 2040 3536 2086 re

1964 2112 2270 2183 disputare.
2302 2111 2521 2183 Alioqui
2567 2113 2742 2169 multa
2778 2114 2936 2173 nobis
2972 2115 3040 2171 ad
3071 2116 3364 2173 dicendum
3401 2134 3534 2189 sup-

1963 2209 2176 2273 petunt.

2033 2377 2101 2434 ll.
2145 2378 2357 2451 Moyses
2414 2380 2630 2452 quidem
2683 2382 2987 2452 legislator,
3047 2400 3172 2441 cum
3221 2387 3533 2443 universam

1965 2469 2139 2539 legem
2180 2468 2467 2534 edixisset,
2521 2470 2780 2526 mandato
2815 2472 3083 2529 divinitus
3112 2485 3352 2546 recepto,
3388 2485 3447 2531 ut
3476 2477 3533 2531 iu

1967 2566 2246 2629 postremo
2270 2559 2674 2615 Deuteronomii
2710 2562 2848 2617 libro
2872 2565 3135 2635 scriptum
3164 2576 3244 2621 est
3259 2570 3301 2631 ⁸,
3332 2567 3533 2637 impre-

1965 2650 2210 2705 cationes
2268 2666 2459 2707 omnes
2505 2654 2827 2723 proposuit;
2886 2670 2994 2710 non
3055 2656 3219 2712 modo
3288 2674 3409 2730 quae
3463 2660 3531 2715 ad

1965 2740 2255 2798 Paschatis
2298 2742 2746 2811 celebrationem,
2798 2746 2892 2801 sed
2933 2747 3096 2802 etiam
3139 2764 3260 2819 quae
3309 2749 3378 2806 ad
3423 2752 3532 2805 cir-

1965 2830 2389 2898 cumcisionem,
2443 2847 2509 2888 ac
2553 2834 2817 2900 decimas,
2868 2844 2923 2891 et
2964 2838 3266 2894 oblationes
3319 2845 3537 2911 specta-

1964 2919 2120 2977 bant.
2153 2919 2336 2987 Quare
2361 2921 2492 2978 dum
2528 2940 2695 2980 unum
2726 2925 3134 2996 imprecationis
3173 2944 3345 2998 genus
3383 2929 3536 2984 devi-

1963 3016 2103 3076 tant,
2145 3011 2200 3066 in
2226 3012 2363 3068 alias
2389 3016 2700 3086 complures
2723 3016 3045 3089 semetipsos
3078 3019 3330 3075 induunt.
3361 3019 3539 3077 Exse-

1965 3100 2199 3157 crabiles
2238 3102 2440 3173 quippe
2482 3119 2578 3160 eos
2627 3098 2841 3177 oportet
2872 3121 3015 3171 esse,
3056 3109 3150 3179 qui
3196 3125 3375 3180 neque
3421 3110 3535 3165 cir-

1965 3191 2348 3247 cumcidantur
2396 3194 2652 3265 amplius,
2709 3212 2887 3268 neque
2934 3196 3176 3254 decimas
3234 3199 3537 3270 pensitent,

296 3281 374 3343 ιίς
395 3280 594 3345 πολλὰς
613 3284 842 3348 ἑαυτοὺς
864 3286 1173 3356 ὲρεσχελίας
1194 3286 1568 3358 ὲμδαλλόντων
1596 3286 1870 3359 imno&
1894 3286 1938 3344 C
1969 3295 2149 3353 neque
2170 3281 2549 3357 llierosolyma
2572 3286 2870 3358 quidquam
2899 3288 3164 3344 offerendi
3198 3293 3372 3359 gratia
3400 3292 3534 3349 sub,

298 3368 407 3440 γὰρ
433 3370 578 3425 ἐστιν
606 3375 784 3428 είπεῖν
816 3376 991 3430 ἐκεῖνο
1016 3375 1080 3429 τὸ
1113 3378 1266 3448 ῥῆμα
1288 3377 1352 3430 τὸ
1375 3378 1591 3431 συνετὸν
1614 3377 1709 3431 τοῦ
1750 3376 1871 3431 Ἐκ·

300 3455 622 3532 κλησιαστοῧ
638 3468 685 3530 ¹,
717 3466 781 3521 τὸ
812 3469 878 3522 ἐκ
921 3467 1235 3539 Πνεῦματος
1268 3468 1424 3538 ἁγίου
1466 3470 1600 3541 ἡμῖν
1625 3466 1870 3522 διεπάλ-

301 3550 495 3619 F‘Wv·
526 3552 609 3609 δτι
635 3554 809 3614 Τοῦτο
837 3557 979 3627 ἔγνω
1004 3561 1035 3613 ὁ
1077 3558 1532 3632 Ἐκκλησιαστὴς,
1563 3561 1645 3614 ὅτι
1673 3561 1701 3613 ὁ
1738 3559 1871 3623 Θεὸς

300 3643 515 3698 συνετὸν
531 3643 821 3719 ἄνθρωπον
846 3650 1104 3720 ἐποίησεν
1131 3649 1263 3721 εὐθῆ
1284 3665 1298 3679 ·
1331 3650 1486 3704 αὐτοὶ
1512 3651 1568 3704 δὲ
1597 3649 1871 3722 ἐζήτησαν

296 3732 495 3795 πολλὰς
517 3734 729 3796 ἑαυτοῖς
749 3736 921 3797 ὁδούς.

377 3991 545 4044 Πόθεν
579 3991 687 4061 γὰρ
714 3994 773 4046 οὐ
809 3993 1088 4048 διαπίπτει
1124 3995 1327 4050 τούτων
1361 3998 1395 4069 ἡ
1430 3997 1672 4066 διάνοια;
1714 4001 1871 4073 Πρῶ·

307 4099 398 4133 τον
431 4081 535 4153 γὰρ
563 4085 620 4135 ὲν
649 4085 715 4153 τῇ
754 4085 1313 4159 τεσσαρεσκαιδεκάτῃ
1341 4088 1405 4141 τὸ
1428 4089 1618 4161 Πάσχα
1655 4093 1868 4161 άγουσι,

308 4170 495 4238 χρείαν
532 4169 711 4239 έχουσι
747 4170 810 4224 τὸ
837 4172 1105 4244 πρόόατον
1141 4174 1325 4229 λα6εἶν
1351 4178 1459 4231 άπὸ
1484 4178 1738 4251 δεκάτης,
1775 4179 1872 4234 καὶ

309 4262 494 4330 τηρεῖν
515 4260 647 4314 αὐτὸ
666 4260 771 4324 ἔως
788 4265 1380 4339 τεσσαρεσκαιδεκάτης
1399 4284 1412 4297 ·
1438 4270 1534 4323 καὶ
1566 4270 1747 4325 οὐκέτι
1776 4271 1874 4342 μία

312 4351 486 4422 ἡμέρα
502 4351 652 4405 ἔσται
681 4354 778 4423 τῆς
796 4356 1045 4426 νηστείας
1065 4372 1080 4387 ·
1101 4357 1234 4411 ἀλλὰ
1265 4359 1444 4425 πέντε,
1464 4362 1497 4432 ἢ
1528 4362 1625 4431 ‘effi’
1648 4363 1868 4437 δεκάτῃ,

306 4442 402 4496 καὶ
429 4442 704 4518 ἑνδεκάτῃ,
730 4445 826 4498 καὶ
859 4445 1156 4520 δωδεκάτῃ,
1188 4450 1281 4503 καὶ
1308 4452 1750 4527 τρισκαιδεκάτῃ,
1778 4458 1874 4509 καὶ

307 4536 883 4609 τεσσαρεσκαιδεκάτῃ.
921 4537 1048 4593 Ἐὰν
1089 4540 1147 4595 δὲ
1172 4541 1308 4613 πρὸς
1337 4543 1577 4616 ἑσπέραν
1595 4545 1707 4616 (lu)
1738 4546 1870 4620 τυθῇ

1968 3373 2208 3429 mittant.
2256 3373 2302 3431 Ο
2342 3375 2594 3433 homiues
2639 3385 2833 3449 sponte
2882 3379 3321 3439 cavillationibus
3369 3383 3537 3441 variis

1968 3478 2034 3519 ac
2064 3463 2321 3522 ludibriis
2369 3470 2740 3538 opportunosl
2784 3467 2900 3525 Hoc
2928 3475 3072 3526 enim
3104 3472 3173 3527 ab
3207 3472 3538 3530 Ecclesiaste

1968 3555 2243 3624 sapienter
2284 3555 2514 3625 dictum,
2546 3557 2634 3614 vel
2670 3560 2849 3630 potius
2895 3574 2926 3614 a
2948 3551 3174 3633 'Spiritu
3219 3574 3411 3620 sancto
3443 3581 3539 3622 no-

1969 3652 2083 3701 stra
2134 3660 2301 3703 causa
2350 3649 2785 3718 pronuntiatum,
2839 3651 2907 3706 ad
2964 3653 3088 3707 illos
3133 3655 3532 3712 accommodari

1967 3744 2184 3806 potest:
2209 3735 2323 3791 Hoc
2355 3737 2506 3792 novit
2531 3737 2910 3805 Ecclesiastes,
2940 3740 3201 3811 quoniam
3232 3740 3376 3799 Deus
3403 3759 3540 3814 pru-

1969 3826 2186 3882 dentem
2231 3826 2509 3883 hominem
2558 3827 2687 3884 fecit
2720 3837 2965 3894 rectum:
2999 3831 3078 3889 illi
3127 3839 3310 3887 autem
3355 3834 3533 3905 inqui·

1970 3918 2182 3973 sierunt
2216 3918 2399 3973 varias
2429 3918 2787 3992 sibimetipsis
2809 3921 2929 3977 vias
2948 3916 2995 3978 ⁸.

2038 4010 2234 4063 Annon
2309 4008 2541 4064 istorum
2601 4010 2939 4082 explodenda
2993 4012 3189 4067 merito
3267 4013 3554 4070 sententia·

1969 4097 2091 4152 est?
2143 4095 2388 4152 Primum
2436 4100 2581 4154 enim
2615 4100 2663 4156 si
2705 4099 2916 4157 Pascha
2968 4101 3057 4157 die
3092 4118 3186 4158 xiv
3233 4102 3534 4171 celebrant,

1965 4185 2078 4256 jam
2107 4194 2222 4240 tum
2249 4201 2281 4242 a
2310 4187 2399 4243 die
2425 4203 2458 4242 x
2499 4189 2890 4260 praeparandus
2923 4189 3032 4247 illis
3073 4206 3249 4264 agnus
3275 4195 3400 4256 erit,
3431 4210 3559 4251 nec·

1972 4279 2210 4349 amplius
2231 4295 2341 4335 una
2365 4282 2473 4337 erit
2495 4290 2818 4339 consecrata
2837 4267 3051 4355 Jejunio
3080 4286 3196 4342 dies
3217 4304 3232 4354 ς
3256 4286 3351 4343 sed
3370 4287 3537 4359 quin-

1971 4384 2098 4439 que,
2127 4371 2390 4426 nimirum
2429 4372 2663 4437 decima,
2708 4375 3015 4440 undecima,
3050 4374 3398 4444 duodecima,
3428 4377 3532 4433 de-

1971 4459 2113 4513 cima
2165 4461 2322 4515 tertia
2361 4472 2416 4516 et
2461 4461 2675 4517 decima
2713 4472 2930 4536 quarta.
2963 4465 3121 4538 421
3155 4465 3314 4534 Quod
3365 4468 3411 4524 si
3463 4469 3532 4522 ad

1971 4565 2256 4620 vesperam
2292 4552 2503 4606 Pascha
2542 4552 2706 4610 suerit
2737 4556 3098 4622 immolatum,
3144 4558 3291 4629 quod
3324 4574 3416 4614 xiv
3445 4558 3551 4614 «liex

374 4688 392 4720 ¹
418 4686 479 4742 F.
511 4687 861 4759 πρόσταγμα.
937 4689 957 4720 ”
989 4708 1078 4759 γρ.
1118 4692 1624 4765 Ἐκκλησιαστικοῦ.
1700 4699 1721 4729 ⁸
1746 4698 1804 4754 F.
1836 4701 2022 4772 ἤγουν.
2099 4702 2124 4736 ⁸
2156 4703 2309 4761 Dent.
2339 4722 2510 4772 xxvii,
2548 4707 2614 4763 ¹8
2653 4724 2776 4779 sqq.
2856 4712 2878 4742 ⁸
2908 4710 3088 4766 Eccle,
3113 4727 3213 4775 vu,
3250 4713 3341 4769 ὅθι

310 4807 362 4853 et
391 4815 455 4853 eo
488 4799 721 4868 amplius
752 4800 1063 4872 anticipata!
1109 4804 1218 4858 sint
1264 4809 1596 4874 neomeniae‚
1632 4820 1695 4868 ut
1725 4812 1863 4868 nihil
1894 4821 1943 4878 D
1970 4818 2291 4887 absurdum,
2320 4822 2479 4892 quasi
2504 4821 2573 4876 ad
2609 4838 2732 4878 eum
2758 4823 2902 4878 diem
2935 4826 3079 4879 lunae
3105 4842 3193 4880 xiv
3222 4826 3338 4882 dies
3363 4830 3534 4897 possit

312 4871 413 4922 hac
464 4869 679 4937 quidem
731 4871 941 4924 ratione
987 4871 1244 4943 Scaligeri
1284 4888 1605 4945 argumenta
1639 4896 1859 4950 promo·

311 4946 492 4992 veant.
526 4937 630 4992 Sed
659 4954 721 4992 ea
753 4955 839 4994 res
866 4956 967 4995 suo
997 4943 1117 4998 loco
1144 4948 1482 5001 tractabitur.
1521 4948 1709 5030 Neque
1734 4966 1865 5007 vero

315 5007 495 5061 minor
541 5008 842 5062 (Ialviniani
891 5013 1116 5067 alterius
1152 5022 1235 5068 cst
1262 5020 1505 5082 vanitas,
1539 5035 1632 5089 qui
1664 5018 1861 5090 Epiph.

313 5076 649 5130 credulitatis
701 5078 979 5132 insimulat
1020 5096 1086 5135 ex
1124 5098 1191 5135 eo
1234 5086 1378 5153 quod
1415 5087 1580 5141 variis
1625 5088 1680 5142 in
1729 5088 1867 5146 locis

314 5144 472 5199 Pilati
505 5144 638 5197 Arta
685 5147 901 5205 laudet.
934 5166 1110 5219 neque
1140 5159 1320 5207 tamen
1354 5156 1406 5209 in
1440 5156 1560 5211 falsi
1591 5159 1867 5228 suspicio·-

315 5230 435 5268 nem
471 5215 727 5270 adducat.
777 5214 933 5283 Quod
982 5235 1049 5275 ne
1077 5224 1463 5280 refutationem
1492 5228 1714 5295 quidem
1758 5242 1873 5284 me·

316 5296 485 5341 retur.

390 5355 466 5422 (9)
503 5354 615 5409 Καὶ
647 5355 718 5409 ἐν
762 5357 967 5425 αὐτοῖς
1006 5358 1075 5414 δὲ
1110 5360 1346 5427 στάσις.
1398 5362 1525 5420 Haec
1565 5364 1730 5420 verba
1766 5366 1875 5422 τῶν

324 5423 422 5492 μὲν
447 5424 732 5492 λεγόντων,
768 5437 903 5489 etc.,
946 5428 1120 5484 aliena
1148 5430 1218 5484 ab
1263 5433 1366 5486 hoc
1396 5433 1520 5488 loco
1555 5434 1724 5489 videri
1752 5451 1878 5507 pos—

323 5502 473 5548 sunt.
504 5492 636 5547 Nam
685 5497 927 5565 priorum
959 5498 1175 5553 illorum
1208 5502 1534 5556 sententiam
1563 5504 1870 5570 continent,

322 5563 416 5630 qui
442 5578 529 5616 xiv
552 5564 677 5617 luna
707 5566 1089 5621 celebrandum
1125 5566 1334 5622 Pascha
1364 5571 1658 5626 sciverant.
1684 5571 1872 5639 Quan-

323 5647 487 5701 quam
521 5649 663 5703 saepe
696 5638 869 5691 otiosa
915 5637 1183 5705 ejusmodi
1237 5653 1294 5693 re
1332 5640 1484 5694 etitio
1531 5642 1675 5711 apud
1723 5643 1869 5699 bunc

325 5702 645 5771 scriptorem
693 5705 1161 5768 animadvertitur.
1214 5654 1331 5762 Sei?
1361 5708 1490 5779 quid
1535 5725 1599 5765 ea
1647 5712 1865 5769 tandem

324 5771 427 5826 sihi
461 5771 679 5830 volunt?
723 5773 994 5831 statuisse
1040 5775 1163 5831 illos
1201 5774 1411 5832 Pascha
1448 5794 1539 5833 xiv
1571 5780 1720 5848 luna,
1744 5798 1865 5854 quae

325 5840 381 5895 in
417 5856 510 5898 vui
539 5841 658 5899 Kal.
694 5844 826 5915 Apr.
856 5845 1129 5900 incurrat?
1176 5844 1270 5904 Est
1298 5847 1430 5906 illud
1452 5849 1671 5921 quidem
1698 5852 1863 5910 nimis

1968 4887 2360 4947 adhaerescere.
2386 4891 2527 4957 Quid
2560 4892 2607 4948 si
2629 4892 2736 4964 πρὸ
2761 4892 2870 4947 τῶν
2895 4894 3041 4948 ὀκτώ
3068 4894 3214 4962 Kal.,
3248 4897 3394 4965 legas
3421 4914 3529 4952 uon

1967 4957 2077 5011 τῶν
2108 4960 2216 5031 πρὸ
2250 4962 2433 5015 ὁκτώἲ
2484 4960 2618 5016 Nam
2652 4963 2709 5016 αί
2738 4962 2844 5033 πρὸ
2875 4964 3019 5018 ὀκτώ
3061 4963 3182 5019 Kal.
3229 4966 3369 5020 idem
3408 4978 3538 5023 sunt

1969 5036 2133 5097 atque
2166 5030 2223 5083 αί
2255 5030 2401 5084 ὀκτὼ
2429 5030 2550 5086 Kal.
2581 5032 2714 5098 Quae
2760 5033 3015 5103 loquendi
3058 5035 3292 5090 formula
3321 5050 3352 5088 a
3390 5034 3537 5091 Lati·

1969 5097 2059 5151 nis
2088 5101 2348 5161 manavit,
2384 5103 2583 5171 quihus
2649 5110 2777 5157 ante
2807 5105 2950 5159 diem
2985 5121 3083 5161 vnt
3121 5103 3242 5159 Kal.
3273 5106 3418 5161 idem
3446 5115 3539 5164 est

1982 5174 2144 5236 atque
2167 5184 2266 5222 vni
2294 5168 2415 5225 Kal.
2450 5172 2517 5224 Αι
2550 5171 2596 5226 si
2631 5171 2737 5242 πρὸ
2763 5173 2872 5228 τῶν
2899 5174 3044 5227 ὀκτώ
3072 5177 3239 5244 legas,
3276 5175 3420 5231 bunc
3443 5177 3536 5231 ba-

1981 5237 2072 5292 bet
2098 5252 2345 5303 sensum,
2376 5241 2558 5294 lunam
2585 5241 2708 5298 illos
2747 5258 2838 5297 xiv
2863 5245 3237 5306 constituisse,
3273 5261 3379 5314 qua
3406 5256 3536 5303 ante

1979 5320 2077 5360 vni
2124 5305 2245 5361 Kal.
2295 5309 2575 5366 incideret.
2618 5309 2733 5365 Nisi
2785 5310 2924 5368 sorte
2954 5329 3046 5367 xiv
3074 5313 3255 5367 lunam
3284 5314 3393 5367 τῶν
3427 5318 3539 5389 πρὸ

1977 5375 2122 5429 ὀκτώ
2135 5376 2258 5433 Kal.
2291 5388 2448 5435 vocet
2470 5396 2614 5445 eam,
2630 5396 2752 5451 quae
2773 5382 2899 5436 huic
2923 5384 3151 5437 termino
3180 5385 3536 5455 propinquior

1979 5453 2086 5507 est,
2117 5448 2261 5517 quod
2308 5464 2497 5504 verum
2523 5459 2674 5520 puto.
2707 5450 2764 5506 Si
2796 5452 3015 5522 quidem
3047 5464 3103 5509 et
3130 5454 3244 5509 haec
3271 5455 3543 5525 loquendi

1980 5512 2245 5583 formula,
2292 5533 2457 5588 quam
2549 5535 2609 5574 ro
2657 5529 2875 5591 recepta
2922 5537 3233 5594 excusaque
3275 5526 3533 5581 substitui

1979 5585 2406 5725 matilas
2439 5535 2867 5728 ῐιὲεῶῑηὲεςώ
2883 5607 2993 5675 Ρό
3017 5593 3208 5735 ῑιᾶξω
3226 5662 3239 5681 ·
3258 5594 3533 5651 Μὰ

2241 5711 2253 5724 ,
2409 5696 2424 5719 .
2840 5678 2950 5716 των
2980 5679 3023 5716 π
3140 5680 3271 5718 κτω.

2049 5723 2162 5794 (¹⁰)
2212 5726 2346 5781 Ἐὰν
2377 5727 2528 5796 πρὸς
2563 5727 2846 5800 ἑσπέραν.
2877 5730 3012 5791 Vide
3034 5733 3287 5792 Animae.
3312 5738 3548 5791 nostrat-

1975 5794 2044 5850 ad
2080 5794 2211 5851 haer.
2240 5810 2370 5864 mxx,
2401 5813 2457 5851 n.
2495 5798 2586 5853 ss.
