3850 6517
175 530 281 586 729

806 528 1171 588 ADVERSUS
1207 530 1547 588 uaenssssss
1584 532 1714 587 ΗΒ.
1756 532 1803 587 1.
1844 532 2010 587 Tun.
2057 527 2143 584 ln.
2184 559 2255 570 —
2292 527 2567 587 uAEREs.
2608 530 2769 586 xhn.

3335 533 3439 589 ‘130

247 642 469 713 Ἔλεγχ.
508 659 576 710 γ.
606 642 717 696 Δύο
737 645 898 708 εὐθὺς
934 649 991 700 ὲν
1028 646 1231 717 ταυτῷ,
1261 649 1357 703 καὶ
1380 647 1506 703 Πὸν
1543 649 1753 721 ἀνθρώ·
1781 651 1833 711 Α
1929 646 2111 701 Refut.
2159 648 2214 702 3.
2278 645 2396 703 Duo
2443 647 2607 703 simul
2659 649 2761 703 boc
2809 647 2866 702 in
2908 647 3026 702 loeo
3068 646 3320 701 Salvator
3369 647 3438 702 de

174 751 300 796 που,
331 734 424 786 καὶ
448 731 641 801 κύριον
674 733 953 791 Σα66άτου
979 739 1169 795 ἑαυτὸν
1195 740 1227 793 ό
1260 739 1451 811 Σωτὴρ
1475 740 1748 810 ὁμολογεῖ,

172 824 462 887 διδάσκων,
489 824 589 877 ἵνα.
614 824 689 895 μὴ
727 825 789 879 τὸ
823 827 1099 885 Σάΰὸατον
1134 830 1413 903 ἀλλότριον
1453 832 1555 901 τῆς
1582 829 1749 885 αὐτοῦ

176 916 451 986 ποιήσεως
482 915 805 987 νομίζηται·
850 920 953 974 κάν
979 938 1039 974 τε
1073 921 1302 993 ἔσχατον
1324 923 1341 955 ¹
1378 923 1508 987 Υἱὸς
1538 921 1751 994 ανθρώ-

178 1022 285 1059 που
319 1005 427 1059 ἀπὸ
455 1006 555 1075 τῆς
586 1008 851 1080 ὲνσάρκου
876 1013 1179 1083 παρουσίας
1210 1014 1406 1087 κληθῇ.

251 1097 407 1167 Σχόλ.
435 1097 499 1151 δ’.
547 1099 781 1155 Ἰούδαν
817 1102 1223 1174 Ἰσκαριώτην,
1249 1107 1319 1174 ὃς
1344 1107 1585 1177 ἐγένετο
1609 1121 1728 1175 προ

181 1188 384 1257 δύτης.
417 1191 564 1245 Ἀντὶ
592 1191 651 1245 δὲ
687 1191 806 1258 τοῦ,
852 1195 1072 1265 κατέὸη
1104 1200 1234 1268 μετ’
1272 1197 1490 1263 αὐτῶν,
1535 1198 1752 1265 κατέίη

181 1279 254 1335 ἐν
279 1280 500 1348 αὐτοῖς.
815 1310 820 1313 ·

254 1372 468 1444 Ἔλεγχ.
496 1373 560 1430 δ’.
588 1376 819 1442 Ἰούδας
856 1377 1254 1447 Ἰσκαριώτης.
1274 1382 1342 1448 ὃς
1360 1379 1597 1450 effrem
1619 1392 1759 1448 προ·

177 1462 374 1532 δύτης.
413 1466 573 1529 Τίνος
615 1466 781 1536 λέγε;
816 1468 1041 1532 Πάντως
1074 1470 1170 1524 τοῦ
1216 1470 1635 1542 συλληφθέντας,
1669 1469 1757 1523 ναὶ

180 1552 288 1623 μὴν
303 1555 396 1607 καὶ
411 1555 854 1627 ἐσταυρωμένον,
866 1559 961 1613 καὶ
976 1560 1147 1615 πολλὰ
1162 1562 1511 1628 πεπονθότος.
1525 1562 1651 1627 Πῶς
1663 1557 1757 1617 οῦν

179 1644 503 1716 συλληφθεὶς
541 1646 867 1718 σταυροῦται
886 1688 904 1713 ,
937 1652 967 1703 ὀ
997 1651 1072 1722 μὴ
1113 1653 1219 1707 ὑπὸ
1261 1654 1405 1726 ἁφὴν
1435 1654 1758 1709 ὑποπίπτων

176 1734 324 1789 κατὰ
343 1736 436 1789 τὸν
480 1737 572 1790 σὸν
601 1738 780 1806 λόγον,
808 1733 854 1794 ὧ
882 1742 1182 1813 Μαρκίων;
1210 1746 1442 1817 Δόκησιν
1474 1746 1583 1817 γὰρ
1618 1742 1758 1798 εἶναι

176 1823 382 1892 λέγεις.
414 1826 828 1899 Ἐλεγχθήσεται
850 1830 909 1883 δὲ
932 1832 966 1902 η
991 1832 1218 1887 ὑπόνοιά
1243 1852 1335 1888 σου
1354 1875 1369 1898 ,
1398 1836 1522 1889 ἀντὶ
1549 1834 1644 1887 τοῦ
1666 1850 1761 1902 γε·

176 1915 444 1987 γράφθαι.
477 1918 674 1972 Ἰούδαν
694 1920 980 1993 προδότην.
1016 1924 1301 1995 Προέδωκε
1330 1926 1439 1997 γὰρ
1490 1927 1584 1981 καὶ
1614 1943 1759 1998 παρ-

1851 736 2035 805 seipso
2065 736 2351 805 profitetur
2380 755 2396 793 ι
2430 738 2691 792 nimirum
2712 738 2911 793 Filium
2943 738 3183 794 bominis
3211 753 3271 793 se
3293 753 3438 801 esse,

1852 826 2185 899 Sabbatique
2204 827 2512 893 dominum,
2536 845 2606 886 ne
2639 830 2939 886 Sabbatum
2968 846 2999 885 a
3027 830 3310 885 molitione
3338 844 3439 885 sua

1858 917 2159 976 abhorrere
2179 920 2526 987 crederetur;
2558 922 2776 977 etiamsi
2802 923 2946 993 quod
2971 931 3305 993 postremum
3331 928 3437 980 est.

1852 1008 2025 1066 Filius
2060 1010 2302 1067 bominis
2332 1011 2408 1067 ob
2436 1020 2773 1082 assumptam
2800 1028 3023 1068 carnem
3059 1014 3382 1084 appelletur.

1924 1102 2111 1158 Schol.
2145 1101 2201 1156 4.
2235 1101 2434 1156 ludam
2489 1101 2803 1167 Iscarioten,
2834 1105 2928 1174 qui
2974 1103 3075 1173 [uit
3127 1104 3372 1172 proditor
3393 1104 3439 1162 ⁸.

1852 1192 1960 1248 Pro
1988 1208 2054 1249 eo
2091 1208 2221 1249 vero
2241 1192 2389 1263 quod
2421 1202 2527 1259 est,
2556 1193 2827 1250 descendit
2858 1211 2978 1248 cum
3007 1195 3136 1263 ipsis
3161 1196 3206 1260 ⁸,
3228 1194 3445 1263 descen-

1853 1286 1934 1340 dit
1965 1287 2019 1340 in
2052 1286 2213 1351 ipsos,
2244 1285 2394 1356 legit.

1926 1375 2110 1432 Resut.
2144 1377 2198 1430 4.
2230 1373 2404 1431 Iudas
2437 1374 2749 1439 Iscarz'otec,
2780 1377 2874 1447 qui
2897 1375 3004 1446 [uit
3037 1376 3302 1446 proditor.
3329 1376 3441 1433 Cu·

1852 1467 2071 1539 jusnam
2113 1466 2380 1523 obsecro?
2418 1464 2691 1521 Nimirum
2737 1467 2908 1531 illius,
2951 1469 3044 1536 qui
3086 1467 3447 1537 comprehen-

1856 1574 1974 1625 sus,
2006 1557 2116 1613 imo
2153 1568 2208 1613 et
2249 1558 2305 1613 in
2342 1573 2560 1614 crucem
2606 1558 2858 1614 sublatus
2906 1559 3188 1629 multaque
3221 1572 3445 1627 perpes-

1857 1666 1955 1706 sus
1983 1659 2087 1706 est.
2132 1649 2377 1718 Quanam
2425 1651 2591 1721 igitur
2634 1650 2849 1705 ratione
2904 1650 3335 1721 comprehensus
3363 1646 3433 1704 ar·

1858 1742 1948 1813 figi
2005 1743 2156 1798 cruci
2211 1743 2433 1813 poterit,
2492 1742 2584 1813 qui
2654 1743 2986 1798 contrectari
3045 1742 3330 1807 manibuS,
3383 1749 3441 1797 ut

1856 1832 2158 1897 existimas,
2192 1848 2303 1888 non
2339 1841 2540 1903 potest.
2593 1849 2626 1888 o
2675 1833 2917 1889 Marcio?
2952 1834 3099 1889 Nihil
3129 1835 3273 1890 enim
3308 1849 3439 1904 prae-

1858 1934 1944 1979 ter
1970 1922 2185 1978 inanem
2219 1925 2455 1993 speciem
2491 1924 2706 1979 tribuis.
2739 1924 2845 1980 Sed
2878 1927 2992 1980 baec
3026 1936 3117 1980 tua
3149 1926 3335 1995 opinio
3363 1924 3442 1980 la-

179 2007 380 2061 έδωκεν
410 2010 491 2072 εἰς
529 2013 720 2081 χεῖρας
744 2012 1049 2085 ἀνθρώπων
1085 2017 1180 2070 τὸν
1219 2017 1413 2070 ἑαυτοῦ
1453 2018 1753 2087 Agendae-qv,
1785 2006 1829 2061 B
1854 2008 1960 2061 cile
1984 2007 2350 2070 convincitur,
2378 2022 2444 2061 ex
2493 2021 2560 2061 eo
2598 2006 2745 2076 quod
2781 2009 3049 2079 scriptum
3097 2018 3204 2074 est,
3246 2006 3444 2074 ludam

180 2098 344 2153 Οὐδὲν
377 2100 435 2152 δέ
473 2118 531 2153 σε
574 2101 748 2174 ὤνησε
785 2104 884 2173 τὸ,
922 2106 1153 2174 Κατέὸη
1190 2108 1261 2161 ἐν
1302 2109 1508 2175 αὐτοῖς
1553 2108 1755 2177 λέγειν,

179 2190 299 2243 ἀντὶ
322 2189 438 2254 τοῦ,
476 2196 605 2262 μετ’
642 2195 853 2254 αὐτῶν.
897 2198 974 2252 Οὐ
1019 2199 1132 2269 γάρ
1175 2199 1401 2254 δύνασαι
1450 2199 1757 2270 φαντασίαν

180 2278 400 2364 ὁρίζειν,
436 2282 527 2335 τὸν
561 2284 713 2357 παρά
743 2287 827 2338 σοὶ
854 2287 1024 2342 κακόν
1045 2292 1065 2321 ¹
1097 2306 1151 2343 τι
1190 2289 1421 2362 ὕστερον
1467 2291 1580 2346 ὑπὸ
1613 2290 1758 2360 ἁφὴν

185 2371 448 2427 πίπτοντα
473 2374 845 2448 δεικνύμενον.

253 2634 410 2705 Σχόλ.
458 2634 521 2690 ε’.
566 2636 678 2691 Καὶ
736 2636 858 2702 πᾶς
906 2641 942 2692 ό
996 2638 1183 2707 ὄχλος
1225 2636 1417 2705 ἐζήτει
1468 2638 1761 2694 ἅπτεσθαι

180 2727 382 2780 αὐτοῦ.
404 2728 512 2782 Καὶ
537 2728 722 2793 αὐτὸς
744 2728 969 2798 ἐπάρας
995 2729 1140 2797 τσὺς
1170 2728 1518 2800 ὀφθαλμοὺς
1550 2730 1758 2795 αὑτοῦ,

184 2822 279 2873 καὶ
299 2822 365 2873 τά
391 2821 538 2891 ἑξῆς.

256 2908 483 2982 Ἐλεγχ.
513 2918 575 2967 ε’.
612 2911 739 2975 Πῶς
780 2910 942 2966 πάλιν
980 2914 1011 2967 ό
1044 2912 1202 2985 ὅχλος
1250 2913 1482 2984 ἠδύνατο
1521 2911 1762 2983 ἅψασθαι

181 3002 277 3057 τοῦ
306 3004 451 3074 ἁφὴν
484 3004 562 3078 μὴ
589 3002 837 3076 §goma
871 3005 1068 3070 Ποίους
1108 3006 1167 3060 δὲ
1198 3005 1514 3076 ὀφθαλμοὺς
1555 3006 1762 3076 ἐπῆρεν

181 3097 263 3161 τίς
290 3095 553 3166 οὐρανοὺς
576 3097 608 3151 ό
642 3098 710 3151 ὲκ
737 3098 938 3169 σαρκὸς
968 3098 1045 3169 μὴ
1075 3098 1457 3170 ήρμοσμένος;
1505 3096 1644 3150 Ἀλλ’
1676 3097 1762 3151 ἵνα

180 3182 365 3257 δείξῃ,
413 3186 497 3239 ὅτι
548 3186 778 3259 μεσίτης
808 3187 943 3242 Θεοῦ
982 3189 1079 3243 καὶ
1122 3185 1427 3259 ἀνθρώπιον
1476 3188 1763 3258 ἄνθρωπος

185 3275 417 3350 Χριστὸς
458 3277 684 3348 Ἰησοῦς,
723 3277 863 3348 ἔχων
912 3278 982 3333 τὰ
1016 3278 1325 3351 ἀμφότερα,
1359 3277 1418 3345 ἐξ
1456 3276 1762 3350 ἀνθρώπιον

186 3368 289 3440 μὶν
333 3370 430 3440 τὴν
472 3371 688 3442 σάρκα.
738 3372 804 3424 ὲκ
850 3371 907 3426 δὲ
947 3371 1085 3425 Θεοῦ
1131 3372 1350 3444 Πατρός
1392 3371 1494 3443 τὴν
1532 3371 1764 3443 ἀόρατον

186 3458 393 3512 οὐσίαν.

254 3638 448 3711 Σχόλχ.
490 3648 567 3707 ς’.
611 3643 776 3697 Κατὰ
797 3642 869 3699 τὰ
914 3643 1067 3699 αὐτὰ
1094 3644 1345 3697 ἐποίουν
1375 3643 1499 3709 τοῖς
1536 3642 1768 3712 ,τροφή-

182 3748 316 3798 ταις
341 3736 395 3787 ol
424 3735 675 3801 πατέρες
703 3735 892 3803 ὑμῶν.

264 3826 494 3893 Ἐλεγχ.
533 3824 607 3889 ς’.
649 3826 713 3877 Εἰ
741 3825 1033 3894 προφητῶν
1079 3825 1375 3895 μέμνηται,
1405 3826 1506 3880 οὐκ
1528 3827 1769 3899 ἀρνεῖται

192 3917 479 3988 προφήτας
499 3931 511 3944 ·
555 3916 604 3967 εἰ
634 3914 842 3966 ἑκδικεί
866 3915 958 3968 τὸν
983 3913 1095 3967 τῶν
1139 3914 1435 3987 προφητῶν
1464 3916 1641 3985 φόνον,
1675 3918 1772 3972 καὶ

192 4005 440 4068 ὀνειδίζει
485 4005 613 4068 τοὺς
648 4007 1053 4073 πεφονευκότας
1082 4024 1143 4060 τε
1182 4007 1278 4061 καὶ
1308 4007 1635 4073 διώξαντας,
1670 4010 1771 4063 οὐκ

195 4095 475 4166 ἀλλότριος
531 4096 829 4167 προφητῶν
879 4099 1169 4169 τυγχάνει,
1219 4098 1357 4152 ἀλλὰ
1413 4099 1545 4164 Θεὸς
1592 4100 1771 4154 αὐτῶν

197 4187 454 4257 ὑπάρχει,
479 4189 507 4240 ό
534 4188 633 4259 τὴν
658 4188 916 4243 σύστασιν
942 4189 1125 4246 αὐτῶν
1159 4191 1498 4262 ποιούμενος.

269 4277 423 4347 Σχόλ.
450 4275 515 4342 ζ’.
550 4277 715 4348 Λέγω
746 4278 921 4350 ὑμῖν·
952 4281 1264 4350 Τοσαύτην
1289 4284 1499 4337 πίστιν
1534 4282 1677 4337 οὐδὲ
1701 4283 1774 4339 ἐν

194 4366 277 4435 τῷ
313 4368 561 4438 Ἰσραὴλ
592 4366 793 4439 εὗρον.

271 4462 488 4535 Ἔλεγχ.
521 4461 585 4527 ζ’.
606 4464 669 4517 Ei
696 4463 817 4517 οὐδὲ
848 4465 905 4517 ὲν
935 4463 1014 4535 τῷ
1049 4464 1264 4534 Ἰσραὴλ
1300 4464 1556 4535 τοιαύτην
1590 4465 1773 4519 πίστιν

197 4546 377 4626 εῦρεν,
407 4555 483 4618 ῶς
519 4556 578 4607 ὲν
623 4554 700 4626 τῷ
744 4553 855 4608 ἀπὸ
896 4554 1068 4609 ἐθνῶν
1105 4555 1316 4608 ἐλθόντι
1366 4556 1770 4627 ἑκατοντάρχῃ,

1788 3334 1831 3389 C

1854 2096 2215 2170 proditorem.
2245 2094 2452 2151 Revera
2491 2095 2693 2167 quippe
2731 2095 3020 2152 Dominum
3067 2113 3227 2153 suum
3258 2098 3434 2169 prodi·

1856 2186 1971 2252 dit,
2023 2193 2079 2241 et
2128 2186 2184 2240 in
2237 2201 2432 2242 manus
2479 2188 2760 2243 hominum
2805 2188 3050 2243 tradidit.
3097 2174 3283 2259 Neque
3319 2204 3444 2245 vero

1857 2290 2081 2332 causam
2130 2284 2278 2331 tuam
2334 2278 2601 2343 sublevat,
2640 2279 2809 2349 quod,
2847 2280 3126 2336 Descendit
3177 2283 3233 2336 in
3282 2283 3444 2351 ipsos,

1858 2382 1993 2432 non,
2028 2385 2149 2422 cum
2177 2369 2327 2438 ipsis,
2358 2370 2731 2427 substituetis.
2775 2370 2962 2442 Neque
2986 2375 3129 2428 enim
3163 2390 3322 2431 cassa
3354 2376 3423 2429 ad

1859 2459 2219 2530 umbrataque
2253 2461 2438 2531 specie
2474 2459 2702 2517 delinire
2748 2471 2901 2533 potes
2948 2464 3133 2530 illum,
3164 2482 3324 2535 quem
3367 2477 3445 2522 ta-

1859 2558 1953 2607 ctu
1992 2557 2306 2620 perceptum
2343 2551 2516 2609 tuisse
2549 2554 2755 2610 fateare
2790 2554 2905 2623 ipse
2936 2556 3021 2611 vel
3051 2556 3273 2612 invitus.

1927 2643 2094 2715 324
2131 2643 2316 2699 Schol.
2343 2646 2399 2700 5.
2424 2645 2493 2699 Et
2516 2648 2686 2700 omnia
2717 2644 2876 2699 turba
2895 2645 3162 2717 quoerebat
3187 2663 3307 2701 eum
3329 2656 3454 2702 tan-

1858 2749 1996 2804 qere.
2025 2734 2094 2788 Et
2125 2736 2252 2804 ipse,
2278 2736 2492 2791 elevatis
2521 2736 2691 2791 oculis
2728 2738 2839 2792 suia
2881 2738 2925 2803 ⁸,
2953 2744 3057 2793 etc.

1932 2910 2113 2967 Belin.
2149 2912 2203 2967 5.
2232 2911 2337 2979 Qui
2366 2912 2583 2968 tandem
2612 2922 2836 2985 tangere
2871 2916 3023 2972 illum
3058 2916 3220 2972 turba
3247 2917 3448 2987 potuit,

1860 3003 1955 3073 qui
2014 3010 2220 3058 tactum
2270 3019 2487 3060 omnem
2541 3004 2836 3076 eflugeret?
2869 3006 3152 3073 Quosnam
3208 3024 3341 3063 vero
3390 3008 3448 3064 in

1861 3096 2060 3151 coelum
2088 3097 2279 3153 oculos
2311 3098 2556 3163 sustulit,
2597 3099 2688 3169 qui
2737 3100 2962 3156 minime
3001 3115 3067 3155 ex
3115 3115 3282 3156 carne
3314 3115 3450 3156 con·

1862 3189 2076 3244 staret?
2128 3188 2234 3245 Sed
2291 3196 2352 3243 ut
2403 3190 2625 3259 planum
2677 3188 2899 3259 laceret,
2951 3193 3302 3250 mediatorem
3345 3192 3450 3248 oei

1863 3289 1919 3334 et
1951 3279 2229 3335 bominum
2265 3280 2541 3337 bominem
2584 3297 2709 3337 esse
2758 3281 3037 3339 Christum
3064 3283 3250 3341 lesum
3282 3285 3327 3349 ¹,
3355 3283 3449 3355 qui

1866 3380 2159 3443 utrumque
2183 3372 2656 3443 complecteretur,
2684 3378 2849 3442 atque
2890 3373 2960 3428 ab
3002 3372 3314 3430 bominibus
3336 3389 3465 3430 car·

1867 3480 2014 3527 nem,
2054 3478 2086 3517 a
2129 3462 2242 3519 Deo
2269 3480 2400 3520 vcro
2453 3462 2616 3518 Patre
2664 3471 2915 3539 naturam
2966 3465 3285 3535 accepisset,
3330 3480 3451 3537 qua

1864 3554 2151 3610 obulorum
2181 3554 2354 3609 aciem
2384 3553 2612 3625 fugeret.

1937 3642 2124 3700 Schol.
2176 3642 2250 3700 6.-
2279 3644 2577 3699 Secundum
2631 3645 2743 3699 hoec
2791 3647 2974 3701 eadem
3009 3643 3279 3713 faciebant
3328 3659 3449 3712 pro·

1865 3735 2037 3806 pliciis
2063 3745 2241 3805 patres
2276 3736 2438 3789 vestri
2464 3735 2510 3789 ⁸.

1939 3826 2121 3885 Relut.
2162 3824 2217 3881 6.
2262 3825 2400 3881 Cum
2434 3826 2824 3896 prophetarum
2874 3825 3207 3883 mentionem
3262 3822 3452 3889 faciat,

1867 3917 2164 3989 prophetas
2213 3931 2322 3972 non
2369 3916 2641 3987 repudiat.
2687 3916 2938 3988 Cumque
2972 3914 3203 3994 ‘illorum
3243 3913 3452 3969 eaedem

1870 4006 2189 4076 ulciscatur,
2220 4007 2394 4078 iisque
2420 4007 2513 4077 qui
2545 4006 2865 4063 occiderunt
2896 4021 2961 4061 ac
3004 4004 3272 4078 persecuti
3298 4011 3450 4071 sunt,

1870 4098 2017 4155 istud
2043 4098 2220 4169 ipsum
2246 4097 2562 4168 exprobret,
2587 4112 2698 4153 non
2726 4112 2758 4151 a
2786 4096 3068 4169 prophetis
3092 4096 3326 4159 alienus,
3352 4092 3453 4151 ced

1868 4189 2187 4245 eorumdem
2223 4187 2367 4244 Deus
2392 4188 2518 4250 erit,
2541 4204 2570 4241 a
2596 4203 2707 4259 quo
2739 4188 2815 4243 illi
2847 4187 3112 4260 originem
3147 4194 3450 4243 traxerunt.

1943 4281 2128 4337 Schol.
2160 4282 2212 4337 7.
2247 4280 2380 4336 Dico
2440 4280 2584 4337 vobis
2610 4322 2628 4348 ,
2660 4278 2783 4336 Non
2828 4279 3003 4335 inveni
3046 4288 3249 4335 tantam
3296 4278 3456 4351 fidem
3523 4321 3535 4335 .

1870 4389 2036 4442 neque
2061 4374 2117 4427 in
2145 4371 2323 4427 Israel
2351 4375 2397 4429 ⁸.

1946 4462 2127 4519 Refut.
2162 4463 2210 4517 7.
2248 4462 2303 4516 s:
2337 4477 2408 4518 ne
2442 4464 2497 4517 in
2525 4460 2694 4518 lsrael
2715 4459 2936 4533 quidem
2969 4470 3120 4517 tanta
3151 4469 3237 4517 est
3267 4458 3461 4515 abillo

1876 4553 2010 4609 tides
2036 4553 2276 4614 inventa,
2306 4560 2510 4622 quanta
2543 4554 2599 4606 in
2630 4554 2953 4609 centurione
2980 4553 3074 4608 illo
3103 4550 3314 4623 gentili,
3343 4563 3456 4605 non

196 4648 307 4719 ἄρα
337 4648 397 4701 οὐ
433 4647 590 4715 ψέγει
616 4647 715 4718 τὴν
746 4646 840 4700 τοῦ
880 4647 1099 4718 Ἰσραὴλ
1138 4648 1341 4703 πίστιν.
1376 4650 1439 4701 Εἰ
1474 4646 1584 4717 γὰρ
1619 4647 1775 4702 ἀλλό-
1805 4668 1849 4723 D
1877 4643 2043 4715 igitur
2073 4640 2291 4698 Israelis
2330 4642 2486 4697 iidem
2534 4644 2882 4699 condemnat.
2917 4642 3020 4707 Qui
3050 4642 3096 4697 si
3124 4657 3157 4695 a
3187 4641 3298 4696 Deo
3323 4640 3455 4695 alie·

198 4757 348 4814 τριον
373 4740 393 4770 ⁸
420 4738 554 4792 Θεοῦ
581 4739 817 4809 ὑπῆρχε,
860 4740 956 4793 καὶ
987 4740 1087 4793 οὐκ
1127 4741 1292 4795 αὐτοῦ
1332 4741 1425 4794 καὶ
1468 4740 1562 4793 τοῦ
1603 4738 1768 4794 αὐτοῦ

202 4830 435 4901 Πατρὸς,
462 4830 562 4883 οὐκ
592 4829 659 4883 ἂν
691 4830 894 4901 ταύτης
920 4832 1157 4884 ἐποιεῖτο
1186 4831 1276 4884 τὸν
1306 4830 1542 4887 ἔπαινον.

271 4922 426 4991 Σχόλ.
455 4928 523 4991 η’.
561 4921 1021 4991 Παρηλλαγμὲνον
1049 4922 1129 4998 τζ).
1166 4921 1467 4989 Μακάριος
1495 4922 1564 4988 ὃς
1587 4924 1660 4976 οὐ
1687 4920 1776 4990 μὴ

203 5010 628 5079 σκανδαλισθῇ
679 5012 747 5065 ἐν
776 5013 926 5081 ἐμοί.
981 5009 1105 5083 Εἶχε
1153 5013 1261 5084 γὰρ
1300 5014 1375 5077 ὡς
1416 5014 1552 5085 πρὸς
1598 5012 1780 5066 Ἰωάν-

205 5122 302 5175 νην
336 5104 469 5173 (67).

279 5196 498 5264 Ἐλεγχ.
523 5200 595 5265 η’.
613 5195 790 5248 Κάντε
834 5195 970 5267 πρὸς
1002 5196 1254 5268 Ἰωάννην
1291 5195 1427 5267 ἔχοι,
1455 5196 1618 5250 κᾶντε
1640 5193 1779 5265 πρὸς
1799 5180 1824 5199 ⁰

210 5286 373 5341 αὐτὸν
408 5287 498 5340 τὸν
541 5286 798 5366 Σωτῆρα.
844 5286 1137 5359 μακαρίζει
1185 5289 1311 5351 τοὺς
1359 5288 1435 5357 μὴ
1493 5285 1781 5340 σκανδαλι-

209 5376 471 5448 ζομένους
494 5377 613 5447 ἢτοι
655 5379 714 5431 ἐν
756 5378 929 5449 αὐτῷ,
969 5379 1087 5449 ἢτοι
1116 5382 1174 5432 ὲν
1214 5379 1469 5451 Ἰωάννῃ·
1515 5378 1602 5431 ’ίνα
1635 5377 1709 5448 μὴ
1743 5378 1783 5433 ἃ

213 5466 291 5540 μὴ
320 5466 558 5522 ἀκούωσι
597 5470 727 5539 παρ’
772 5468 936 5523 αὐτοῦ
977 5470 1187 5533 ἑαυτοῖς
1232 5468 1599 5521 πλάσσωνται.
1625 5469 1781 5539 Ἔχει

283 5626 303 5658 ²
332 5624 455 5681 For.
485 5627 549 5680 τὸ
578 5626 759 5695 ἔτχατ.
819 5629 839 5658 ¹
863 5626 1019 5680 Corr.
1055 5627 1295 5681 κακοντι.
1353 5623 1373 5653 ⁸
1398 5620 1437 5674 F
1440 5637 1522 5675 or.
1557 5622 1790 5693 ἀλλότρια
1815 5638 1858 5687 ς.

213 5708 276 5757 ιι,
315 5696 369 5751 5.
443 5696 467 5727 ⁸
498 5696 632 5750 Luc.
672 5712 746 5759 vl,
770 5695 860 5751 25.
937 5700 957 5728 ⁹
994 5695 1126 5751 Luc.
1153 5710 1247 5757 vn,
1280 5694 1333 5749 9.
1409 5692 1453 5724 ¹⁰
1486 5692 1619 5747 ibid.
1651 5693 1743 5747 25.

286 5848 398 5920 (07)
430 5848 708 5905 Postrema
741 5849 930 5914 verba,
959 5844 1073 5919 εἶχε
1094 5847 1201 5921 γάρ
1227 5847 1303 5912 ῶς
1331 5846 1467 5918 πρὸς
1503 5846 1779 5918 Ἰωάννην,

213 5933 385 5991 supra
416 5919 472 5975 in
509 5921 750 5977 locorum
784 5917 1025 5975 indiculo
1054 5933 1177 5974 cum
1209 5918 1419 5973 scholio
1446 5917 1481 5973 9
1515 5916 1782 5989 <copulan-

1878 4751 1984 4791 nus
2010 4741 2178 4800 esset,
2217 4749 2392 4805 neque
2434 4741 2530 4788 aut
2577 4732 2645 4788 ad
2687 4748 2768 4797 se,
2807 4742 2901 4789 aut
2924 4733 2991 4787 ad
3039 4730 3254 4789 Patrem
3292 4745 3453 4786 suum

1879 4829 2157 4891 attineret,
2188 4842 2529 4897 nequaquam
2561 4826 2705 4880 illam
2739 4823 3076 4897 praedicaret.

1953 4919 2138 4975 Schol.
2175 4920 2229 4975 8.
2268 4917 2530 4973 Mutatum
2582 4916 2728 4972 istud
2781 4922 2866 4972 est
2905 4934 2919 4970 ε
2965 4914 3161 4970 Beatus
3207 4913 3299 4983 qui
3348 4928 3457 4967 non

1880 5012 2038 5080 [uerit
2072 5012 2468 5066 scandalizatus
2517 5010 2573 5063 in
2616 5025 2696 5062 me
2735 5008 2799 5063 ¹⁰.
2842 5006 3052 5079 Quippe
3086 5005 3154 5061 ad
3189 5002 3452 5087 loannem

1881 5101 2241 5157 referebatur.

1955 5191 2135 5248 Resnt.
2168 5193 2220 5247 8.
2256 5192 2379 5247 Sive
2422 5190 2492 5245 ad
2533 5190 2818 5255 loannem,
2852 5190 2965 5243 sive
3008 5185 3076 5242 ad
3116 5187 3294 5257 ipsum
3333 5183 3457 5240 Sal·

1881 5294 2123 5342 vatorem
2155 5286 2440 5356 pertineat,
2472 5285 2660 5340 beatos
2692 5283 2813 5338 illos
2841 5296 2964 5337 esse
2987 5279 3330 5352 pronuntiat,
3359 5277 3456 5351 qui

1881 5376 2235 5434 scandalizati
2271 5390 2378 5428 non
2407 5374 2610 5431 sinerint
2638 5374 2692 5428 in
2722 5388 2802 5436 se,
2832 5372 2916 5427 vel
2950 5372 3004 5426 in
3031 5369 3264 5435 «Ioanne,
3299 5384 3366 5427 ne
3389 5384 3456 5426 en

1880 5469 1983 5523 sibi
2005 5467 2229 5538 lingant,
2252 5482 2372 5537 quae
2400 5481 2432 5522 a
2459 5482 2520 5521 se
2545 5481 2653 5522 non
2688 5464 2978 5520 audierint.
3007 5461 3118 5520 Sed
3139 5464 3282 5519 inest
3300 5458 3461 5533 quid-

1939 5624 1960 5654 ⁸
1993 5622 2124 5681 Luc.
2153 5642 2229 5681 vt.
2256 5624 2338 5678 16.
2429 5624 2451 5655 ⁸
2484 5621 2618 5677 ibid.
2649 5621 2730 5677 17.
2807 5622 2829 5653 ‘
2862 5620 2996 5677 ibid.
3028 5619 3118 5676 ¹9.
3211 5617 3278 5672 'l
3309 5616 3458 5674 Tim.

1885 5853 1992 5902 tur.
2033 5843 2360 5917 Scripserat.
2405 5841 2513 5898 nisi
2554 5841 2735 5910 fallor,
2772 5840 2996 5910 narcio,
3024 5840 3084 5907 ὃς
3122 5838 3182 5893 οὐ
3233 5830 3462 5891 cmv&-
3496 5873 3506 5882 .

1888 5915 2202 5983 λισθήσεται
2231 5917 2288 5969 ἐν
2310 5912 2479 5983 αΰτῳ.
