3850 6517
297 427 356 483 72
1593 426 1648 475 S.
1697 421 2036 477 tirlt‘nANn
2078 422 2259 479 vtTA.
3482 421 3561 476 '121

297 554 412 597 tum
444 558 718 607 nummos,
744 551 797 597 et
839 541 983 596 dedit
1027 542 1286 602 Charino.
1322 544 1510 598 dicens
1538 544 1584 596 ei
1620 561 1632 596 e
1672 544 1868 611 Accipe
1899 547 1944 598 Α
1976 539 2114 609 μετὰ
2142 539 2462 609 Ἐπιφανίου
2495 539 2597 600 ἕως
2626 537 2833 607 ἡμέρας
2863 537 3090 589 Θανάτου
3120 534 3560 590 αὖτοῦ.Ἔὶ.α6εν

295 643 512 689 centum
563 650 835 696 nummos,
862 649 1000 701 enos
1050 635 1171 687 dedi
1226 650 1324 703 pro
1375 635 1608 703 hospite.
1645 635 1695 687 is
1737 650 1868 689 vero

296 723 489 778 canina
523 723 694 778 fronte
725 726 1004 795 praeditus,
1029 738 1243 780 centum
1279 741 1534 779 nummos
1566 727 1773 794 aecepit
1801 727 1869 780 ab

301 811 625 884 Epiphanio,
661 815 926 873 Omnibus
959 827 1137 870 autem
1171 816 1448 870 accersitis
1471 817 1704 875 clericis.
1734 816 1872 871 Cha-

301 906 456 962 rinus
507 910 639 964 dixit
687 911 815 964 eis:
853 910 1026 980 Agite,
1057 908 1284 977 accipite
1333 918 1550 963 centum
1595 924 1867 971 nnmmoS,

295 1013 433 1066 «ptos
463 998 794 1068 disperserat
820 998 1190 1068 Epiphanins;
1225 1015 1319 1052 eos
1344 999 1487 1052 enim
1520 1000 1588 1052 ab
1607 1013 1672 1053 eo
1693 1001 1869 1068 exegi.

295 1088 486 1143 (Herici
520 1103 650 1142 vero
684 1105 791 1142 non
822 1090 1189 1158 approbarunt
1219 1091 1420 1144 niainm
1451 1091 1693 1145 animum
1724 1091 1872 1145 Cha-

293 1180 422 1240 rini.
453 1181 546 1236 sed
578 1182 626 1233 ei
656 1183 908 1237 dixerunt
942 1202 956 1239 ε
988 1184 1110 1246 Abi,
1140 1200 1234 1238 ros
1268 1186 1432 1240 redde
1465 1187 1538 1247 ei,
1573 1201 1601 1238 a
1633 1202 1742 1255 quo
1777 1202 1873 1240 ac-

295 1274 504 1342 cepisti.
541 1271 614 1326 ita
645 1273 689 1326 is
715 1290 809 1328 eos
849 1290 953 1328 non
987 1277 1219 1330 reddidit
1266 1276 1591 1346 Epiphanio.
1623 1277 1798 1346 Atque
1828 1277 1875 1332 is

295 1366 533 1434 quidem.
551 1367 714 1421 muita
739 1368 920 1438 gravia
939 1370 1230 1440 et'indigna
1261 1370 1385 1425 fecit
1411 1367 1733 1439 EpiphaniO.
1757 1371 1877 1441 Epi·

294 1458 528 1527 phanius
561 1469 739 1513 antem
771 1476 1049 1532 nunquam
1079 1464 1303 1517 omnino
1347 1465 1596 1520 meminit
1641 1475 1876 1536 accept-‘e

296 1564 327 1602 a
360 1548 600 1603 Charino
636 1551 866 1621 injuriae.

367 1799 630 1858 xxxvn.
669 1804 804 1861 Cnm
841 1805 1134 1877 aliquando
1169 1810 1389 1880 quidem
1411 1823 1555 1868 esset
1585 1816 1874 1885 prandium

298 1889 350 1945 in
385 1895 718 1966 episcopatu,
749 1898 982 1953 habebat
1032 1899 1370 1970 Epiphanius
1401 1921 1594 1962 omnes
1643 1909 1872 1965 clericos
1907 1897 1950 1951 Β

296 1981 351 2037 ἱιι
383 2000 590 2040 mensa.
630 1987 744 2042 Mos
792 1999 969 2043 autem
1004 1999 1122 2046 erat
1169 1991 1472 2063 Epiphanio
1521 2008 1679 2054 nocte
1704 2008 1759 2054 et
1786 2000 1874 2056 die

295 2074 496 2131 hahere
521 2078 571 2131 in
602 2080 854 2135 man-ibus
887 2091 1076 2138 sancta
1106 2082 1418 2154 Evangelia,
1451 2096 1505 2142 et
1537 2088 1733 2145 docere
1757 2107 1876 2146 ver·-

294 2164 424 2219 bum
474 2167 740 2223 divitium.
770 2169 1020 2242 Cumque
1046 2176 1100 2228 in
1129 2190 1317 2230 mensa
1350 2178 1570 2234 doceret
1602 2181 1876 2250 pranden-

298 2267 378 2311 tes
425 2257 784 2328 Epiphanius,
818 2261 953 2325 avis,
991 2281 1111 2335 qnae
1154 2267 1354 2322 dieitur
1396 2287 1615 2337 curvus,
1663 2273 1877 2330 intense

296 2362 482 2402 vocem
512 2352 711 2406 emisit.
748 2351 894 2408 Dixit
923 2367 1101 2412 autent
1130 2356 1403 2414 Charinus·
1435 2364 1832 2431 prandentibus
1858 2383 1872 2419 z

296 2437 558 2505 Quisnam
605 2461 671 2498 ex
713 2446 868 2499 vobis
919 2449 1070 2503 novit
1116 2450 1244 2518 quid
1295 2451 1509 2508 locutus
1540 2456 1609 2509 sit
1636 2456 1878 2511 corvus?

297 2529 534 2586 Verbum
593 2524 775 2588 antem
832 2535 1078 2593 divinum
1147 2543 1452 2609 exponebat
1515 2541 1872 2612 Epiphanius.

295 2611 554 2676 Easndexn
589 2639 773 2677 vocem
809 2640 999 2681 rursus
1030 2629 1226 2682 emittit
1264 2644 1481 2684 corvus.
1520 2630 1665 2687 Dixit
1693 2643 1874 2689 autem

298 2728 494 2767 rnrsns
528 2715 801 2771 Charinus
835 2737 848 2772 ι
885 2719 1020 2785 Quis
1067 2736 1130 2774 cx
1180 2722 1337 2776 vohis
1389 2724 1542 2777 novit
1570 2726 1702 2793 quid
1731 2727 1876 2783 dicat

297 2807 528 2860 corvus?
565 2806 899 2878 Epiphanius
943 2826 1072 2865 vero
1099 2826 1294 2867 rursus
1326 2827 1518 2868 omnes
1565 2797 1793 2872 docebat
1823 2818 1879 2875 in

298 2897 550 2965 prandio.
597 2898 766 2954 Porro
801 2911 981 2955 autem
1016 2916 1210 2957 rursus
1261 2917 1479 2971 quoque
1528 2905 1743 2959 tertiam
1786 2922 1874 2963 vo·

302 3001 420 3042 cem
476 2989 672 3044 emittit
722 3006 939 3046 corvus.
977 2988 1231 3062 Dixitque
1263 3008 1457 3047 rursus
1490 2994 1761 3052 Charinus
1789 2998 1876 3062 iis.

300 3080 571 3147 quierant
601 3080 650 3133 in
678 3081 906 3149 prandio
936 3099 950 3136 ι
984 3081 1100 3135 Dixi
1136 3082 1310 3148 vohis,
1341 3080 1604 3148 Quisnam
1636 3094 1878 3140 vestrum

1970 629 2024 681 δὲ
2056 629 2373 698 Ἐπιφάνιος
2425 630 2491 682 τά
2543 635 2589 699 ρ’
2615 628 2941 698 νομίσματα,
2981 627 3075 680 καὶ
3105 627 3300 680 ἔδωκεν
3333 626 3409 698 τῷ
3440 630 3560 681 Χα·

1976 724 2123 794 ρίνῳ,
2156 721 2328 789 λέγων
2362 721 2495 791 πρὸς
2540 722 2701 774 αὐτόν
2722 737 2734 749 ·
2769 720 2926 787 Δέξαι
2976 719 3044 773 τά
3088 727 3130 790 ρ’
3158 719 3488 790 νομίσματα,
3520 719 3562 773 ἃ

1972 815 2146 868 ἔδωκα
2172 813 2415 886 ὑπὲρ-τοῦ
2449 814 2618 878 ξένου.
2654 809 2819 876 Οὗτος
2847 813 2926 880 δὲ,
2959 813 3119 876 κυνὸς
3146 813 3366 882 ὄμματα
3392 811 3560 882 ἔχων,

1971 906 2164 960 ἔλαόεν
2212 907 2283 960 τὰ
2329 906 2641 977 νομίσματα
2687 905 3179 978 παράῈπιφανίου
3205 920 3218 934 ·
3254 904 3348 957 καὶ
3389 919 3561 974 προσ-

1973 999 2345 1070 καλεσάμενος
2382 999 2624 1061 ἅπαντας
2655 999 2781 1061 τοὺς
2804 997 3119 1069 κληρικοὺς,
3145 996 3331 1064 ἔλεγεν
3352 996 3558 1057 αὐτοῖς·

1973 1092 2157 1156 Δεῦτε,
2191 1092 2382 1147 λάθει-ε
2435 1093 2502 1146 τὰ
2556 1099 2601 1152 ρ’
2629 1091 2963 1162 νομίσματα,
2993 1090 3029 1145 ἃ
3055 1086 3123 1161 ἦν
3163 1089 3562 1160 διασκορπίσας

1974 1183 2293 1252 Ἐπιφάνιος
2312 1200 2325 1213 ·
2356 1183 2617 1254 ἀπῄτησα
2653 1182 2761 1252 γὰρ
2790 1181 2951 1234 αὐτὸν
2980 1180 3177 1234 πάντα.
3217 1181 3277 1233 Oi
3307 1177 3564 1249 κληρικτλ

1974 1271 2066 1328 οὖν
2109 1276 2170 1328 οὐ
2203 1274 2598 1346 συνευδόκησαν
2649 1276 2714 1345 τῆ
2759 1276 2903 1345 κακῇ
2946 1271 3142 1345 γνώμῃ
3186 1271 3264 1339 τῷ
3300 1270 3561 1341 Χαρίνῳ,

1974 1366 2091 1419 ἀλλ’
2124 1362 2278 1419 εἶπον
2329 1366 2468 1438 πρὸς
2515 1366 2701 1421 αὐτόν·
2744 1365 3003 1426 Ἀπελθε,
3055 1364 3186 1434 παρ’
3228 1359 3289 1416 οὗ
3344 1363 3564 1428 ἐλαῦες,

1976 1458 2173 1522 ἀπόδος
2216 1459 2373 1512 αὐτά.
2406 1454 2574 1523 Οὗτος
2616 1459 2672 1512 δὲ
2718 1457 2841 1511 οὔτε
2873 1457 3047 1517 οὕτως
3092 1455 3376 1509 ἀπέδωκεν
3419 1455 3565 1510 αὐτὸ

1976 1547 2299 1619 Ἐπιφανίῳ.
2331 1548 2636 1618 Πάμπολλα
2658 1543 2751 1602 οὗν
2787 1547 2938 1600 δεινὰ
2969 1546 3239 1618 ἐχρήσατο
3270 1548 3298 1598 6
3327 1546 3564 1615 Χαρῖνος

1978 1637 2284 1709 Ἑπιφανίῳ
2304 1655 2316 1667 ·
2368 1638 2530 1703 αὐτὸς
2582 1637 2639 1690 δὲ
2703 1639 2760 1691 ἐν
2824 1636 2998 1689 οὐδενὶ
3065 1636 3201 1699 ὅλως
3264 1634 3565 1704 ὲμηνίασεν

1976 1729 2150 1800 αὐτῷ.

2047 1823 2169 1876 ΛΖ’.
2210 1823 2349 1876 Ποτὲ
2395 1817 2488 1876 οὖν
2538 1821 2762 1893 ἀρίστου
2804 1821 2953 1884 ὄντος
3002 1823 3059 1874 ὲν
3093 1819 3171 1890 τῷ
3204 1819 3566 1890 ὲπισκοπείῳ,

1978 1909 2125 1982 εἶχεν
2154 1914 2473 1981 Ἐπιφάνιος
2507 1913 2755 1974 ἅπαντας
2793 1910 2919 1973 τοὺς
2952 1910 3247 1981 κληρικοῦς
3295 1909 3389 1963 ἐπὶ
3432 1926 3551 1980 τρα-

1978 1998 2282 2074 πέζης.Ἷίν
2331 2003 2389 2056 δὲ
2423 2004 2542 2065 ἔθος
2576 2000 2880 2072 Ἐπιφανίῳ
2913 2002 2970 2053 ὲν
3002 2003 3122 2063 ταῖς
3165 2000 3353 2070 χερσὶν
3398 1999 3566 2053 αὐτοῦ

1978 2096 2200 2166 κρατεῖν
2224 2094 2292 2148 τὰ
2323 2093 2455 2160 ἅγια
2485 2093 2816 2161 Εὑαγγέλια,
2843 2092 3035 2156 νυκτὸς
3068 2092 3163 2145 καὶ
3184 2091 3396 2164 ἡμέρας
3422 2091 3560 2146 διδά·

1980 2202 2133 2240 σκειν
2162 2185 2254 2238 τὸν
2288 2184 2430 2238 Οεῖον
2476 2183 2653 2251 λόγον.
2686 2183 2792 2237 Τοῦ
2823 2179 2916 2237 οὗν
2942 2183 3263 2252 Ἐπιφανίου
3291 2182 3567 2237 διδάσκονι

1977 2292 2072 2339 τος
2116 2273 2211 2327 ἐπὶ
2238 2271 2517 2345 τραπέζης
2562 2275 2690 2336 τοὺς
2739 2272 3097 2344 ἀριστοῦντας
3138 2273 3325 2342 ὄρνεον
3367 2271 3429 2326 τό
3462 2290 3566 2327 κα·

1978 2364 2240 2435 λούμενον
2287 2363 2459 2435 κόραξ
2493 2364 2783 2418 ἀποδίδωσι
2808 2365 2992 2436 φωνὴν
3019 2365 3274 2430 εὐτόνως.
3314 2359 3482 2418 Εἶπεν
3509 2366 3566 2420 δὲ
3611 2348 3620 2357 ’

1980 2457 2215 2527 Χαρῖνος
2264 2459 2378 2520 τοῖς
2429 2456 2778 2528 ἀριστοῦσιν·
2814 2456 2910 2520 Τίς
2943 2458 3001 2523 ἐξ
3037 2458 3191 2528 ὑμῶν
3230 2457 3489 2525 γινώσκει
3514 2458 3570 2511 τί

1899 2606 1905 2610 ,
1979 2547 2360 2617 ἀπεφθέγξατο
2400 2550 2431 2602 ό
2466 2549 2672 2621 κόραξ;
2703 2544 2813 2604 Ἤν
2844 2549 2899 2603 δὲ
2926 2549 3241 2621 Ἐπιφάνιος
3273 2551 3449 2604 λαλῶν
3476 2550 3568 2604 τὸν

1981 2637 2123 2692 θεῖον
2157 2639 2335 2709 λόγον.
2366 2641 2537 2694 Πάλιν
2570 2637 2663 2695 οὖν
2696 2644 2724 2695 6
2754 2641 2924 2715 κόραξ
2948 2644 3240 2697 ἀποδίδωσι
3271 2643 3369 2713 τὴν
3399 2641 3570 2712 αὐτὴν

1983 2731 2169 2802 φωνήν
2194 2747 2208 2761 ·
2237 2727 2394 2785 εἶπεν
2421 2731 2479 2785 δὲ
2510 2732 2670 2786 πάλιν
2692 2736 2719 2787 6
2744 2735 2979 2803 Χαρῖνος
2998 2753 3012 2766 ·
3043 2727 3138 2797 Τίς
3158 2735 3215 2795 ἐξ
3239 2732 3392 2796 ὑμῶν
3414 2733 3566 2793 γινώ-

1984 2838 2102 2876 σκει
2131 2823 2185 2876 τί
2209 2823 2361 2891 λέγει
2408 2826 2436 2877 6
2469 2824 2673 2893 κόραξς
2704 2816 2809 2876 ’Ἦν
2845 2825 2900 2876 δὲ
2934 2824 3094 2875 πάλιν
3120 2817 3434 2882 Ἐπιφάνῑθς
3480 2814 3564 2865 δῑτ

1980 2914 2195 2968 δάσκιον
2244 2903 2488 2975 ἅπαντας
2530 2916 2621 2964 ἐπὶ
2653 2913 2907 2981 ἀρίστου·
2960 2912 3119 2962 πάλιν
3150 2904 3242 2960 οὖν
3272 2905 3565 2960 ἀποδίδωσι.

1980 3005 2172 3074 τρίτην
2202 3003 2385 3073 φωνὴν
2414 3004 2443 3055 6
2470 3001 2658 3073 κόραξ.
2682 2997 2851 3054 Εἶπεν
2875 3001 2929 3053 δὲ
2959 2999 3121 3053 πάλιν
3150 3002 3178 3054 6
3206 3000 3437 3069 Χαρῖνος
3452 2999 3567 3060 τοῖς

1982 3096 2077 3148 ἐπὶ
2112 3095 2368 3165 ἀρίστου·
2404 3089 2571 3147 Εἶπον
2620 3094 2775 3164 ὑμῖν,
2805 3093 2902 3157 Τίς
2931 3092 2992 3157 ἑξ
3021 3093 3175 3163 ὑμῶν
3224 3086 3364 3144 οἶδεν
3392 3087 3446 3144 τί
3473 3090 3571 3142 λα’

300 3172 452 3225 novit
503 3173 633 3242 quid
679 3172 824 3227 dicat
859 3172 1090 3228 curvus?
1125 3170 1465 3244 Epiphanius
1509 3175 1643 3230 nihii
1673 3178 1879 3234 sollici·
1906 3216 1951 3277 C
1983 3185 2063 3239 λεί
2104 3188 2130 3238 6
2167 3185 2372 3256 κόραξ;
2401 3183 2477 3237 Ὅ
2525 3181 2619 3238 οὗν
2646 3183 2965 3254 Ἐπιφάνιος
2998 3183 3164 3253 μηδὲν
3197 3183 3567 3253 ἀδημονήσας,

298 3269 409 3331 tus,
436 3264 529 3317 sed
556 3264 762 3334 piacido
795 3266 942 3320 vultu
971 3265 1107 3320 dixit
1150 3266 1426 3321 Charino:
1460 3266 1571 3339 Ego
1601 3271 1725 3324 novi
1749 3270 1880 3339 quid

299 3354 446 3408 dieat
490 3372 707 3410 corsus.
736 3355 872 3410 'l'nm
902 3356 1175 3413 Charinus
1221 3358 1524 3428 Epiphanio
1560 3379 1573 3414 ε
1606 3360 1877 3416 Annuntia

303 3445 458 3509 mihi,
483 3456 534 3499 et
561 3447 670 3500 eris
698 3448 939 3501 omnium
972 3463 1215 3503 meorum
1241 3448 1626 3505 dominns.Cni
1657 3464 1887 3520 respon-

302 3536 382 3591 dit
413 3536 748 3606 Epiphanius
779 3555 792 3593 :
828 3539 970 3594 Dixit
998 3555 1215 3603 corvus.
1244 3551 1295 3596 te
1334 3557 1442 3596 non
1476 3540 1720 3597 futurum
1759 3557 1884 3596 am-

303 3627 446 3695 piins
476 3630 788 3684 diaconum.
813 3629 944 3685 Post
968 3647 1272 3685 sermonem
1304 3633 1448 3686 hunt·
1471 3643 1650 3685 antem
1681 3642 1885 3685 tremant·

303 3717 505 3774 invasit
532 3720 863 3786 Charinnm;
898 3737 997 3775 nee
1025 3721 1244 3776 locutus
1274 3732 1356 3776 est
1380 3720 1634 3790 amplius,
1667 3730 1760 3775 aut
1792 3736 1884 3776 eo·

305 3810 494 3875 medit,
524 3820 618 3865 ant
649 3812 786 3866 bibit
816 3830 829 3867 :
860 3812 953 3866 sed
985 3827 1109 3865 enm
1142 3822 1424 3880 portantes
1467 3811 1586 3880 ejus
1618 3810 1765 3880 pu-*ri
1801 3819 1887 3865 tu-

305 3903 486 3958 lerunt
520 3905 574 3957 in
600 3903 820 3958 domum
850 3920 1029 3968 snam,
1059 3914 1112 3958 et
1139 3912 1442 3972 posuerunt
1470 3904 1522 3956 in
1554 3903 1713 3957 iecto.
1733 3901 1888 3958 Mane

307 4011 434 4050 xero
464 4007 711 4051 mortuns
738 4004 824 4051 est
855 3998 906 4049 in
940 3999 1078 4051 ieeto
1106 4012 1226 4050 sno.
1262 3995 1504 4050 Habebat
1540 4007 1723 4049 antem
1753 4010 1889 4049 uxo-

310 4104 423 4142 rem
475 4087 874 4151 fideiissimam‚
912 4104 1011 4142 nee
1061 4097 1178 4142 erat
1233 4089 1311 4141 eis
1365 4087 1528 4140 tilius.
1570 4085 1646 4140 Ea
1693 4086 1890 4140 obtulit

308 4178 490 4231 ιιιιιιιίιι
544 4178 887 4247 Epiphanio:
924 4193 1086 4248 quam
1139 4175 1301 4230 etiam
1355 4174 1482 4230 fecit
1523 4174 1888 4229 diaconissam

308 4264 586 4334 Eceiesiae.
621 4267 986 4324 Laboraoerat
1011 4278 1190 4322 autem
1240 4266 1361 4337 ejus
1417 4283 1610 4321 manus
1638 4264 1873 4336 paralysi

310 4366 553 4428 tempore
597 4359 783 4414 deceni
833 4375 1124 4414 annorum.
1174 4357 1468 4428 Postquam
1504 4355 1632 4426 ergo
1662 4371 1780 4409 eam
1815 4365 1894 4409 te-

312 4452 433 4505 nuit
460 4449 819 4522 EpipitaniuS‚
852 4463 910 4506 ut
940 4466 1061 4506 eam
1088 4451 1349 4519 signaret,
1377 4450 1560 4504 statim
1591 4448 1890 4511 convaluit,

1983 3277 2099 3332 ἀλλ’
2128 3277 2183 3329 ὲν
2234 3276 2402 3347 πολλῇ
2449 3274 2781 3330 καταστάσει
2828 3270 2984 3327 εἶπεν
3025 3273 3103 3345 τῷ
3133 3271 3386 3346 Χαρίνῳ·
3425 3269 3575 3340 Ἐγὼ

1983 3368 2237 3437 γινώσκω
2265 3369 2320 3422 τί
2344 3365 2496 3424 εἶπεν
2525 3369 2555 3420 6
2582 3368 2774 3439 κόραξ.
2806 3363 2975 3420 Εἶπεν
3007 3367 3065 3420 δὲ
3090 3368 3345 3435 Χαρῖνος·
3379 3364 3576 3432 Ἀνάγ-

1984 3459 2164 3526 γειλόν
2197 3444 2309 3527 μοι,Ι
2340 3459 2436 3510 καὶ
2479 3456 2579 3529 ἔσῃ
2627 3457 2847 3510 πάντων
2878 3455 2986 3509 τῶν
3013 3455 3146 3526 ὲμοῦ
3172 3455 3373 3525 ἅρχων.
3405 3448 3577 3505 Εἶπεν

1983 3549 2040 3603 δὲ
2066 3549 2385 3618 Ἐπιφάνιος
2406 3548 2541 3618 πρὸς
2564 3547 2656 3600 τὸν
2677 3548 2912 3617 Χαρῖνον
2928 3563 2943 3578 ·
2978 3543 3146 3598 Εἶπεν
3161 3547 3190 3598 6
3218 3543 3408 3615 κόραξ,
3426 3545 3574 3607 ὅπως

1989 3641 2067 3710 μὴ
2092 3637 2157 3712 ᾗς
2181 3640 2447 3700 διάκονος.
2483 3637 2609 3690 Ἐπὶ
2635 3637 2715 3707 τῷ
2744 3637 2887 3706 λόγῳ
2913 3632 3007 3689 οὖν
3033 3635 3354 3704 Ἐπιφανίου
3380 3637 3578 3690 ἔπεσεν

1986 3729 2186 3800 τρόμος
2219 3731 2311 3780 ἐπὶ
2339 3726 2704 3798 Χαρίνῳςκαὶ
2732 3727 2917 3781 οὐκέτι
2946 3725 3195 3796 ὲλάλησε,
3222 3725 3344 3780 οὐδὲ
3372 3725 3578 3796 ἔφαγίν

1988 3838 2040 3874 τι
2066 3820 2099 3891 ἢ
2132 3819 2284 3875 ἔπιεν
2303 3836 2316 3849 ·
2341 3819 2480 3873 ἀλλά
2501 3817 2872 3889 βαστάσαντες
2898 3816 3060 3871 αὐτὸν
3092 3819 3141 3870 oi
3171 3817 3361 3880 παῖδες
3385 3817 3575 3880 αὑτοῦ,

1990 3911 2291 3982 ἀπήνεικαν
2314 3912 2372 3963 ἐν
2404 3909 2482 3980 τῷ
2510 3910 2643 3979 οίκῳ
2667 3908 2851 3970 αὑτοῦ,
2883 3908 2979 3960 καὶ
3012 3907 3213 3979 ἔθηκαν
3243 3909 3335 3961 ἐπὶ
3363 3907 3571 3979 κλίνης·

1991 4002 2086 4056 καὶ
2118 4004 2186 4072 τῇ
2213 4001 2381 4054 ἐ’ωθεν
2425 3999 2695 4055 ἀπέθανεν
2724 4001 2817 4053 ἐπὶ
2840 3999 2941 4069 τῆς
2975 3998 3164 4069 κοίτης
3188 3998 3377 4054 αὐτοῦ.
3415 3995 3576 4070 Εἷχεν

1991 4093 2048 4145 δὲ
2100 4095 2334 4159 γυναῖκα
2384 4093 2742 4162 πιστοτάτην·
2790 4092 2982 4144 τέκνον
3036 4090 3092 4144 δὲ
3138 4091 3313 4159 αὐτῆς
3355 4093 3431 4162 (α)
3479 4092 3578 4161 οὐχ

1991 4180 2255 4251 ὑπῆρχεν.
2289 4178 2435 4249 Αὕτη
2488 4181 2861 4250 προσήνεγκεν
2900 4178 3200 4248 Ἐπιφανίῳ
3260 4179 3437 4233 πάντα
3460 4196 3473 4209 ·
3511 4182 3580 4250 ἢν

1993 4274 2089 4326 καὶ
2115 4271 2367 4340 ἐποίησεν
2394 4269 2638 4325 διάκονον
2665 4271 2765 4340 τῆς
2793 4269 3141 4340 Ἐκκλησίας.
3159 4272 3221 4323 Ἡ
3251 4271 3308 4324 δὲ
3329 4273 3449 4344 χεὶρ
3483 4275 3582 4327 αὐ-

1992 4365 2091 4434 τῆς
2116 4360 2184 4436 ἦν
2223 4362 2529 4436 παρειμένη
2552 4362 2785 4432 δεκαετῆ
2815 4362 3024 4432 χρόνον.
3045 4361 3130 4425 Ὠς
3156 4357 3248 4414 οὖν
3274 4363 3584 4434 ἐκράτησεν

1995 4456 2164 4526 αὐτὴν
2212 4453 2558 4525 Ἐπιφάνιος,
2610 4455 2759 4516 ὅπως
2809 4453 3098 4524 σφραγίσει
3143 4453 3329 4522 αὐτὴν,
3374 4455 3584 4520 εὐθέως

314 4556 369 4598 et
403 4545 631 4598 liberata
665 4544 767 4598 suit
821 4559 851 4598 a
902 4542 1204 4597 doloribus.
1231 4542 1315 4597 Ab
1352 4541 1443 4595 ilio
1469 4555 1599 4611 ergo
1630 4540 1739 4602 die,
1779 4554 1889 4610 quo
1920 4548 1968 4607 Ι)
1993 4549 2234 4618 ὺγίανεν,
2268 4551 2362 4602 καὶ
2391 4547 2692 4618 ἐκουφίσθη
2724 4546 2818 4599 τοῦ
2850 4546 3033 4600 πόνου.
3079 4546 3211 4599 Ἀπὸ
3235 4549 3334 4617 τῆς
3365 4547 3581 4618 ἡμέρας
3640 4541 3650 4555 “

311 4632 552 4689 Charino
578 4650 885 4690 sermonem
917 4633 1134 4688 locutus
1179 4643 1263 4688 est
1305 4630 1664 4703 Epiphanius,
1695 4621 1749 4686 et
1787 4648 1891 4685 nna

313 4744 438 4787 eum
491 4744 742 4784 sermone
796 4729 912 4798 ipse
951 4727 1161 4796 accepit
1206 4725 1530 4782 sententiam
1581 4740 1612 4778 a
1640 4721 1891 4787 Domino,

315 4839 507 4878 omnes
538 4823 723 4879 clerici
753 4822 947 4877 timore
969 4831 1023 4874 et
1057 4833 1292 4874 tremore
1319 4816 1549 4886 subiecti
1577 4824 1732 4871 erant
1765 4814 1892 4885 Epi-

319 4911 539 4982 phanio.

387 5001 676 5057 xxxvtn.
717 4999 889 5055 Porro
917 5013 1096 5055 autem
1126 5005 1226 5058 hoe
1255 5016 1472 5072 quoque
1499 4999 1749 5056 servabat
1769 4997 1896 5068 Epi·

319 5098 555 5167 phanius
587 5116 600 5152 t
632 5097 898 5166 Tempore
932 5094 1221 5149 oblationis
1270 5110 1549 5166 nunquam
1585 5094 1898 5165 perficiebat

321 5189 672 5252 oblationem,
717 5188 888 5242 donec
923 5186 1146 5241 vidisset
1188 5186 1476 5240 visionem.
1501 5187 1899 5242 consueverat-

321 5296 426 5349 que
454 5280 643 5334 beatus
677 5279 893 5351 praefari
928 5279 1091 5334 verba
1126 5278 1397 5348 quaedam,
1426 5288 1482 5333 et
1515 5279 1563 5332 ei
1597 5279 1775 5334 statim
1813 5295 1898 5334 re-

321 5370 622 5424 velabatur.
656 5367 792 5422 Cum
851 5369 1034 5438 itaque
1085 5366 1380 5437 aliquando
1416 5375 1500 5420 ter
1529 5367 1754 5421 dixisset
1783 5382 1899 5421 ser-

323 5476 563 5521 monem.
596 5459 742 5514 nulia
773 5460 821 5514 ei
856 5475 915 5513 se
940 5459 1138 5513 obtulit
1168 5458 1326 5513 visio.
1355 5454 1491 5512 Cum
1525 5458 1573 5513 is
1605 5467 1783 5512 autem
1815 5456 1900 5512 lu-

325 5562 473 5622 geret
501 5561 554 5605 rt
579 5559 780 5614 oraret,
808 5558 865 5604 nt
891 5549 994 5604 sibi
1017 5565 1183 5605 causa
1214 5550 1629 5621 significaretur,
1658 5551 1896 5619 primum

326 5649 578 5700 observat
605 5644 916 5707 diaconum,
949 5643 1042 5711 qui
1079 5658 1109 5697 a
1140 5642 1383 5697 sinistris
1428 5642 1644 5698 tenebat
1668 5642 1899 5697 ventila·

403 5821 475 5893 (a)
518 5820 785 5892 interpres
817 5820 945 5891 legit
974 5820 1174 5884 αὐτοῖς.

1993 4636 2105 4704 οὖν,
2153 4634 2220 4709 ἦς
2261 4637 2579 4708 Ἐπιφάνιος
2625 4637 2888 4709 ἐλάλησεν
2938 4638 3178 4710 Χαρίνῳ,
3209 4641 3305 4692 καὶ
3355 4643 3452 4694 σὺν
3500 4644 3580 4710 τῷ

1994 4734 2136 4804 λόγῳ
2166 4731 2331 4787 αὐτοῦ
2374 4730 2564 4784 ἐλαὸεν
2591 4731 2690 4801 τὴν
2719 4731 2994 4801 ἀπόφασιν
3023 4731 3131 4785 ἀπὸ
3168 4733 3394 4803 Κυρίου,
3430 4733 3583 4803 <paee

1997 4824 2091 4878 καὶ
2118 4823 2306 4894 τρόμῳ
2332 4823 2573 4886 ἅπαντες
2595 4825 2643 4875 oi
2675 4822 2927 4894 κληρικοὶ
2954 4824 3321 4879 ὑπετάσσοντο
3342 4826 3580 4895 'Emm-

1996 4917 2109 4986 νίῳ.

2072 5008 2201 5061 ΑΠ’.
2242 5001 2349 5059 Ἦν
2379 5007 2489 5077 γὰρ
2519 5007 2612 5060 καὶ
2656 5005 2816 5059 τοῦτο
2857 5005 3267 5078 πεφυλαγμένον
3295 5007 3372 5078 τῷ
3404 5026 3581 5079 μακα·

2001 5097 2101 5169 ρίῳ
2122 5114 2134 5126 ·
2168 5098 2225 5151 ἐν
2253 5097 2363 5168 γάρ
2393 5100 2459 5168 τῇ
2487 5095 2608 5168 ὥρᾳ
2634 5096 2732 5167 τῆς
2765 5096 3130 5167 προσενέξεως
3176 5098 3430 5151 οὐδέποτε
3459 5100 3578 5151 ἐτε-

1998 5187 2221 5240 λείωσεν
2248 5188 2347 5255 τὴν
2388 5181 2722 5257 προσένεξιν,
2758 5186 2863 5248 ἓως
2912 5180 2972 5238 οὗ
3007 5185 3112 5237 ἴδεν
3139 5186 3237 5256 τὴν
3266 5186 3534 5239 ὀπτασίαν
3559 5199 3573 5216 ·

2000 5277 2179 5330 εἰώθει
2228 5280 2257 5331 6
2310 5277 2577 5348 μακάριος
2620 5276 2797 5345 λέγειν
2845 5277 2972 5340 τοὺς
3012 5276 3221 5345 λόγους,
3255 5278 3349 5330 καὶ
3377 5278 3576 5342 εὐθέως

2000 5369 2417 5423 ἀπεκαλύπτετο
2466 5370 2635 5440 αὐτῷ.
2684 5369 2821 5422 novt
2850 5364 2942 5422 οὖν
2970 5367 3136 5420 εἰπὼν
3166 5370 3349 5439 τρίτον
3374 5370 3464 5422 τὸν
3493 5370 3573 5422 λό·

2000 5478 2117 5530 γον,
2146 5461 2246 5514 οὐκ
2293 5462 2511 5529 ἐγένετο
2555 5462 2623 5514 τά
2671 5461 2769 5529 τῆς
2812 5459 3095 5521 ὀπτασίας.
3127 5460 3328 5511 Τούτου
3359 5459 3414 5511 δὲ
3450 5476 3558 5510 πεν-

2001 5552 2239 5618 Οοῦντος,
2269 5553 2362 5606 καὶ
2407 5553 2664 5625 δεομένου
2710 5552 2850 5606 ὥστε
2902 5550 3205 5623 μηνυθῆναι
3253 5550 3352 5619 τὴν
3400 5549 3569 5602 αἰτίαι

2000 5643 2323 5714 Ἐπιφανίῳ,
2351 5646 2565 5716 πρῶτον
2593 5645 2778 5716 ἐπέχει
2820 5644 2896 5715 τῷ
2927 5645 2986 5709 ἐξ
3014 5644 3317 5716 ἀριστερῶν
3346 5644 3579 5716 διακόνῳ
