3850 6517
196 537 296 594 813

873 530 1240 587 Anvssustls
1281 528 1618 585 HAEttESES
1656 526 1783 582 Lis.
1828 526 1865 582 Ι.
1895 509 2070 582 TOM.
2106 526 2561 583 ut.—uAEREs.
2607 526 2771 583 xm.

3355 535 3460 592 814

191 657 278 711 ἐπ.
297 655 464 725 ἄλλης
495 653 759 724 περισσῆς
786 652 923 724 πρὸς
940 652 1034 705 ἐπὶ
1060 652 1266 715 τούτοις
1293 652 1449 713 ἐκτὸς
1477 650 1570 704 τοῦ
1597 649 1775 717 Εὐαγ-
1802 663 1847 718 Α
1876 643 2050 699 nium.
2086 642 2272 713 Neque
2309 647 2456 699 euim
2494 644 2698 699 infelici
2739 644 3000 700 Marcioni
3040 647 3218 703 visum
3261 659 3346 705 est
3392 668 3461 708 ex

190 748 372 818 γελίου
402 746 495 801 καὶ
521 745 615 799 τοῦ
659 745 1001 798 Ἀποστόλου.
1034 745 1110 798 Ού
1136 743 1244 816 γάρ
1268 742 1413 807 ἔδοξε
1442 742 1520 814 τῷ
1548 742 1775 795 ἐλεεινο-

192 841 342 910 τάτῳ
375 837 660 909 Μαρκίωνι
693 838 800 891 ἀπὸ
827 837 928 906 τῆς
963 836 1101 907 πρὸς
1137 836 1418 905 Ἐφεσίους
1446 833 1651 904 ταύτην
1675 832 1774 904 τὴν

199 930 506 1002 μαρτυρίαν
533 928 733 997 λέγειν,
767 928 903 982 ἀλλὰ
937 928 1034 998 τῆς
1063 927 1199 998 πρὸς
1228 925 1543 991 Λαοδικέας,
1572 926 1671 996 τῆς
1699 924 1775 996 μὴ

196 1021 364 1091 οὔσης
396 1021 453 1072 ἐν
481 1019 557 1090 τῷ
590 1018 913 1088 Ἀποστόλῳ·
953 1012 1035 1081 οἷς
1068 1016 1142 1088 μὴ
1173 1017 1513 1089 ἐντυγχάνων
1553 1016 1775 1087 ἠλιθίως

194 1116 223 1165 ὁ
254 1112 550 1183 κτηνώδης,
583 1113 678 1164 καὶ
707 1112 771 1164 ἐν’
795 1110 1010 1174 πολλοῖς
1037 1110 1217 1165 πεσὼν
1242 1112 1271 1163 ό
1299 1109 1488 1175 τάλας,
1527 1110 1628 1179 οὐχ
1671 1109 1775 1179 6ρᾷ

192 1200 291 1272 τὴν
324 1201 442 1252 κατ’
475 1196 640 1252 αὑτοῦ
679 1197 992 1270 ἀνατροπὴν
1044 1196 1164 1252 καθ’
1207 1198 1444 1270 ἑκάστην
1486 1199 1776 1268 ὁμολογου-

196 1291 383 1362 μένην.
435 1288 546 1342 Καὶ
602 1287 791 1359 μηδεὶς
837 1288 1165 1359 θαυμαζέτω
1215 1287 1342 1360 περὶ
1392 1285 1603 1341 τούτου.
1651 1284 1775 1349 Πῶς

193 1384 302 1455 γάρ
358 1380 592 1451 ἠδύνατο
636 1374 814 1446 οὗτος,
867 1380 1333 1451 ἐπαγγειλάμενος
1375 1379 1519 1449 ἔχειν
1572 1395 1627 1431 τι
1678 1376 1774 1431 τοῦ

192 1471 525 1541 Εὐαγγελίου
574 1471 670 1526 καὶ
702 1471 797 1525 τοῦ
843 1472 1186 1534 'Areos-tolon,
1239 1471 1314 1543 μὴ
1340 1470 1460 1541 οὐχὶ
1488 1469 1593 1524 κᾶν
1618 1469 1775 1539 ὀλίγα

192 1566 291 1631 τῆς
328 1564 555 1636 Γραφῆς
595 1563 788 1628 σώζειν
827 1564 1081 1634 ρηματα;
1116 1562 1278 1616 Ὄλου
1311 1562 1420 1635 γὰρ
1447 1562 1540 1615 τοῦ
1589 1560 1776 1632 σώμα·

191 1672 286 1718 τος
320 1654 584 1719 σώζοντος
618 1655 657 1718 ¹,
689 1654 766 1716 ώς
800 1654 995 1717 εἰπεῖν,
1025 1652 1124 1723 τῆς
1156 1651 1310 1715 θείας
1339 1654 1584 1724 Γραφῆς,
1624 1653 1775 1704 ποῖον

192 1746 417 1816 εὕρισκε
458 1745 617 1815 μέλος
650 1743 842 1818 νεκρὸν
882 1742 1025 1797 κατὰ
1063 1742 1161 1815 τὴν
1195 1742 1360 1796 αὑτοῦ
1407 1741 1652 1812 γνώμην,
1688 1741 1775 1793 ἴνα

193 1835 580 1909 παρεισαγάγῃ
600 1835 795 1905 ψεῦδος
819 1834 960 1890 κατά
993 1834 1090 1905 τῆς
1129 1833 1422 1905 άληθείαςς
1480 1832 1730 1896 Ἀλλοίως
1753 1833 1776 1864 ¹

102 1910 125 1931 ⁶
192 1930 367 2002 εἰπεῖν
396 1926 657 1997 ὲλώὸησε,
700 1927 792 1979 καὶ
824 1924 1233 1996 άκροτηριάσας
1283 1924 1560 1996 παρέκοψε
1603 1923 1774 1977 πολλὰ

1876 735 2120 806 Epistola
2169 736 2238 790 ad
2286 735 2552 805 Ephesios
2611 737 2992 793 auctoritatem
3033 738 3179 793 illam
3231 740 3458 808 afferre;

1876 826 1972 882 sed
2001 842 2069 881 ex
2097 841 2161 881 ea
2192 825 2258 879 ad
2290 824 2650 893 Laodicenos,
2685 843 2808 897 quae
2842 845 3115 900 nusquam
3141 833 3283 904 apud
3312 834 3461 905 Apo-

1876 919 2081 973 stolum
2110 919 2376 974 cernitur.
2411 917 2544 984 Quae
2581 934 2708 974 cum
2731 937 2903 992 pecus
2934 922 3028 977 illa
3066 939 3164 993 per
3188 940 3460 981 summam

1880 1010 2239 1066 stoliditatem
2295 1009 2521 1066 minime
2575 1010 2786 1082 legerit,
2859 1016 2916 1069 in
2973 1014 3251 1087 plerisque
3309 1019 3460 1089 lapsa

1878 1117 2044 1173 quam
2091 1102 2384 1158 manifeste
2435 1104 2491 1158 in
2531 1102 2762 1174 singulis
2795 1106 3050 1163 convinci
3103 1123 3167 1164 ac
3208 1109 3461 1180 redargui

1877 1204 2068 1267 posset
2112 1210 2461 1265 nequaquam
2509 1195 2916 1253 animadvertit.
2954 1196 3143 1271 Neque
3184 1216 3316 1257 vero
3341 1202 3462 1257 cui-

1877 1286 2023 1357 piam
2054 1286 2254 1339 mirum
2290 1284 2423 1340 illud
2449 1286 2625 1342 videri
2650 1288 2832 1347 dehet.
2871 1289 2978 1357 Qui
3005 1293 3153 1347 enim
3180 1291 3461 1365 Evangelii

1875 1376 2084 1446 aliquid
2123 1386 2180 1432 et
2217 1376 2467 1448 Apostoli
2514 1378 2714 1435 habere
2759 1394 2820 1436 se
2860 1381 3230 1452 profiteretur,
3273 1383 3465 1440 fierine

1877 1470 2078 1541 potuit,
2113 1476 2311 1523 utnon
2339 1484 2513 1540 pauca
2557 1472 2754 1526 saltem
2800 1470 3100 1543 Scripturae
3133 1476 3303 1532 verba
3333 1478 3464 1533 reti-

1874 1558 2071 1615 neret?
2119 1557 2336 1629 Quippe
2382 1572 2508 1614 cum
2563 1567 2740 1615 totum
2795 1559 3094 1633 Scripturai
3138 1564 3323 1617 vivum
3369 1564 3463 1629 sit,

1876 1655 1938 1702 ut
1988 1647 2063 1701 ita
2108 1646 2367 1711 dixerim,
2418 1661 2643 1718 corpus,
2683 1649 2930 1718 potuitne
2972 1658 3252 1705 mortuum
3289 1651 3464 1706 ullum

1876 1736 2184 1798 membrum
2211 1750 2311 1808 pro
2348 1737 2517 1792 animi
2543 1738 2629 1793 sui
2660 1739 2886 1794 libidine
2932 1740 3193 1810 reperire,
3218 1741 3365 1813 quod
3395 1741 3465 1796 ael

1875 1827 2264 1884 stabiliendum
2315 1827 2660 1882 mendacium
2697 1838 2889 1885 contra
2923 1830 3206 1886 veritatem
3251 1832 3466 1903 proser-

1875 1919 1997 1974 ret?
2045 1917 2229 1984 Quare
2279 1933 2481 1988 corpus
2523 1919 2702 1988 ipsum
2764 1921 3039 1986 mutilare,
3095 1935 3160 1976 ae
3205 1922 3466 1993 pleraque

191 2018 299 2071 τῶν
341 2017 539 2088 μελῶν.
570 2018 801 2087 κατέσχε
832 2016 888 2071 δέ
930 2016 1049 2070 ἔνιά
1092 2034 1214 2070 τινα
1251 2020 1382 2089 παρ’
1426 2016 1622 2086 ἐαυτῷ.
1668 2015 1776 2069 Καὶ
1807 2008 1849 2063 Β
1879 2008 2125 2063 membra
2174 2023 2423 2063 resecare
2475 2009 2734 2075 instituit,
2795 2023 3031 2083 quorum
3083 2014 3345 2069 nonnulla
3396 2015 3468 2071 ad

191 2107 332 2161 αὐτὰ
366 2106 423 2159 δὲ
447 2107 516 2159 τά
563 2106 968 2177 κατασχεθέντα
1007 2105 1087 2159 ἔτι
1118 2106 1296 2171 ζῶντα
1336 2107 1398 2159 οὐ
1437 2106 1659 2159 δύναται
1690 2121 1778 2159 νε-

191 2198 486 2271 κροῦσθαι·
538 2198 654 2253 ἀλλ’
695 2201 813 2252 ἐκεῖ
853 2199 874 2230 ⁸
929 2199 1030 2270 μὲν
1073 2199 1133 2253 τὸ
1180 2198 1410 2263 ζωτικὸν
1452 2197 1554 2269 τῆς
1593 2196 1776 2268 ἐμφά-

194 2308 350 2355 σεως,
379 2291 480 2345 κάν
529 2308 586 2344 τε
620 2292 826 2363 μυρίως
864 2293 993 2362 παρ’
1031 2292 1180 2363 αὐτῷ
1215 2290 1358 2346 κατὰ
1403 2290 1599 2344 λεπτὸν
1641 2291 1778 2344 ἀπο·

195 2382 453 2453 τμηθεὶη.

265 2554 361 2607 w.
406 2555 524 2608 Ἔτι
554 2555 610 2609 δὲ
651 2555 791 2627 μετὰ
818 2558 988 2610 ταῦτα
1021 2558 1201 2613 πάντα
1230 2560 1676 2633 ἐπεμνήσθημεν,
1702 2561 1779 2627 ὥς

193 2661 340 2707 τινες
367 2646 475 2698 ἀπὸ
502 2646 610 2700 τῶν
635 2649 816 2701 αὐτῶν
842 2648 1296 2720 Μαρκιωνιοτῶν,
1324 2652 1405 2714 είς
1433 2650 1590 2721 βυθὸν
1616 2651 1781 2723 βλασ-

195 2735 405 2805 φημίας
450 2741 973 2810 παραπεπτωκότες,
1002 2741 1097 2794 καὶ
1136 2742 1246 2795 ἀπὸ
1272 2742 1374 2813 τῆς
1423 2743 1632 2798 ἑαυτῶν
1658 2745 1778 2797 δαι-

197 2827 490 2897 μονιώδους
531 2830 881 2896 διδασκαλίας
928 2832 1288 2906 ἐμ6ρόντητοι
1321 2834 1633 2888 παντάπασι
1686 2852 1780 2904 γε-

193 2919 435 2987 γονότες,
471 2922 566 2976 καὶ
596 2918 659 2977 οὗ
691 2922 909 2979 ἐδόκουν
961 2926 1170 2997 Κυρίου
1209 2927 1373 2996 μόνου
1421 2926 1524 2980 κᾶν
1568 2926 1637 2982 δι’
1668 2927 1783 2980 ὀνό-

195 3028 367 3082 ματος
396 3013 779 3086 μνημονεύειν,
805 3016 900 3069 καὶ
923 3015 1089 3071 αὐτοῦ
1118 3015 1550 3087 άθυρογλώσσως
1578 3016 1782 3088 ἑτέρως

201 3102 300 3174 τὴν
327 3103 491 3158 αὐτοῦ
519 3103 751 3177 θεότητα
777 3108 1232 3178 ἀποστρέφοντες,
1252 3107 1311 3159 τὸ
1326 3108 1497 3177 ὄνομα
1518 3107 1617 3177 τῆς
1644 3108 1783 3161 ἄνω-

204 3194 296 3249 θεν
329 3199 637 3271 γεννήσεως
668 3199 916 3263 κακίζειν
939 3198 1038 3251 οὐκ
1089 3198 1460 3269 ὲντρέπονται.
1495 3198 1650 3261 Τινὲς
1672 3196 1781 3270 γάρ

204 3286 382 3341 αὐτῶν
412 3288 829 3359 τετολμήκασιν,
859 3290 936 3353 ὡς
972 3288 1131 3359 ἔφην,
1168 3289 1330 3343 αὐτὸν
1355 3289 1444 3343 τὸν
1475 3288 1680 3361 Κύριον
1703 3285 1784 3343 εῖ-

1877 2113 2040 2154 usum
2072 2113 2236 2152 suum
2258 2099 2506 2153 retinuit.
2531 2099 2665 2166 Quae
2690 2101 2911 2171 quidem
2941 2102 3012 2157 ab
3037 2088 3129 2157 illo
3164 2115 3463 2167 reservata,

1875 2198 1932 2245 et
1962 2189 2143 2245 adhuc
2177 2191 2445 2261 spirantia
2482 2192 2702 2260 penitus
2733 2194 3008 2264 exstingui
3038 2204 3336 2267 nequeunt,
3369 2194 3469 2251 sed

1878 2279 2062 2336 vitalis
2085 2280 2177 2336 ille
2214 2279 2559 2337 declarandae
2601 2284 2848 2341 veritatis
2885 2287 3039 2357 vigor
3066 2299 3335 2354 remanet,
3377 2295 3467 2343 ta·-

1880 2369 2041 2426 metsi
2062 2372 2466 2429 minutissimas
2506 2374 2561 2428 in
2587 2383 2773 2445 partes
2803 2376 3015 2435 infinite
3047 2388 3220 2446 secta,
3257 2378 3468 2437 divisa-

1878 2474 1989 2530 que
2013 2461 2236 2516 suerint.

1951 2542 2090 2607 xm.
2134 2552 2343 2609 Praeter
2381 2555 2473 2611 illa
2506 2574 2640 2615 vero
2676 2563 2863 2617 omnia
2911 2561 3020 2618 hoe
3053 2563 3283 2633 insuper
3315 2579 3468 2621 com-

1881 2644 2306 2703 memoravimus
2334 2666 2347 2703 ι
2379 2649 2675 2705 nonnullos
2709 2666 2741 2706 e
2778 2650 3254 2708 marcionistarum
3304 2668 3467 2726 grege

1880 2752 1937 2791 »n
1970 2737 2299 2794 altissimum
2346 2740 2696 2810 blasphemiae
2725 2744 2994 2813 gurgitem
3040 2745 3350 2809 immersos,
3385 2755 3469 2798 at·

1881 2847 1990 2903 que
2022 2849 2088 2889 ex
2121 2833 2378 2904 pestilera
2427 2833 2519 2889 illa
2553 2834 2859 2891 daemonum
2898 2836 3151 2892 doctrina
3193 2837 3342 2894 velut
3384 2836 3470 2891 fu-

1883 2939 2010 2981 rore
2053 2934 2108 2982 et
2143 2926 2383 2981 amentia
2413 2927 2676 2997 percitos,
2705 2943 2868 2999 quem
2898 2945 3068 2984 unum
3109 2930 3192 2985 vel
3245 2930 3470 2985 nomine

1883 3024 2046 3071 tenus
2085 3015 2376 3072 Dominum
2434 3018 2698 3072 memoria
2761 3019 3063 3076 retinuisse
3114 3020 3465 3089 videbantur,

1882 3108 2054 3178 hujus
2100 3108 2273 3178 ipsius
2313 3108 2657 3165 divinitatem
2706 3110 2952 3165 inaudita
2981 3111 3219 3183 quadam
3266 3113 3469 3185 lingua

1883 3196 2182 3268 petulantia
2230 3198 2591 3267 pervertisse;
2633 3215 2735 3256 nec
2777 3202 3021 3258 coelestis
3051 3202 3201 3259 illius
3237 3219 3470 3275 genera-

1885 3289 2056 3346 tionis
2117 3304 2315 3345 nomen
2369 3293 2682 3364 vituperare
2735 3293 2906 3350 ruisse
2953 3294 3179 3350 veritos.
3232 3295 3469 3363 Quidam

197 3396 287 3433 ναι
315 3379 429 3432 υἱὸν
458 3380 554 3434 τοῦ
590 3381 1059 3458 Πονηροῦ-λέγειν,
1086 3382 1187 3436 οὐκ
1220 3383 1617 3453 αἰσχυνόμενοι.
1652 3380 1782 3435 ’Δλ-
1810 3340 1858 3402 C
1889 3384 2037 3437 enim
2088 3396 2154 3437 ex
2205 3381 2315 3439 illis
2362 3382 2653 3439 Dominum
2701 3383 2880 3454 ipsum
2945 3375 3070 3439 mali
3122 3383 3294 3441 lilium
3343 3402 3469 3444 esse

193 3471 278 3525 λοι
312 3471 370 3525 δὲ
412 3463 570 3543 ούχὶζ
620 3474 755 3528 ἀλλὰ
796 3474 888 3529 τοῦ
944 3474 1134 3548 κριτοῦ
1186 3491 1247 3528 τε
1294 3475 1389 3528 καὶ
1432 3471 1779 3545 Δημιουργοῦ

119 3602 125 3606 -
194 3559 666 3635 άσπλαγχνότερον
688 3563 712 3596 ⁸
733 3564 1019 3635 γεγονότα,
1056 3562 1153 3619 καὶ
1182 3563 1387 3633 ἀγαθὸν
1424 3562 1576 3627 ὄντα,
1609 3579 1781 3617 κατα-

190 3652 372 3724 λεῖψαι
408 3654 508 3727 μὲν
547 3643 650 3709 τὸν
685 3656 816 3709 ἴδιον
861 3655 1025 3710 αὐτοῦ
1072 3656 1295 3726 Πατέρα
1339 3656 1511 3722 κάτω,
1555 3656 1633 3728 πὴ
1682 3656 1780 3728 μὲν

189 3744 457 3814 λεγόντων
493 3746 586 3797 τὸν
630 3746 997 3813 Δημιουργδν,
1034 3744 1209 3796 ἄλλων
1249 3745 1310 3796 δὲ
1357 3745 1451 3797 τὸν
1497 3747 1740 3818 Πονηρόν
1763 3764 1779 3779 ·

190 3838 304 3894 ἄνω
331 3835 385 3888 δὲ
412 3833 913 3904 ἀναδεδραμηκὲναι
939 3834 1076 3905 πρὸς
1110 3838 1202 3887 τὸν
1228 3837 1287 3888 ἐν
1319 3837 1781 3908 άκατονομάστοις

190 3930 379 3989 τόποις
424 3926 630 3993 ἀγαθὸν
686 3926 853 3991 Θεὸν,
896 3927 991 3980 καὶ
1047 3927 1198 3999 αὐτῷ
1249 3931 1776 4003 προσκεκολλῆσθαι.

194 4017 525 4087 Πεμφθέντα
565 4017 622 4070 δὲ
663 4017 756 4070 ὑπ’
784 4017 950 4070 αὑτοῦ
992 4019 1073 4082 είς
1110 4019 1204 4071 τὸν
1236 4020 1460 4091 κόσμον,
1504 4022 1597 4076 καὶ
1644 4022 1781 4095 πρὸς

196 4109 495 4164 άντιδικίαν
534 4108 631 4163 τοῦ
683 4110 813 4163 ἰδίου
864 4111 1076 4182 Πατρὸς
1122 4111 1345 4166 ἐλθόντα
1390 4113 1481 4168 τὸν
1519 4116 1776 4186 Χριστὸν,

196 4204 291 4256 καὶ
319 4201 656 4255 καταλύοντα
683 4200 849 4255 αὑτοῦ
886 4202 955 4254 τά
996 4204 1194 4268 πάντα,
1228 4205 1327 4258 ὅσα
1369 4206 1399 4258 ὁ
1440 4205 1581 4259 κατὰ
1616 4206 1777 4276 φύσιν

195 4293 386 4366 Πατὴρ
432 4293 599 4347 αὐτοῦ
662 4292 1003 4365 ἐνομοθέτει,
1060 4295 1179 4363 ἦτοι
1232 4299 1261 4350 ό
1309 4298 1551 4368 λαλήσας
1593 4302 1651 4353 ὲν
1700 4298 1779 4371 τῷ

193 4390 362 4460 νόμῳ,
399 4389 518 4459 ἤτοι
552 4388 581 4441 ό
607 4388 706 4458 τῆς
751 4388 951 4452 κακίας
981 4388 1132 4454 Θεὸς,
1181 4392 1210 4443 ό
1248 4393 1377 4464 παρ’
1405 4391 1587 4447 αὐτῶν
1624 4396 1682 4448 ἐν
1710 4395 1776 4465 τῇ

192 4481 349 4551 τρίτῃ
382 4481 525 4551 ἀρχῇ
560 4480 905 4551 ταττόμενος.
947 4480 1158 4548 ’Δλ-λως
1191 4484 1301 4556 γάρ
1338 4487 1433 4539 καὶ
1481 4485 1654 4549 ἄλλως
1680 4486 1777 4539 ἐκ·

194 4569 453 4633 τίθενται,
491 4570 568 4633 ώς
598 4570 753 4640 ἔφην,
784 4570 940 4634 ἄλλος
976 4571 1075 4642 μὲν
1106 4574 1200 4627 τὸν
1226 4576 1587 4645 Δημιουργὸν,
1619 4575 1776 4638 ἄλλος

193 4663 247 4717 δὲ
284 4664 374 4717 τὸν
410 4663 672 4733 Πονηρόν.

262 4847 447 4902 Ταῦτα
465 4848 521 4901 δὲ
549 4847 685 4919 δῆλα
713 4848 880 4901 παντὶ
902 4845 979 4917 τῷ
1009 4845 1225 4900 σύνεσιν
1249 4848 1571 4919 κεκτημένῳ
1597 4848 1773 4919 ὑπάρ-

192 4958 296 5011 χει,
333 4941 416 4993 ὅτι
439 4939 750 5011 ἀκαθάρτου
790 4938 1102 5009 πνεύματός
1134 4938 1280 4992 ἐστιν
1308 4943 1341 5010 ἡ
1380 4940 1644 5012 φρόνησις
1677 4942 1773 4995 καὶ

192 5035 225 5103 ἡ
266 5030 621 5087 διδασκαλία·
670 5030 765 5084 καὶ
811 5029 933 5085 οὔτε
964 5033 1121 5102 χρεία
1155 5028 1225 5103 ἦν
1260 5032 1388 5104 περὶ
1423 5032 1628 5105 ταύτης
1669 5033 1772 5103 τῆς

192 5124 500 5188 ὑποθέσεως
548 5123 948 5192 ἀπολογεῖσθαι,
984 5124 1017 5195 ἢ
1064 5124 1286 5195 ἔλεγχον
1339 5127 1608 5197 παριστᾷν
1649 5126 1771 5179 κατ’

188 5217 417 5289 ἀντικρὺ
439 5215 782 5288 Μαρκίωνος,
799 5214 895 5268 τοῦ
927 5215 1121 5269 ἑαυτοῦ
1151 5218 1292 5271 κατὰ
1324 5218 1503 5272 πάντα
1522 5217 1621 5290 τὴν
1650 5220 1771 5271 ἐπι-

1900 3473 2022 3528 sine
2049 3474 2159 3528 ullo
2182 3475 2391 3545 pudore
2413 3474 2685 3545 jactitant.
2711 3472 2866 3541 Quod
2889 3474 2977 3529 alii
3002 3476 3186 3531 minus
3207 3479 3463 3547 probant,
3510 3467 3515 3471 ’

1879 3564 2083 3634 quibus
2115 3565 2295 3636 placet
2319 3566 2509 3637 judice
2538 3566 2693 3621 illum
2726 3582 2791 3621 ac
2819 3565 3080 3624 creatore
3106 3577 3296 3624 natum
3318 3585 3463 3628 esse.

1880 3655 1986 3723 Qui
2012 3671 2136 3712 cum
2167 3656 2223 3711 in
2253 3656 2690 3713 misericordiam
2717 3667 2862 3713 esset
2892 3660 3239 3728 propensior,
3279 3675 3344 3717 ac
3367 3677 3465 3717 na-

1879 3753 2006 3801 tura
2040 3746 2239 3811 bonus,
2274 3744 2437 3802 Patre
2478 3761 2601 3812 suo,
2645 3762 2810 3819 quem
2851 3747 2942 3801 alii
2997 3746 3336 3818 Creatorem,
3366 3750 3463 3808 alii

1879 3838 2086 3893 malum
2129 3837 2463 3905 existimant,
2507 3837 2755 3896 inferiori
2806 3838 2936 3894 sede
2985 3839 3201 3905 relicto,
3239 3857 3464 3899 sursum

1880 3931 1950 3987 ad
1987 3933 2144 3987 illum
2177 3932 2391 3999 ‚bonum
2421 3933 2672 3989 evolasse
2709 3930 2900 3994 Deum.
2931 3932 3022 4003 qui
3061 3932 3466 4006 inexplicabili-

1881 4023 1987 4079 bus
2019 4023 2075 4078 in
2105 4022 2243 4078 locis
2276 4023 2501 4088 residet,
2537 4030 2592 4078 et
2632 4022 2808 4078 cidem
2841 4022 3147 4079 inhaesisse.
3179 4025 3226 4078 A
3259 4042 3371 4106 quo
3405 4028 3465 4084 in

1878 4113 2029 4171 hunc
2065 4115 2255 4171 orbem
2290 4113 2615 4180 demissum,
2666 4123 2721 4170 et
2753 4122 2813 4170 ut
2846 4113 2994 4170 Patri
3030 4130 3133 4171 suo
3177 4119 3465 4177 resisteret

1878 4204 2164 4278 delapsum
2195 4205 2250 4260 in
2271 4212 2450 4262 terras
2475 4204 2781 4270 Christum,
2829 4205 3011 4259 omnia
3037 4203 3131 4260 illa
3163 4206 3462 4279 abrogasse

1878 4298 2119 4361 decreta,
2149 4311 2272 4369 quae
2304 4297 2374 4351 ab
2418 4296 2652 4351 naturali
2679 4310 2781 4351 suo
2809 4294 2973 4351 Patre
3002 4294 3222 4353 fuerant
3249 4302 3462 4355 eonsti-

1878 4398 2018 4454 tuta,
2064 4390 2182 4445 sive
2215 4389 2262 4445 is
2306 4396 2391 4444 est
2418 4389 2512 4459 qui
2555 4388 2607 4442 in
2652 4388 2771 4458 lege
2819 4388 3034 4444 locutus
3068 4387 3294 4459 dicitur,
3342 4394 3460 4448 sive

1878 4480 2100 4535 malitiae
2129 4478 2273 4534 Deus
2306 4478 2420 4544 ille,
2458 4494 2620 4550 quem
2650 4480 2794 4535 iuter
2835 4480 3105 4553 principia
3140 4483 3303 4539 tertio
3335 4485 3460 4541 loco

1878 4580 2146 4644 statuunt,
2179 4568 2317 4625 Nam
2364 4570 2544 4635 aliter,
2580 4570 2660 4625 uti
2694 4568 2904 4626 dictum
2942 4583 3048 4639 est,
3095 4582 3259 4644 atque
3300 4577 3462 4634 aliter

1806 4703 1853 4761 D
1879 4667 1984 4723 ista
2017 4664 2318 4721 declarant.
2352 4662 2540 4732 ltaque
2570 4662 2710 4718 alius
2754 4662 3027 4734 opificem,
3059 4665 3201 4723 alius
3248 4668 3455 4723 malum

1879 4771 2002 4812 esse
2031 4753 2241 4810 statuit.

1949 4847 2114 4919 376
2135 4831 2267 4912 Ὠιιω
2294 4860 2418 4901 eum
2459 4844 2535 4899 ita
2575 4843 2707 4909 siut,
2747 4844 3096 4900 manifestum
3136 4861 3263 4903 esse
3301 4848 3460 4904 cuili-

1879 4938 1968 4993 bet
1993 4946 2191 5008 potest,
2215 4937 2311 5008 qui
2345 4935 2548 5009 ingenii
2579 4949 2644 4991 ac
2663 4934 2967 5008 prudentiae
2993 4937 3201 5007 aliquid
3234 4938 3456 5007 habeat,

1877 5037 2046 5084 totam
2091 5030 2239 5083 illam
2285 5027 2588 5083 doctrinam
2645 5035 2808 5098 atque
2854 5028 3051 5101 dogma
3086 5029 3156 5085 ab
3197 5030 3460 5101 impuris-

1875 5118 2016 5173 simo
2052 5116 2250 5188 spiritu
2285 5131 2660 5189 promanasse.
2707 5117 2976 5185 Quocirca
3023 5120 3161 5176 nihil
3198 5129 3318 5176 erat
3360 5123 3458 5178 ad-

1875 5211 2096 5265 modum
2119 5224 2345 5267 necesse
2374 5208 2431 5263 in
2464 5223 2532 5264 eo
2562 5218 2889 5281 argumento
2917 5211 3209 5266 tractando
3239 5225 3304 5268 ac
3335 5229 3451 5284 pro-

186 5305 462 5376 λησμονὴν
493 5306 596 5377 τῆς
632 5305 776 5377 ζωῆς
811 5306 1201 5377 ποιησαμένου.
1234 5306 1624 5378 Φωραθήσεται
1659 5306 1769 5378 γὰρ
1876 5302 2166 5372 pugnanda
2195 5302 2300 5359 lide
2334 5303 2536 5358 morari
2567 5302 2799 5370 diutius,
2835 5311 2930 5358 aut
2961 5318 3091 5360 vero
3120 5302 3450 5362 Hareionem

185 5396 336 5467 παρὰ
372 5398 507 5449 πᾶσι
539 5398 651 5461 τοῖς
682 5398 923 5459 συνετοίς
951 5396 1011 5449 τὸ
1055 5395 1375 5466 βλάσφημον
1411 5393 1577 5449 αὐτοῦ
1610 5409 1765 5447 κενο-
1873 5393 2142 5459 refellere,
2171 5396 2265 5467 qui
2298 5396 2456 5467 juxta
2491 5396 2578 5452 sui
2620 5396 2795 5468 ipsius
2824 5411 2889 5452 ac
2913 5394 3040 5452 vitae
3083 5412 3207 5455 esse
3236 5398 3455 5455 videtur

185 5487 454 5560 φώνημα,
505 5489 599 5542 καὶ
646 5489 917 5560 τολμηρὸν
979 5487 1080 5559 τῆς
1140 5487 1415 5550 ἀπωλείας
1463 5487 1761 5558 ἐνέργημα.
1871 5487 2094 5542 oblitus.
2129 5484 2302 5542 Nemo
2336 5486 2605 5559 siquidem
2637 5496 2744 5553 est,
2787 5488 2879 5562 qui
2908 5489 3173 5544 nonnulla
3198 5489 3270 5546 sit
3293 5490 3453 5546 intel-

195 5581 336 5634 Ἀλλ’
365 5580 553 5653 ἐπειδὴ
587 5580 856 5651 εἰώθαμεν
891 5579 964 5651 μὴ
997 5582 1091 5652 ὲᾷν
1128 5577 1379 5632 ἀκανθῶν
1408 5578 1590 5640 τόπον,
1625 5576 1764 5630 ἀλλὰ
1870 5578 2096 5652 ligentia
2123 5578 2407 5648 praeditus,
2441 5580 2579 5649 quin
2604 5580 2954 5637 contumeliae
2978 5580 3035 5636 in
3064 5579 3233 5638 Deum
3260 5582 3449 5653 plenas

119 5653 160 5744 ⁸,
179 5675 464 5745 ἐκτέμνειν
516 5678 581 5746 τῇ
631 5672 724 5727 τοῦ
764 5672 901 5728 Θεοῦ
955 5672 1220 5744 μαχαίρᾳ,
1251 5690 1317 5743 t„
1368 5668 1519 5739 ὑπὲρ
1560 5669 1767 5723 πᾶσαν
1870 5673 2021 5727 illius
2048 5671 2284 5735 tabulas,
2318 5685 2384 5726 ac
2415 5673 2740 5731 temerarios
2765 5681 2820 5730 et
2850 5675 3192 5746 perniciosos
3219 5681 3451 5731 conatus

172 5764 478 5834 μάχαιραι·
522 5763 834 5834 δίστομον,
869 5764 966 5817 καὶ
1009 5762 1393 5832 διικνουμένῃ
1436 5762 1572 5834 ἄχρι
1600 5779 1765 5831 μερι-
1871 5762 2105 5834 detegat.
2135 5760 2338 5818 Verum
2363 5765 2625 5834 quoniam
2650 5769 2860 5825 nullum
2895 5768 3073 5841 spinis
3103 5768 3344 5826 obsitum
3368 5765 3452 5822 10-

783 5924 804 5953 ⁸
835 5921 994 5976 Forte
1022 5921 1134 5975 ἀλλ’
1170 5921 1264 5985 ώς.

261 5917 455 5976 ‘Forte
480 5919 704 5986 ζῶντος.
1345 5921 1364 5952 ⁸
1397 5919 1556 5977 Forte
1583 5919 1715 5992 ἔχει.
1796 5918 1817 5951 ⁸
1842 5916 2008 5977 Forte
2037 5919 2565 5996 εὐσπλαγχνότερον.
