3850 6517
235 429 340 494 ΞΜ

943 437 1313 496 ADVERSUS
1342 439 1683 496 nAEnEssss
1723 441 1851 496 Lm.
1894 441 1935 495 1.
1977 443 2139 499 Tou.
2184 447 2225 500 1.
2259 479 2327 487 -
2369 446 2646 505 ttAEnEs.
2683 446 2753 502 V.

3382 440 3486 520 {03

237 551 335 607 καὶ
389 550 445 606 αἱ
494 549 632 625 μετὰ
669 549 855 606 τοῦτον
894 551 986 607 τὸν
1026 556 1216 627 χρόνον
1262 555 1533 628 βοώμεναι
1570 559 1811 630 αἱρέσεις
1841 559 1884 615 Α
1911 572 1977 610 eo
2014 568 2380 625 consentiant,
2412 561 2556 631 quod
2586 577 2829 618 errorem
2864 577 3228 639 propugnant,
3275 586 3483 642 parem·

238 643 346 698 τῶν
375 643 681 713 φιλοσόφων
710 644 846 714 πρὸς
871 644 1105 716 ἀλλήλας
1128 650 1193 717 τῇ
1227 647 1324 715 μὲν
1359 648 1533 719 πλάνῃ
1565 649 1815 720 συνᾴδου-

240 750 352 794 σαι,
385 733 482 786 καὶ
513 732 797 803 ὀμόστιχον
837 732 1037 800 γνῶσιν
1080 733 1504 803 συναφαῖνουσαι
1533 736 1816 790 εἰδωλολα-

237 825 428 896 τρεὶας
447 842 506 908 τε
533 825 626 879 καὶ
657 824 909 888 ἀσεόείας
932 826 1026 879 καὶ
1063 826 1276 891 &Osin-
1309 830 1376 899 τῇ
1409 828 1464 882 δὲ
1491 829 1626 900 αὐτῇ
1678 829 1816 883 πλά-

238 936 304 990 νῃ
341 920 421 981 εἰς
455 917 655 981 ἑαυτάς
695 916 1076 989 συγκλώμεναι
1113 919 1457 990 διαςέρονται
1496 914 1657 991 ἑτέρα
1684 921 1818 992 πρὸς

238 1010 339 1080 τὴν
370 1006 584 1079 ἑτέραν.

874 1117 1183 1183 arnmot.
1224 1101 1232 1107 ’

249 1216 416 1303 Tfilzi}
444 1231 561 1288 ἀπὸ
594 1233 1018 1304 Ἑλληνισμοῦ,
1037 1235 1273 1303 πέμπτη
1291 1233 1357 1288 δὲ·
1382 1232 1453 1303 τῇ
1468 1235 1817 1301 ἀκολουθίᾳ.

312 1347 391 1404 A'.
418 1348 528 1403 Kal.
556 1344 785 1401 Στωϊκοὶ
825 1348 922 1419 μὲν
954 1347 1209 1419 φρονοῦσι
1249 1349 1377 1418 περὶ
1409 1348 1661 1419 θεότητος
1695 1347 1820 1402 τοῦ·

239 1459 336 1506 το,
369 1439 670 1508 φάσκοντες
719 1433 858 1494 εἶναι
888 1438 1013 1493 νοῦν
1058 1439 1150 1492 τὸν
1191 1439 1354 1503 Θεὸν,
1409 1439 1443 1508 ἣ
1489 1439 1687 1502 παντὸς
1722 1439 1817 1492 τοῦ

242 1534 522 1605 ὁρωμένου
554 1532 754 1594 κύτους
772 1570 787 1591 .
817 1531 1130 1601 ούρανοῦτέ
1160 1547 1302 1601 φημι
1326 1532 1422 1582 καὶ
1452 1533 1555 1601 γῆς
1586 1531 1680 1584 καὶ
1709 1530 1819 1584 τῶν

242 1627 417 1681 ἄλλων
440 1626 514 1690 ὡς
539 1627 596 1679 ὲν
621 1623 835 1694 σώματι
857 1624 1027 1695 ψυχή.
1061 1621 1359 1695 Μερίζουσι
1383 1622 1440 1675 δὲ
1466 1625 1514 1675 οἰ
1541 1622 1695 1675 αὐτοὶ
1718 1622 1820 1692 τὴν

245 1721 372 1792 μίαν
405 1719 633 1787 θεότητα
656 1718 737 1780 εἰς
769 1716 969 1781 πολλάς
1008 1713 1242 1787 μερικάς
1269 1713 1456 1776 οὐσίας
1480 1754 1495 1776 ,
1544 1715 1624 1775 εἰς
1667 1713 1818 1782 ἣλιον

241 1814 336 1869 καὶ
361 1813 590 1884 σελήνην
613 1810 711 1868 καὶ
739 1811 913 1881 ἄστρα
941 1850 956 1873 ,
995 1809 1077 1871 εἰς
1103 1807 1282 1878 ψυχὴν
1312 1807 1406 1860 καὶ
1438 1806 1577 1877 ἀέρα
1615 1805 1707 1858 καὶ
1747 1803 1816 1857 τά

238 1901 373 1960 ἄλλα
398 1945 412 1967 ,
452 1901 854 1976 μεταγγισμούς
882 1916 945 1953 τε
988 1898 1178 1970 ψυχῶν
1226 1897 1335 1967 (46)
1360 1938 1376 1962 ,
1416 1898 1509 1951 καὶ
1544 1911 1816 1965 μετενσω-
1848 1933 1888 1987 B

240 1996 515 2067 ματώσεις
543 1995 654 2049 άπὸ
689 1992 939 2063 σώματος
965 1994 1047 2054 εἰς
1086 1991 1247 2059 σῶμα
1277 1987 1681 2058 καθαιρομένας
1712 2000 1816 2037 σω·

244 2088 458 2159 μάτων,
491 2087 574 2158 ἠδ’
602 2084 668 2141 αὖ
690 2087 850 2140 πάλιν
890 2081 1236 2146 εξσδυούσας,
1271 2080 1366 2133 καὶ
1395 2077 1660 2133 ἀνάπαλιν
1695 2093 1818 2145 γεν-
1856 2088 1863 2095 “

239 2178 506 2249 νωμένας.
565 2176 665 2231 Διά
717 2176 921 2245 πολλῆς
979 2173 1159 2228 αὐτῶν
1214 2171 1422 2241 πλάνης
1473 2168 1675 2239 ταύτην
1717 2167 1817 2238 τὴν

241 2267 491 2321 άσέ6ειαν
522 2266 940 2339 παρυφαίνουσι.
982 2264 1162 2334 Μέρος
1205 2261 1262 2314 δὲ
1311 2260 1446 2314 Θεοῦ
1482 2260 1576 2313 καὶ
1617 2257 1819 2312 ἀθάνα-

240 2375 333 2410 τον
375 2357 473 2428 τὴν
500 2357 678 2429 ψυχὴν
715 2355 995 2426 ἡγοῦνται.
1052 2354 1250 2423 Ἐσχον
1290 2351 1346 2404 δὲ
1375 2352 1596 2422 Ζήνωνα
1642 2350 1819 2419 άρχηο

244 2446 339 2512 γδν
401 2446 501 2516 τῆς
542 2447 741 2508 Στοᾶς,
804 2445 935 2516 περὶ
987 2437 1049 2497 οῦ
1082 2442 1247 2503 πολ-’.ις
1291 2441 1593 2511 θρυλλείται
1638 2438 1813 2507 λόγος.

248 2534 312 2586 Οἱ
346 2533 444 2603 μὲν
475 2535 583 2604 γὰρ
622 2533 782 2587 αὑτὸν
831 2533 1039 2602 ἔφασαν
1071 2531 1185 2601 (47)
1224 2530 1496 2584 Κλεάνθου
1537 2527 1683 2591 τινὸς
1720 2525 1816 2580 τοῦ

244 2624 355 2678 άπὸ
402 2624 576 2694 Τύρου
629 2624 952 2694 ὁρμωμένου
976 2639 989 2653 ·
1026 2622 1173 2675 ἄλλοι
1225 2621 1283 2673 δὲ
1321 2622 1614 2688 φάσκουσιν
1653 2617 1817 2674 αὐτὸν

241 2714 438 2766 Κιτιέα
467 2715 568 2784 τῆς
590 2712 822 2782 ’Κύπρου
849 2709 1123 2783 νησιώτην
1141 2727 1154 2740 ·
1178 2711 1237 2763 ὲν
1272 2707 1457 2781 Ῥώμῃ
1483 2709 1539 2762 δὲ
1564 2707 1820 2778 βεδιωκέ·

240 2823 328 2859 ναι
364 2804 473 2875 (48)
505 2803 731 2875 χρόνον,
769 2803 996 2873 ὕστερον
1027 2800 1083 2854 δὲ
1120 2802 1178 2854 ὲν
1229 2800 1475 2869 Ἀθήναις
1503 2799 1818 2871 προστησά-

241 2911 405 2966 μενον
431 2893 578 2947 τουτὶ
602 2894 667 2948 τὸ
694 2893 874 2963 δόγμα
911 2892 970 2944 ὲν
1011 2893 1075 2961 τῇ
1118 2890 1256 2961 Στοᾷ
1298 2888 1441 2942 οὕτω
1485 2889 1815 2964 καλουμένῃ.

239 2988 397 3052 Τινὲς
426 2987 483 3041 δὲ
534 2984 666 3057 φασὶ
709 2986 802 3039 δύο
828 2985 1082 3054 Ζήνωνας
1110 2977 1285 3047 εἶναι,
1335 2981 1427 3035 τόν
1455 2995 1513 3034 τε
1561 2980 1819 3053 Ἐλεάτην

240 3079 339 3135 καὶ
371 3079 463 3132 τὸν
507 3076 924 3150 προειρημένον.
982 3074 1171 3145 Ὅμως
1203 3073 1252 3126 οἱ
1292 3072 1593 3144 ἀμφότεροι
1642 3071 1819 3135 οὕτως

238 3170 598 3243 ὲδογμάτισαν
617 3210 636 3236 ,
675 3169 725 3222 εἰ
775 3167 871 3221 καὶ
894 3165 988 3219 δύο
1020 3160 1148 3218 εἷεν.
1175 3164 1379 3217 Φάσκει
1418 3159 1510 3218 οὗν
1541 3166 1636 3219 καὶ
1661 3156 1818 3227 οὗτος

1917 665 2027 721 que
2055 659 2106 705 et
2137 650 2382 705 eamdem
2402 651 2746 715 idololatriae,
2765 661 2930 725 atque
2960 646 3257 729 impietatis
3285 664 3493 719 doetri-

1918 754 2042 792 nam
2084 747 2411 802 contexant,
2456 739 2509 793 in
2551 741 2641 793 illa
2678 748 2859 798 tamen
2897 750 3101 804 erroris
3140 749 3363 806 libidine
3402 766 3486 807 se·

1918 827 2179 898 metipsas
2212 824 2497 892 collidunt,
2530 843 2594 884 ae
2616 838 2806 886 mutuo
2830 846 3147 906 repugnant.

2429 1113 2530 1188 1'2
2567 1115 2652 1172 DE
2695 1112 2977 1187 S‘Fotcts,

2022 1225 2154 1299 Quoe
2177 1230 2272 1286 111
2302 1242 2378 1288 est
2408 1224 2682 1305 q'emt‘lt'um
2706 1228 2943 1304 lneresis',
2977 1218 3157 1294 ordine
3184 1258 3298 1296 vero
3338 1238 3397 1296 V.

1990 1342 2030 1398 l.
2072 1342 2228 1409 Quod
2263 1344 2329 1399 ad
2349 1343 2565 1417 Stoicos
2585 1356 2842 1418 pertinet,
2870 1351 2982 1405 haee
3001 1362 3082 1406 est
3115 1353 3179 1406 de
3202 1351 3487 1410 divinitate

1919 1434 2137 1490 illorum
2170 1436 2376 1506 opinio.
2419 1435 2586 1493 Deum
2610 1453 2750 1508 ⁴esse
2786 1450 3017 1496 mentem
3056 1453 3326 1508 asserunt,
3369 1460 3488 1514 quae

1917 1524 2088 1581 totius
2132 1527 2483 1597 aspectabilis
2520 1528 2701 1594 molis,
2746 1532 2870 1585 coeli
2921 1532 3179 1586 nimirum
3216 1548 3280 1589 ae
3329 1543 3489 1591 terrae

1916 1624 2350 1687 caeterarumque
2413 1634 2599 1675 rerum
2662 1621 2808 1676 velut
2863 1623 3112 1692 eorporis
3164 1623 3342 1678 anima
3392 1624 3485 1680 sit.

1915 1708 2130 1766 Rursus
2164 1711 2501 1767 divinitatem
2538 1726 2701 1767 unam
2733 1712 2787 1766 in
2826 1714 3007 1783 plures
3038 1729 3101 1769 ac
3131 1715 3488 1785 particulares

1916 1810 2143 1858 naturas
2190 1802 2549 1868 distribuunt,
2607 1804 2776 1860 solem
2830 1804 3099 1871 videlieet,
3160 1806 3366 1872 lunam,
3422 1794 3492 1862 ae

1916 1890 2126 1954 stellas,
2163 1891 2422 1955 animam,
2462 1905 2667 1957 aerem,
2711 1906 2907 1962 resque
2949 1902 3193 1949 caeteras.
3245 1893 3327 1948 Ad
3373 1895 3489 1953 ltaec

1920 1980 2224 2034 animarum
2249 1996 2314 2036 ex
2346 1981 2471 2036 aliis
2502 1981 2558 2035 in
2590 1980 2695 2036 alia
2726 1996 2956 2054 corpora
2994 1983 3395 2042 transfusiones
3423 1999 3490 2042 ae

1920 2071 2189 2126 transitus
2232 2071 2541 2127 admittunt.
2592 2070 2699 2128 Eas
2737 2071 2939 2144 quippe
2965 2073 3035 2130 de
3068 2089 3296 2145 corpore
3331 2076 3485 2132 deee-

1919 2162 2070 2228 dere,
2097 2177 2163 2218 ac
2189 2178 2385 2220 rursus
2413 2163 2646 2235 ingredi,
2679 2164 2987 2235 iterumque
3013 2164 3159 2237 gigni
3191 2175 3439 2223 statuunt
3469 2186 3485 2223 ι

1919 2262 1975 2309 et
1996 2254 2431 2310 consceleratum
2455 2253 2588 2309 illud
2607 2255 2800 2324 dogma
2822 2256 3054 2326 quadam
3082 2256 3286 2312 erroris
3314 2258 3488 2313 abun·

1919 2347 2107 2404 dantia
2155 2330 2471 2403 contexunt.
2522 2347 2788 2404 Caeterum
2829 2350 3151 2421 particulam
3194 2350 3487 2420 quamdam

1920 2437 2039 2503 Dei,
2071 2438 2424 2510 eamdemque
2453 2439 2809 2496 immortalem
2850 2442 3087 2497 animam
3122 2457 3247 2499 esse
3291 2441 3489 2513 praedi·

1919 2535 2068 2584 eant.
2114 2527 2365 2584 Porticus
2411 2528 2683 2598 princeps,
2735 2527 2852 2585 sive
2900 2529 3100 2585 Stoicae
3137 2538 3299 2587 seetae
3339 2529 3490 2587 Zeno

1921 2615 2044 2682 suit,
2074 2617 2142 2674 de
2172 2633 2282 2689 quo
2311 2619 2497 2675 varius
2531 2629 2616 2676 est
2658 2633 2862 2675 sermo.
2900 2618 3035 2674 Nam
3078 2621 3187 2675 alii·
3208 2618 3487 2677 Cleanthis

1920 2709 2206 2779 cujusdam
2242 2709 2390 2782 Tyrii
2425 2711 2594 2766 lilium
2638 2710 2810 2770 fuisse
2850 2719 3044 2782 putant
3078 2730 3092 2767 :
3130 2712 3223 2767 alii
3255 2710 3486 2768 Cittien·

1919 2817 2035 2859 sem
2067 2801 2273 2858 faciunt
2315 2819 2383 2859 ex
2431 2804 2609 2858 insula
2638 2802 2853 2875 cypr-03
2890 2818 3049 2873 quem
3074 2811 3130 2858 et
3158 2801 3347 2860 Remae
3377 2803 3483 2858 ali·

1919 2891 2161 2961 quandiu
2206 2891 2409 2948 vixisse
2454 2900 2712 2959 narrant;
2762 2891 2997 2962 indeque
3025 2877 3267 2947 Athenas
3299 2890 3483 2961 prole-

1921 2994 2068 3044 ctum
2112 2983 2167 3040 in
2220 2982 2372 3048 Stoa,
2396 2985 2500 3039 hoe
2515 2992 2600 3041 est
2628 2983 2860 3054 portien,
2883 2983 3136 3054 dogmata
3156 2983 3246 3037 illa
3272 2980 3483 3052 publice

1919 3074 2289 3145 proposuisse.
2318 3072 2437 3129 Non
2467 3073 2664 3130 desunt
2692 3074 2784 3144 qui
2822 3073 2960 3128 duos
2992 3071 3242 3128 Zenones
3288 3069 3483 3126 distin·

1918 3173 2108 3233 guant,
2152 3164 2411 3232 Eleatem,
2436 3174 2490 3221 et
2512 3180 2635 3220 eum
2656 3166 2723 3220 de
2744 3182 2853 3236 qino
2883 3165 3126 3235 proxime
3153 3161 3357 3218 dietum
3376 3172 3482 3219 est.

236 3262 338 3334 τὴν
364 3260 496 3332 ὓλην
527 3259 825 3331 σύγχρονον
857 3254 1046 3309 καλεῖν
1074 3253 1153 3325 τῷ
1183 3253 1303 3324 Θεῷ
1335 3252 1426 3307 ῖσα
1470 3256 1590 3318 ταῖς
1630 3252 1818 3316 ἄλλαις
1843 3258 1888 3317 c
1924 3254 2210 3326 Utcunque
2236 3257 2325 3323 sit,
2351 3259 2537 3313 eadem
2563 3256 2633 3312 ab
2659 3257 2944 3327 utriusque
2973 3255 3193 3311 decreta
3216 3252 3484 3325 profluxe-

234 3351 510 3423 αἱρέσεσιν
531 3388 545 3413 ,
578 3347 921 3418 εἱμαρμένην
954 3362 1015 3397 τε
1062 3339 1201 3398 εἶναι
1241 3343 1334 3397 καί
1370 3343 1583 3411 γένεσιν
1607 3381 1623 3408 ,
1657 3343 1716 3410 ὲξ
1746 3337 1815 3414 ἦς

237 3442 307 3497 τὰ
343 3441 526 3493 πάντα
572 3436 854 3491 διοικεῖται
910 3435 1006 3488 καὶ
1061 3434 1282 3503 πάσχει.
1339 3431 1483 3502 Πρὸς
1542 3430 1579 3486 ά
1632 3431 1813 3485 τοῖνυν

146 3524 151 3529 ’
242 3534 415 3605 ἰσχύει
467 3533 502 3604 ἡ
559 3528 821 3601 σύντομος
873 3525 1032 3597 ἡμῶν
1066 3525 1210 3595 αῦτη
1237 3523 1488 3588 σύνταξις
1537 3524 1675 3594 πρὸς
1715 3522 1817 3595 τὴν

238 3623 428 3681 τούτου
465 3619 777 3692 φαυλότητα
803 3617 1156 3691 ἀλεξητήριον
1197 3617 1487 3688 φάρμακον
1537 3615 1812 3684 διεξιέναι,

240 3718 335 3772 καὶ
364 3714 487 3785 οὐχὶ
513 3711 713 3783 μᾶλλον
741 3712 819 3776 εἰς
853 3710 1018 3780 δγκον
1044 3709 1211 3763 πολὺν
1234 3708 1448 3762 ἐλάσσω
1472 3708 1490 3738 ¹
1529 3708 1629 3778 τῆς
1677 3725 1816 3780 πρα-

240 3806 509 3880 γματείας
537 3803 599 3856 τὸ
629 3803 918 3873 ἐχέγγυον·
943 3798 1251 3870 άκροθιγῶς
1277 3798 1354 3864 δὲ,
1395 3799 1482 3852 ἵνα
1519 3801 1594 3871 μὴ
1627 3801 1686 3852 ὲν
1711 3817 1814 3853 πα-

242 3898 487 3970 ραδρομῇ
515 3893 779 3964 γένωμαι,
813 3891 952 3961 πρὸς
975 3887 1165 3941 τοῦτον
1188 3887 1322 3958 ἐρῶ.

244 4091 437 4141 versus
459 4083 608 4138 illum
647 4080 905 4153 objiciam
937 4100 950 4136 :
989 4081 1170 4150 itaque
1194 4080 1534 4136 conveniam.

314 4178 389 4232 B'.
422 4178 593 4232 Πόθεν
625 4176 887 4249 εἴληφας,
926 4170 970 4228 ὦ
1000 4169 1182 4238 οὗτος,
1212 4173 1310 4245 τὴν
1341 4173 1439 4245 τῆς
1464 4174 1817 4241 διδασκαλίας

242 4271 515 4343 ὑφήγησιν
538 4286 553 4335 ;
580 4269 613 4341 ἢ
648 4271 799 4322 ποῖον
830 4264 1052 4336 Πνεῦμα
1079 4265 1232 4334 ἅγιον
1275 4265 1562 4335 οὐρανόθεν
1586 4266 1816 4338 λελάλη-

241 4364 307 4417 κέ
343 4380 425 4416 σοι
456 4363 586 4433 περὶ
604 4361 703 4432 τῆς
739 4357 941 4414 σαυτοῦ
969 4357 1219 4429 πλάνης;
1253 4356 1348 4410 δύο
1376 4358 1472 4427 μὲν
1501 4359 1610 4430 γάρ
1638 4358 1731 4412 ἐπὶ
1757 4358 1820 4412 τὸ

241 4453 373 4508 αὐτὸ
398 4451 698 4523 σύγχρονα,
729 4450 862 4520 ὓλην
886 4448 983 4502 καὶ
1014 4447 1180 4512 Θεὸν,
1213 4445 1587 4517 βεὸιασμένως
1617 4447 1814 4517 λέγεις.

244 4543 495 4596 Πεσείται
539 4542 649 4612 γάρ
699 4557 792 4593 σου
837 4536 866 4590 ὁ
911 4536 1069 4609 λόγος
1096 4576 1111 4601 ,
1151 4539 1242 4590 καὶ
1291 4536 1589 4601 άσύστατος
1641 4539 1813 4591 ἔσται.

320 4703 331 4734 ¹
358 4701 525 4756 Forte
546 4701 744 4755 ἐλάσω.

1920 3357 2071 3402 runt.
2104 3346 2447 3419 Proindeque
2495 3349 2777 3403 materiam
2810 3347 3071 3418 aequalem
3103 3346 3212 3402 Deo
3246 3346 3374 3401 lacit
3403 3345 3484 3400 al·

1923 3447 2006 3496 ter
2047 3439 2156 3508 ille,
2192 3440 2647 3511 quemadmodum
2688 3449 2743 3496 et
2788 3442 3022 3496 haereses
3059 3439 3301 3510 reliqum.
3343 3435 3484 3493 Tum

1920 3546 2053 3588 vero
2079 3531 2172 3587 sati
2206 3540 2367 3604 atque
2390 3533 2619 3604 originis
2644 3534 3021 3589 necessitatem
3067 3533 3285 3595 astruit,
3323 3530 3483 3602 cujus

1919 3621 2134 3694 legibus
2173 3622 2543 3696 temperentur
2585 3633 2640 3680 et
2672 3625 2977 3681 alliciantur
3009 3624 3281 3680 universa.
3316 3621 3485 3693 igitur

1919 3703 2259 3788 quaecunque
2308 3720 2490 3788 operis
2540 3716 2771 3772 instituti
2818 3715 3055 3771 brevitas
3105 3723 3297 3769 contra
3341 3712 3484 3769 illius

1918 3807 2218 3877 nequitiam
2249 3805 2515 3876 disputari
2543 3802 2769 3876 patitur,
2800 3818 2866 3858 ae
2894 3803 3042 3858 velut
3074 3801 3337 3858 auxiliare
3367 3816 3485 3856 me-

1919 3895 2288 3953 dicamentum
2337 3896 2546 3968 parari;
2589 3897 2687 3952 sed
2730 3898 2805 3952 ita
2841 3908 3181 3966 nequaquam
3209 3893 3350 3950 utin
3380 3894 3483 3946 im·

127 4049 134 4054 ,
170 4021 185 4027 -
242 4003 485 4045 mensam
531 3986 729 4041 molem
771 3981 907 4037 illud
940 3980 1118 4051 ipsum
1166 3993 1304 4051 opus
1345 3991 1645 4053 excrescat,
1690 3984 1820 4052 haee,
1887 3987 2133 4060 inquam,
2202 3990 2537 4055 summatim,
2576 4004 2646 4045 ne
2699 3991 3116 4061 praetermisisse
3158 3988 3343 4045 videar
3388 3983 3484 4041 ad·

1987 4174 2049 4228 ll.
2091 4173 2239 4231 lleus
2266 4177 2363 4230 tu!
2408 4177 2652 4246 inquam.
2684 4174 2861 4231 Potin·
2888 4174 3067 4246 eloqui
3090 4190 3122 4230 a
3143 4188 3254 4245 quo
3277 4171 3483 4229 doetri-

1916 4279 2042 4320 nam
2099 4265 2240 4321 hane
2293 4266 2617 4337 acceperis?
2665 4278 2760 4322 aut
2804 4266 2929 4336 quis
2978 4267 3196 4322 demum
3246 4265 3486 4338 Spiritus

1916 4365 2144 4412 sanctus
2174 4365 2352 4413 tecum
2395 4358 2462 4413 de
2488 4357 2592 4413 hoc
2631 4365 2727 4415 tuo
2752 4373 2943 4415 errore
2972 4359 3048 4415 sit
3085 4359 3342 4415 loeutus?
3366 4358 3486 4415 Duo

1915 4449 2117 4518 quippe
2168 4448 2329 4504 simul
2376 4447 2607 4518 aequalia
2646 4457 2912 4525 tempore,
2944 4452 3228 4507 materiam
3275 4450 3485 4506 scilieet

1917 4553 1980 4592 ac
2014 4538 2180 4593 Deum
2210 4528 2477 4593 violenter
2516 4538 2790 4596 obtrudis.
2822 4527 3038 4596 Excidit
3068 4543 3232 4613 igitur
3265 4552 3356 4598 tua
3393 4540 3484 4596 illa

312 4859 426 4932 (46)
464 4859 915 4929 Metam-‚twaede
958 4873 1021 4910 τε
1060 4855 1294 4925 ψυχῶν.
1344 4855 1514 4910 Stoici
1568 4857 1807 4910 anim'am
1841 4857 1883 4916 υ
1911 4856 2151 4913 Citiense
2168 4857 2423 4929 oppidum
2444 4850 2838 4912 aPhoenieibits
2855 4856 3062 4912 colonis
3081 4857 3484 4928 frequentatum

245 4930 511 5004 putabant
541 4943 661 4983 esse
689 4942 1003 4996 corpoream
1033 4944 1048 4980 ι
1079 4926 1329 4980 videlieet
1375 4924 1591 4997 πνεῦμα
1619 4925 1807 4994 ἔνθερ-

249 5019 383 5074 μον,
430 5008 490 5055 ιιι
534 4998 609 5052 ait
653 4995 915 5066 Diogenes
938 5035 953 5060 ,
984 4997 1216 5065 ideoque
1253 4995 1478 5049 interire
1521 5005 1644 5065 post
1673 5009 1817 5049 mor-

249 5071 410 5126 tem:
462 5067 676 5122 tametsi
728 5067 1043 5137 aliquandiu
1110 5072 1234 5137 post
1278 5065 1488 5119 obitum
1549 5074 1811 5119 maneret.

251 5137 684 5211 Μετεμψύχωσιν
716 5149 845 5191 veto
877 5135 1191 5191 defendisse
1219 5134 1436 5188 Stoicos
1471 5149 1742 5203 nusquam
1781 5147 1813 5186 a

253 5225 341 5265 me
374 5211 567 5265 lectum
602 5214 707 5261 est.
755 5204 820 5258 Et
852 5205 1330 5259 hallucinationem
1365 5203 1506 5257 hanc
1534 5218 1658 5258 esse
1689 5218 1812 5257 cre-

253 5277 504 5343 diderim,
540 5272 998 5359 quemadmodum
1023 5281 1075 5329 et
1105 5274 1248 5344 quod
1275 5273 1518 5343 sequitur
1548 5290 1561 5323 :
1586 5274 1813 5326 immor·

255 5349 415 5403 talem
463 5354 494 5400 a
538 5343 740 5400 btoleis
790 5346 1027 5399 animam
1073 5351 1196 5399 esse
1239 5343 1610 5411 constitutam.
1655 5340 1814 5406 Quod

251 5417 449 5473 falsum
491 5424 599 5537 est²
635 5411 854 5469 videsis
901 5413 1230 5486 Diogenem,
1279 5421 1332 5466 et
1388 5409 1670 5465 Plutarch.
1735 5409 1812 5465 De

305 5485 458 5540 acitt‘s
522 5485 576 5537 1ιί
601 5499 680 5538 os.

247 5487 302 5558 p!
319 5554 433 5628 (47)
459 5500 522 5609 ὦ
538 5551 795 5676 perd-dp
821 5553 1008 5607 αὑτὸν
1027 5551 1285 5621 ἔφασαν.
1306 5549 1456 5604 Zeno
1486 5547 1686 5629 Stoicae
1723 5563 1811 5603 se-

246 5633 350 5681 etae
387 5626 634 5679 conditor
717 5637 918 5686 naseae,
944 5624 1059 5677 sive
1094 5621 1301 5677 Demeze
1330 5619 1390 5674 F.
1433 5619 1711 5682 Citiensis,
1743 5629 1810 5672 ex

245 5695 447 5766 oppido
486 5692 650 5763 Cypri
683 5692 898 5753 insulae,
925 5699 984 5745 ιιι
1030 5690 1284 5746 Laertius
1335 5698 1389 5746 et
1443 5689 1645 5743 Suidas
1679 5703 1809 5740 nar-

245 5772 392 5819 rant.
435 5763 507 5818 De
526 5763 803 5818 Cleanthe
832 5761 996 5832 Tyrio
1034 5759 1272 5815 Zenonis
1338 5767 1455 5813 atre
1488 5758 1622 5811 nihil
1655 5771 1810 5809 eom-

243 5832 716 5907 peri.Quanquam
749 5829 865 5885 scio
890 5828 1093 5884 ἀνωθεν
1119 5829 1289 5885 luisse
1353 5827 1619 5882 hoenicem
1663 5827 1806 5894 «preld

610 5930 881 5990 Parnon.
923 5925 1038 5986 Gn.
1088 5922 1246 5986 xm.-

1913 4926 2099 4981 fuerjt.
2130 4927 2273 4993 Quin
2306 4927 2467 4982 etiam
2498 4927 2669 4981 civem
2703 4927 2854 4982 illum
2887 4926 3198 4982 vindicasse
3224 4928 3326 4983 sihi
3358 4929 3486 4994 τοὺς

1911 4998 1969 5048 ὲν
2000 4996 2191 5050 Σιδῶνι
2224 4999 2431 5059 Κιτιεῖς
2462 5005 2654 5050 auctor
2695 5004 2778 5052 est
2811 4995 3082 5052 Laertius.
3100 4997 3257 5067 ‘Ergo
3284 4999 3482 5064 Citium

1913 5066 2060 5118 alind
2096 5068 2149 5120 in
2181 5066 2440 5121 Phoenice
2470 5065 2753 5136 oppidum.
2781 5065 3022 5141 Denique
3054 5064 3328 5123 Zenonem
3358 5065 3487 5133 Dm,-

1914 5136 2098 5187 nulum
2129 5138 2199 5190 oh
2226 5135 2280 5189 id
2312 5135 2544 5204 appellat
2579 5136 2770 5191 Cicero
2808 5137 2901 5189 lib.
2938 5150 2987 5186 ιν
3012 5133 3087 5189 De
3118 5134 3214 5204 tiit.
3239 5152 3259 5192 .·
3287 5133 3485 5193 Poslea

1914 5214 2034 5259 tum
2064 5204 2154 5258 ille
2183 5204 2434 5260 Poenulus
2465 5205 2606 5270 (scis
2643 5206 2784 5259 enim
2811 5202 3028 5258 Gitioeos
3063 5206 3277 5260 clientes
3316 5216 3434 5262 tuos
3457 5223 3488 5262 e

1913 5273 2184 5327 Plaeoenicia
2212 5274 2517 5343 profe-ctos).
3426 5328 3453 5341 ,,
3483 5334 3492 5342 ,

1984 5344 2096 5413 (48)
2149 5344 2251 5398 'Er
2292 5342 2483 5412 Ῥώμῃ
2514 5341 2583 5396 δὲ
2602 5340 2969 5406 βεὸιωκὲναι.
3009 5342 3056 5398 Α
3095 5361 3203 5416 quo
3235 5346 3349 5403 haec.
3398 5345 3483 5401 di·

1912 5410 2110 5465 dit-erit
2139 5410 2497 5494 Epiphanius,
2535 5412 2749 5467 beasset
2774 5426 2896 5477 nos,
2925 5413 2972 5468 si
3021 5416 3219 5472 docere
3272 5417 3482 5472 voluis--

1910 5487 2014 5534 set.
2043 5480 2380 5535 Crediderim
2417 5481 2632 5552 Ῥώμην
2682 5480 2752 5535 ah
2799 5495 2863 5536 eo
2915 5492 3013 5553 pro
3042 5483 3191 5539 ltalia
3224 5485 3393 5547 sumi,
3425 5491 3481 5540 ct
3521 5519 3542 5533 .

1911 5549 2148 5602 Eleatem
2181 5549 2455 5604 Zenonem
2483 5564 2607 5604 eum
2640 5551 2870 5607 Citiensi
2899 5552 3199 5619 confundi;
3226 5569 3350 5609 nam
3378 5554 3481 5608 du-

1910 5618 2065 5682 hitat,
2095 5617 2277 5673 duone
2308 5618 2510 5673 suerint
2544 5622 2705 5674 amho
2739 5622 2851 5687 isti,
2881 5638 2950 5677 an
2982 5641 3126 5681 unus
3162 5625 3476 5679 Stoicorum
3561 5668 3568 5673 .

1911 5694 2084 5755 pater.
2108 5685 2230 5740 Fuit
2261 5693 2441 5741 autem
2474 5687 2757 5746 Zenon-im
2790 5695 2927 5749 alter
2958 5694 3168 5750 Eleates
3193 5708 3256 5746 ex
3284 5688 3476 5754 ltalia?

1907 5755 2000 5808 sed
2037 5754 2182 5825 quod
2213 5756 2403 5810 ambos
2425 5758 2558 5813 dicit
2582 5760 2770 5814 eadem
2806 5763 3062 5818 habuisse
3089 5763 3340 5832 dogmat·-
3390 5770 3478 5786 “⁸''

1909 5826 1981 5878 tis
2009 5840 2074 5879 ex
2111 5825 2368 5896 Diogene,
2393 5826 2628 5896 aliisque
2658 5829 2946 5885 refellitur.
