3850 6517
997 507 1367 566 ADVERSUS
1403 509 1741 567 HAERESES
1778 510 1906 566 ΠΒ.
1947 510 2011 569 tl.
2052 512 2215 570 Tou.
2247 513 2655 572 1.-11AERES.
2697 511 2874 571 Lxlv.

3406 514 3542 569 ¹¹82

361 622 645 695 Καῑόρᾷς,
672 623 756 676 ὅτι
780 621 912 677 αὐτὸ
943 622 1006 677 τὸ
1029 624 1189 695 σῶμα
1220 625 1281 679 τὸ
1302 626 1529 696 ψυχικὸν
1558 627 1689 680 αὐτὸ
1715 644 1872 682 πνεν-
1897 630 1943 687 A
2040 628 2444 687 Animadvertis
2481 631 2664 701 itaque
2693 629 2835 686 idem
2859 643 2983 685 esse
3014 626 3247 683 animale
3287 640 3351 681 ac
3383 626 3514 695 spiri
3539 658 3550 666 -

294 712 542 784 ματικὸν,
576 711 653 775 ὡς
678 712 775 765 καὶ
813 713 842 765 ὀ
871 712 1076 785 Κύριος
1105 715 1265 785 ἡμῶν
1293 716 1492 788 ἀνέστη
1534 720 1600 771 ὲκ
1631 718 1741 771 τῶν
1780 736 1866 771 νε-

291 803 458 874 κρῶν,
504 802 604 855 οὐκ
637 802 766 857 ἀλλο
798 804 957 874 σῶμα
991 805 1231 876 ἐγείρας,
1260 807 1375 861 ἀλλ’
1397 808 1528 861 αὐτὸ
1559 808 1620 861 τὸ
1648 808 1729 874 ὃν,
1770 811 1866 863 καὶ

287 895 385 963 οὐχ
432 893 619 965 ἕτερον
652 893 805 965 παρὰ
831 899 893 947 το
923 895 1004 960 δν,
1037 897 1168 950 αὐτὸ
1191 897 1248 949 δὲ
1275 899 1337 950 τὸ
1366 897 1425 950 ὃν
1453 900 1535 961 εἰς
1564 898 1866 971 λεπτότητα

289 982 609 1053 μεταδαλὼν
644 986 1037 1056 πνευματικὴν,
1070 988 1164 1040 καὶ
1197 989 1565 1057 πνευματικὸν
1596 990 1717 1042 ὅλον
1742 1007 1866 1043 συν-

288 1074 515 1139 ενώσας·
545 1077 926 1147 εἰσερχόμενος
956 1078 1135 1149 θυρῶν
1171 1079 1587 1149 κεκλεισμένων·
1612 1081 1747 1151 ὅπερ
1765 1067 1867 1135 οὗκ

287 1167 566 1238 ἐνδέχεται
599 1171 742 1222 κατὰ
773 1172 846 1223 τὰ
881 1171 1124 1243 ἡμέτερα
1155 1171 1381 1243 σώματα
1423 1173 1656 1228 ἐνταῦθα
1692 1175 1865 1247 ὑπάρ-

289 1276 407 1329 χειν
426 1256 583 1312 τοῦτο
611 1259 700 1313 διὰ
720 1260 782 1313 τὸ
801 1263 1119 1335 παχυμερὲς
1141 1264 1233 1317 καὶ
1258 1264 1411 1318 οὔπω
1437 1267 1519 1329 είς
1565 1266 1867 1337 λεπτότητα

257 1339 270 1350 “
292 1350 589 1404 συνενωθὲν
611 1350 1010 1423 πνευματικήν.
1039 1354 1106 1407 Τί
1129 1350 1223 1409 οὗν
1246 1351 1314 1426 ἦν
1345 1357 1405 1409 τὸ
1424 1356 1663 1411 εἰσελθὸν
1686 1356 1867 1429 θυρῶν

290 1440 728 1511 κεκλεισμένων;
762 1443 926 1497 Ἄλλο
956 1446 1109 1516 παρὰ
1127 1446 1189 1499 τὸ
1210 1447 1641 1519 ἐσταυρωμένον,
1672 1448 1706 1517 ἢ
1737 1449 1866 1503 αὐτὸ
1885 1472 1896 1480 ·

289 1529 352 1582 τὸ
377 1530 828 1603 ὲσταυρωμένον;
860 1534 1084 1599 Πάντως
1101 1552 1203 1589 που
1223 1537 1285 1589 οὐ
1304 1537 1534 1610 δυνήσῃ,
1573 1539 1863 1608 Ὦρίγενες,

294 1618 370 1688 μὴ
400 1618 729 1689 ὁμολογῆσαι
776 1622 911 1675 αὐτὸ
953 1621 1015 1676 τὺ
1055 1624 1488 1696 ἐσταυρωμένον.
1534 1624 1775 1696 Ἐλέγχει
1805 1642 1867 1680 σε

291 1708 401 1780 γάρ
420 1708 509 1762 διὰ
537 1710 640 1781 τῆς
663 1710 757 1763 τοῦ
786 1711 961 1782 Θωμᾶ
987 1714 1391 1785 ἀκριὸολογίας,
1423 1714 1664 1769 ἐπειπὼν
1693 1715 1863 1786 αὐτῷ·

288 1798 387 1868 Μὴ
413 1801 583 1870 γίνου
607 1800 884 1869 ἄπιστος,
911 1805 1073 1859 ἀλλὰ
1107 1808 1340 1874 πιστός.
1382 1807 1589 1872 Ἔδειξε
1626 1809 1735 1879 γὰρ
1771 1807 1870 1862 τύ-

290 1905 392 1942 πον
424 1888 589 1960 ἥλων,
626 1891 721 1944 καὶ
761 1891 929 1945 τύπον
963 1892 1184 1964 λόγχης,
1221 1895 1316 1948 καὶ
1352 1895 1522 1959 αὐτὰς
1564 1896 1664 1959 τὰς
1703 1896 1870 1962 οὐλὰς

1967 717 2078 772 tale
2118 732 2343 787 corpus,
2376 719 2834 789 quemadmodum
2881 727 2936 775 et
2981 717 3242 773 Dominus
3284 726 3473 772 noster
3513 731 3540 769 a

1968 817 2145 865 morte
2194 812 2455 875 surrexit,
2495 826 2607 866 non
2652 819 2715 866 ut
2763 810 2910 866 aliud
2952 817 3241 865 revocaret
3279 808 3344 862 ad
3377 808 3541 861 vitam

1968 914 2190 969 corpus,
2241 900 2337 956 sed
2386 902 2522 956 illud
2573 904 2776 973 ipsum,
2823 900 2969 973 quod
3014 902 3065 956 ei
3118 898 3317 961 suerat,
3366 911 3540 967 neque

1966 1000 2164 1059 praeter
2188 993 2365 1061 ipsum
2401 993 2573 1047 aliud.
2613 993 2717 1049 Sed
2766 996 2841 1048 ita
2870 1001 3075 1055 tamen,
3117 1000 3177 1044 ut
3205 988 3337 1043 illud
3363 988 3540 1057 ipsum

1967 1081 2196 1151 spiritus
2256 1084 2310 1137 in
2363 1085 2642 1154 propriam
2701 1084 3022 1139 tenuitatem
3067 1094 3132 1135 ae
3189 1079 3539 1134 subtilitatem

1966 1182 2330 1239 converteret,
2367 1189 2432 1229 ac
2480 1174 2728 1244 spiritale
2769 1174 2995 1228 omnino
3038 1169 3318 1226 conflaret.
3361 1169 3540 1235 Quare

1966 1268 2021 1316 et
2066 1264 2305 1320 occlusis
2345 1264 2530 1335 januis
2581 1265 2864 1335 ingressus
2911 1270 2998 1318 est
3026 1263 3044 1293 ¹
3074 1278 3088 1327 ;
3120 1259 3266 1331 quod
3328 1260 3384 1313 in
3439 1259 3540 1313 hac

1968 1354 2188 1423 quidem
2217 1357 2330 1411 vita
2358 1356 2685 1427 corporibus
2723 1355 2928 1409 nostris
2957 1353 3274 1422 contingere
3301 1364 3411 1404 non
3442 1365 3540 1420 po-

1969 1453 2096 1510 test,
2127 1462 2193 1502 eo
2219 1448 2360 1516 quod
2395 1456 2654 1503 concreta
2690 1454 2819 1502 sunt
2846 1460 2911 1501 ac
2941 1459 3151 1506 crassa,
3181 1457 3286 1498 nec
3312 1441 3440 1496 dum
3483 1441 3553 1495 in·

1968 1535 2270 1604 spiritalem
2322 1536 2470 1591 illam
2518 1537 2834 1590 tenuitatem
2879 1532 3203 1588 coaluerint.
3254 1529 3540 1596 Quodnam

1967 1624 2139 1695 igitur
2174 1639 2375 1697 corpus
2420 1634 2529 1691 est,
2569 1625 2715 1695 qnod
2747 1623 2952 1679 clausis
2974 1622 3161 1693 januis
3205 1629 3289 1677 est
3326 1620 3540 1693 ingres-

1969 1716 2136 1772 sum?
2175 1715 2409 1771 Aliudne
2437 1730 2600 1787 quam
2639 1714 2787 1786 quod
2829 1715 2885 1770 in
2931 1728 3097 1770 cruce
3146 1710 3397 1768 suffixum
3432 1718 3539 1776 εει,

1969 1821 2039 1861 an
2078 1805 2215 1861 illud
2261 1806 2441 1877 ipsum
2483 1808 2540 1862 in
2584 1821 2806 1862 crucem
2858 1803 3178 1861 sublatum?
3205 1801 3541 1871 Quocunque

1968 1903 2025 1952 te
2059 1904 2264 1964 vertas,
2333 1895 2620 1969 Origenes,
2664 1912 2776 1952 non
2822 1905 2979 1967 potes
3029 1910 3139 1951 non
3174 1893 3307 1949 illud
3361 1892 3554 1970 ipsum,

288 1980 501 2051 ἅφῆκῑν
527 1981 619 2033 ἐπὶ
641 1980 735 2034 τῡῦ
763 1981 1032 2053 σώματος,
1058 1982 1258 2055 καίπερ
1282 1983 1590 2049 συνενώσας
1616 1985 1678 2038 τὸ
1704 1985 1864 2057 σῶμα
1897 1983 1940 2039 Β
1967 2002 2095 2044 esse
2125 1987 2400 2051 confiteri,
2429 1986 2577 2057 quod
2605 1987 2757 2043 eruci
2795 1994 2881 2043 est
2906 1984 3144 2041 affixum.
3180 1983 3314 2038 Nam
3342 1984 3458 2053 ipse
3489 1992 3542 2037 te

289 2070 368 2131 εἰς
400 2069 529 2138 μίαν
558 2069 783 2141 ἑνότητα
817 2073 1216 2145 πνευματικήν.
1251 2073 1510 2128 Ἢδύνατο
1530 2071 1623 2128 οὗν
1649 2077 1745 2129 καὶ
1764 2075 1864 2139 τάς

290 2158 451 2222 οὐλὰς
479 2158 799 2231 ἀπαλεῖψαι·
828 2162 946 2216 ἀλλ’
968 2163 1069 2217 οὐκ
1094 2163 1406 2234 emieat,
1443 2166 1530 2219 tva
1554 2145 1747 2238 ἐλέγξῃ
1779 2167 1861 2230 σε,

288 2242 334 2306 ὦ
350 2249 596 2322 θεήλατε.
626 2252 767 2323 Ἄρα
783 2249 876 2308 οὖν
895 2249 962 2324 ἦν
980 2254 1041 2309 τὸ
1067 2254 1225 2327 σῶμα
1246 2255 1309 2309 τὸ
1323 2257 1383 2310 ὲν
1397 2254 1478 2326 τῷ
1498 2254 1752 2326 μνημείῳ
1768 2270 1866 2310 τα-

288 2341 388 2410 φὲν
419 2341 481 2395 τὸ
504 2345 825 2415 τριήμερον,
857 2349 953 2402 καὶ
982 2351 1079 2402 σὺν
1104 2351 1253 2421 αὐτῷ
1279 2352 1518 2406 ἀναστὰν
1547 2354 1606 2407 ὲν
1640 2355 1707 2423 τῇ
1734 2352 1865 2405 ἀνα-

291 2432 501 2488 στάσει.
550 2434 759 2499 Ἔδειξε
797 2434 908 2505 γὰρ
936 2438 1029 2490 καὶ
1060 2438 1220 2504 ὀστᾶ,
1250 2441 1346 2493 καὶ
1369 2442 1564 2512 δέρμα,
1603 2441 1701 2494 καὶ
1734 2442 1867 2512 σάρ-

289 2538 414 2586 κας,
432 2522 508 2586 ὡς
534 2522 778 2595 εἴρηκεν,
807 2526 890 2579 ὅτι
918 2525 1124 2593 Ἴδετε,
1154 2527 1245 2580 ὄτι
1276 2527 1511 2598 πνεῦμα
1540 2529 1738 2598 σάρκα
1763 2530 1863 2585 καί

290 2609 442 2667 ὀστᾶ
461 2614 575 2667 οὐκ
606 2612 755 2685 ἔχει,
787 2615 868 2680 ὡς
893 2613 1069 2683 ὁρᾶτέ
1100 2632 1180 2685 με
1210 2615 1448 2685 ἔχοντα.
1485 2617 1609 2681 Πῶς
1636 2613 1728 2672 οὗν
1753 2620 1867 2673 εἰσ-

288 2695 419 2771 ῆλθε
446 2701 628 2776 θυρῶν
657 2702 1079 2776 κεκλεισμένων,
1111 2704 1228 2759 ἀλλ’
1260 2706 1344 2760 ἵνα
1377 2705 1547 2777 δείξῃ,
1585 2708 1668 2761 ὅτι
1704 2707 1866 2779 σῶμα

291 2793 395 2864 μὶν
430 2796 569 2860 ἐστι,
608 2795 703 2851 καὶ
742 2797 804 2853 οὐ
836 2797 1054 2869 πνεῦμα
1092 2798 1157 2851 τὸ
1195 2797 1492 2871 δρώμενον,
1540 2799 1676 2854 ἀλλά
1707 2801 1865 2871 σῶμα

289 2886 687 2955 πνευματικόνς
730 2885 975 2955 καίτοιγε
1021 2886 1120 2940 σὺν
1149 2886 1319 2958 ψυχῇ,
1352 2888 1447 2942 καὶ
1504 2886 1739 2959 θεότητι,
1771 2889 1866 2942 καὶ

289 2973 385 3045 ὅλῃ
423 2979 489 3047 τῇ
532 2977 945 3049 ὲνανθρωπήσει
986 2978 1120 3032 αὐτὸ
1157 2976 1239 3034 ὅν.
1298 2977 1461 3032 Ἀλλὰ
1503 2978 1867 3048 πνευματικὸν

270 3066 421 3121 ,αὐτὸ
446 3068 505 3121 τὸ
538 3068 667 3121 ποτὲ
699 3070 1014 3140 παχυμερὲς
1046 3068 1400 3141 λεπτομερὲς,
1433 3070 1566 3121 αὐτὸ
1586 3069 1646 3122 τὸ
1671 3070 1866 3121 ἐσταυ-

1970 2092 2069 2147 per
2089 2086 2399 2132 accuratam
2422 2076 2646 2132 Thomae
2664 2076 3074 2148 inquisitionem
3101 2075 3400 2145 redarguit,
3417 2088 3541 2128 cum

1967 2166 2021 2221 ei
2066 2165 2245 2221 dixit:
2293 2165 2427 2221 Noti
2482 2184 2596 2223 esse
2635 2167 2958 2234 incredulus,
3000 2168 3092 2221 sed
3136 2165 3309 2236 fidelis
3329 2166 3372 2219 ⁹.
3402 2166 3539 2219 Tum

1970 2256 2117 2313 euim
2173 2257 2456 2312 clavorum
2504 2257 2733 2329 vestigia
2787 2257 3130 2324 monstravit·
3183 2270 3250 2312 ac
3302 2256 3539 2324 lanceam

1973 2346 2216 2417 adeoque
2244 2349 2532 2405 cicatrices
2563 2349 2714 2421 ipsas
2739 2349 2959 2420 reliquit
2992 2349 3047 2403 in
3069 2362 3317 2419 corpore,
3347 2361 3543 2418 quam-

1973 2436 2055 2491 vis
2089 2436 2221 2491 illud
2251 2437 2551 2508 spiritalem
2594 2438 2650 2492 in
2691 2438 2950 2493 unitatem
2981 2434 3296 2491 conflasset.
3326 2434 3544 2488 Poterat

1973 2527 2192 2597 quidem
2219 2529 2509 2584 cicatrices
2536 2529 2685 2600 ipsas
2728 2527 2982 2593 abolere;
3013 2526 3110 2583 sed
3157 2525 3210 2581 id
3240 2533 3422 2581 tamen
3448 2537 3543 2578 no-

1971 2616 2094 2681 luit,
2131 2630 2244 2687 quo
2279 2624 2350 2684 te,
2397 2615 2623 2681 furiose,
2666 2617 3042 2672 convinceret.
3073 2614 3341 2682 Quocirca
3394 2612 3540 2668 idem

1975 2718 2090 2763 tum
2136 2722 2341 2777 corpus
2381 2717 2664 2764 ostensum
2693 2716 2799 2774 est,
2835 2705 2981 2779 quod
3020 2707 3078 2762 in
3120 2705 3330 2761 tumulo
3359 2703 3542 2758 triduo

1972 2798 2351 2869 consepultum
2384 2800 2581 2863 suerat,
2624 2813 2691 2854 ae
2721 2815 2847 2855 cum
2887 2800 3010 2871 ipso
3052 2799 3108 2853 in
3140 2795 3544 2853 resurrectione

1972 2890 2318 2946 suscitatum.
2380 2888 2591 2961 Quippe
2648 2905 2798 2952 ossa,
2854 2889 3049 2960 pellem
3099 2900 3401 2957 carnesque
3443 2884 3544 2941 de-

1973 2980 2318 3043 monstravit,
2366 2986 2428 3035 ut
2456 2979 2595 3034 dixit
2624 2991 2641 3032 ι
2669 2979 2850 3035 Videte
2879 2981 3126 3051 quoniam
3161 2980 3379 3049 spiritus
3420 2992 3544 3030 cor-

1973 3083 2089 3120 nem
2127 3076 2177 3121 et
2219 3084 2342 3122 ossa
2378 3084 2484 3121 non
2523 3067 2703 3133 habet,
2756 3068 2894 3123 sicut
2941 3083 3023 3121 me
3067 3066 3254 3121 videtis
3287 3063 3475 3119 habere
3497 3063 3542 3119 ⁸.

295 3158 570 3229 ρωμὲνον,
617 3159 713 3213 καὶ
765 3161 897 3214 αὐτὸ
950 3159 1012 3213 τὸ
1067 3160 1478 3231 κεκρατημένον
1520 3159 1862 3230 ἀκράτητρν,
1973 3157 2258 3224 Quomodo
2304 3160 2470 3231 igitur
2515 3160 2717 3215 clausis
2737 3160 2924 3230 januis
2957 3159 3145 3223 subiit,
3180 3157 3288 3213 nisi
3333 3164 3394 3212 ut
3420 3172 3546 3212 eor-

292 3248 589 3305 συνενωθὲν
638 3252 733 3305 καὶ
785 3252 1094 3325 συγκραθὲν
1139 3254 1205 3323 τῇ
1256 3250 1490 3321 θεότητι,
1538 3252 1634 3303 καὶ
1684 3250 1867 3303 οὐκέτι
1975 3264 2078 3317 pus
2125 3263 2250 3305 esse
2278 3248 2423 3318 quod
2456 3248 2784 3318 aspicerent,
2810 3264 2919 3303 non
2967 3247 3219 3318 spiritum
3264 3246 3542 3318 probaret,

290 3333 567 3407 λυόμενον,
596 3337 713 3393 ἀλλ’
741 3341 821 3403 είς
859 3339 950 3393 ἀεὶ
977 3338 1254 3410 διαμένον,
1274 3339 1469 3409 μηκέτι
1497 3338 1861 3409 ἀποθνῆσκον.
1889 3332 1937 3390 C
1972 3340 2067 3395 sed
2114 3341 2362 3412 spiritale
2392 3348 2575 3396 tamen
2611 3340 2856 3411 corpus?
2890 3341 3213 3411 Quanquam
3254 3351 3370 3395 erat
3410 3338 3543 3394 illud

301 3427 545 3497 Ἀνέστη
569 3430 678 3500 γὰρ
705 3431 961 3501 Χριστὸς
988 3432 1058 3486 ἐκ
1081 3430 1330 3501 νεκρῶν,
1354 3432 1598 3500 ἀπαρχὴ
1626 3430 1747 3486 τῶν
1766 3448 1865 3487 κε-
1970 3446 2096 3486 cum
2125 3432 2307 3485 anima
2334 3438 2388 3486 et
2418 3430 2721 3496 divinitate,
2753 3440 2977 3501 totaque
3005 3432 3142 3487 adeo
3172 3430 3409 3484 bominis
3441 3443 3543 3482 na-

289 3518 677 3587 κοιμημένων·
708 3521 911 3577 οὐκέτι
946 3520 1339 3586 ἀποθνήσκει,
1378 3519 1635 3585 θάνατος
1677 3520 1864 3574 αὑτοῦ
1970 3528 2094 3572 tura
2145 3520 2523 3588 conjunctum.
2571 3518 2681 3574 Sed
2731 3518 2980 3589 spiritale
3013 3525 3152 3583 erat,
3200 3525 3260 3571 ut
3296 3513 3447 3580 dixi;
3485 3519 3544 3569 et

288 3609 489 3662 οὐκέτι
522 3613 802 3677 κυριεύει.
1973 3609 2117 3680 quod
2152 3624 2401 3666 crassum
2433 3612 2563 3666 olim
2609 3616 2748 3676 erat,
2775 3610 2976 3665 subtile
3020 3608 3295 3663 redditum
3327 3605 3545 3677 :quod-

288 3714 396 3766 que
441 3698 496 3748 in
528 3711 746 3748 crucem
785 3703 967 3747 actum
1025 3702 1191 3763 atque
1245 3693 1409 3767 594
1435 3697 1734 3753 obnoxium
1777 3698 1980 3763 fuerat,
2042 3701 2250 3757 nullius
2304 3703 2539 3773 amplius
2581 3701 2838 3772 potestati
2897 3699 3232 3769 subjectum;
3263 3704 3425 3767 atque
3468 3698 3542 3749 ita

291 3801 419 3839 cum
452 3783 737 3841 divinitate
767 3786 1144 3857 conjunctum,
1179 3802 1245 3843 ac
1275 3790 1441 3844 veluti
1472 3798 1856 3860 temperatum,
1894 3803 1957 3848 ut
2009 3809 2119 3848 non
2166 3794 2402 3865 amplius
2463 3793 2690 3850 dissolvi
2718 3801 2923 3863 posset,
2961 3791 3057 3847 sed
3107 3790 3300 3845 moi-tis
3339 3801 3541 3857 expers

294 3878 350 3932 in
366 3879 755 3948 sempiternum
776 3887 1039 3938 maneret.
1078 3880 1319 3936 Surrexit
1350 3884 1490 3936 enim
1520 3882 1763 3939 Christus
1824 3900 1892 3940 ex
1948 3888 2196 3953 mortuis,
2230 3886 2484 3957 primitioe
2525 3884 2969 3952 dormientium⁸;
3009 3900 3114 3937 nort
3160 3881 3391 3951 amplius
3425 3896 3543 3933 mo—

293 3975 451 4036 ritur,
477 3989 618 4028 mors
642 3976 724 4029 im
742 3976 886 4029 ultra
922 3992 1025 4030 non
1046 3976 1408 4031 dominabitur
1426 3979 1466 4030 ⁵.

362 4065 481 4121 313¹.
518 4068 632 4121 Ἵνα
657 4068 716 4121 δὲ
742 4068 887 4140 γνῷς
918 4071 1012 4123 καὶ
1038 4070 1215 4136 τοῦτο,
1237 4070 1303 4123 δι’
1329 4072 1395 4141 ἣν
1436 4070 1612 4124 αἰτίαν
1644 4073 1866 4144 ἀπαρχὴ
2045 4067 2207 4124 LXV.
2247 4068 2423 4139 Atque
2445 4075 2505 4123 ut
2534 4066 2668 4122 illud
2710 4066 3003 4137 intelligas,
3030 4080 3192 4136 quam
3218 4067 3290 4122 ob
3314 4081 3539 4123 causam

291 4160 401 4212 τῶν
432 4158 846 4229 κεκοιμημένων
875 4159 1091 4228 λέγεται
1119 4162 1149 4212 ὁ
1181 4160 1437 4231 Χριστὸς,
1472 4161 1715 4231 καίτοιγε
1764 4164 1866 4215 οὐκ
1972 4160 2226 4231 primitiae
2254 4158 2644 4214 dormientium
2673 4156 2930 4212 Christus
2965 4156 3289 4227 appelletur,
3322 4160 3540 4215 tametsi

292 4249 459 4304 αὐτοῦ
481 4250 789 4322 ἀρξαμένου
814 4251 1155 4307 ἀνίστασθαι.
1187 4253 1301 4326 Πρὸ
1328 4254 1494 4309 αὐτοῦ
1514 4254 1625 4327 γὰρ
1645 4254 1866 4323 ἀνέστη·
1970 4266 2081 4306 non
2110 4250 2156 4307 is
2186 4250 2395 4321 primus
2423 4248 2667 4304 omnium
2694 4248 3028 4314 surrexerit;
3051 4262 3176 4302 nam
3211 4256 3334 4303 ante
3363 4250 3540 4320 ipsum

295 4358 394 4394 σαν
424 4341 491 4394 δι’
528 4341 692 4394 αὑτοῦ
735 4340 1003 4414 Λάζαρος,
1048 4344 1140 4397 καὶ
1180 4346 1209 4397 ὁ
1247 4346 1362 4409 υἱὸς
1391 4346 1493 4417 τῆς
1520 4348 1727 4418 χήρας,
1767 4347 1863 4401 καὶ
1971 4341 2217 4399 Lazarus
2251 4356 2351 4412 per
2388 4354 2512 4395 eum
2561 4340 2833 4396 excitatus
2866 4337 3078 4403 suerat,
3125 4354 3337 4394 necnon
3383 4351 3438 4396 et
3470 4344 3544 4397 vi·

292 4433 456 4485 ἄλλοι·
481 4434 574 4486 καὶ
594 4432 682 4487 διὰ
716 4434 891 4498 Ἠλία,
918 4435 1013 4488 καὶ
1036 4434 1125 4488 διὰ
1158 4434 1477 4492 Ἐλισσαίου.
1517 4437 1655 4491 Ἀλλ’
1674 4436 1861 4505 ἐπειδὴ
1975 4432 2098 4487 duae
2143 4433 2308 4495 lilius,
2352 4441 2406 4487 et
2451 4432 2540 4486 alii
2581 4430 2836 4502 quidam;
2865 4429 3004 4485 adde
3049 4438 3102 4485 et
3143 4432 3433 4487 nonnullos
3472 4433 3544 4489 ab

295 4527 490 4577 ἐκεῖνοι
535 4525 734 4590 πάντες
766 4528 1097 4592 ἀναστάντες
1144 4527 1307 4582 πάλιν
1339 4528 1683 4597 τεθνήκασιν,
1721 4526 1864 4580 οὕτω
1976 4522 2093 4578 Elia
2157 4531 2321 4592 atque
2364 4522 2557 4577 Elisaeo
2587 4523 2711 4576 vitae
2738 4522 3063 4587 restitut083
3105 4532 3167 4577 ut
3205 4523 3337 4577 illud
3378 4524 3544 4594 igitur

293 4616 527 4686 Χριστὸς
569 4617 792 4688 ἀπαρχὴ
836 4618 945 4672 τῶν
991 4620 1428 4690 κεκοιμημένων·
1474 4618 1711 4682 ἀναστὰς
1756 4617 1866 4689 γὰρ
1898 4603 1943 4657 D
1973 4615 2273 4685 intelligaS,
2328 4613 2409 4669 sic
2448 4613 2690 4668 habeto:
2727 4613 3078 4669 cumomnes
3120 4614 3197 4668 illi
3228 4615 3321 4685 qui
3356 4631 3541 4671 resur-

293 4708 476 4761 οὐκέτι
506 4710 857 4781 ἀποθνήσκει,
899 4710 974 4772 ὡς
1004 4711 1037 4781 ὴ
1083 4710 1351 4780 μέλλουσα
1393 4712 1688 4774 ἀνάστασις
1726 4706 1862 4763 εἶναι
1974 4707 2183 4762 rexisse
2219 4705 2482 4760 dicuntur
2514 4707 2712 4762 iterum
2754 4705 2952 4761 mortui
2984 4705 3114 4770 sint,
3156 4709 3351 4762 merito
3384 4708 3543 4762 Citri-

292 4800 381 4853 διὰ
413 4800 511 4869 τῆς
553 4802 719 4855 αὐτοῦ
749 4801 895 4871 ζωῆς
937 4802 1033 4855 καὶ
1073 4802 1501 4875 φιλανθρωπίας.
1533 4802 1598 4858 Εἰ
1625 4801 1685 4856 δέ
1721 4804 1869 4856 ἐστιν
1968 4806 2113 4854 stum
2146 4796 2416 4867 primitias
2457 4796 2720 4867 appellari
2752 4796 3293 4869 dormientium;qui
3333 4808 3542 4868 postea·

293 4892 516 4963 ἀπαρχὴ
541 4892 651 4945 Τῶν
674 4893 1110 4964 κεκοιμημένων,
1141 4892 1236 4947 καὶ
1259 4892 1462 4965 ἀνέστη
1485 4893 1605 4948 ὅλον
1623 4895 1686 4948 τὸ
1703 4892 1868 4947 αὑτοῦ
1966 4902 2130 4958 quam
2155 4885 2457 4941 resurrexit
2492 4899 2602 4939 non
2630 4885 2867 4955 amplius
2897 4887 3154 4951 moritur,
3190 4902 3310 4957 quae
3339 4894 3425 4942 est
3452 4886 3540 4942 su-

296 4985 456 5054 σῶμα
489 4986 587 5038 σὺν
624 4988 690 5056 τῇ
727 4985 967 5055 θεότητι,
1005 4988 1038 5056 ἡ
1084 4984 1249 5039 αὐτοῦ
1296 4984 1709 5057 ἐνανθρώπησις
1747 4987 1870 5041 ἀνω

294 5078 489 5140 στᾶσα,
537 5077 630 5130 καὶ
664 5076 889 5147 μηδενὸς
925 5075 985 5142 ἐξ
1019 5076 1193 5146 αὐτῆς
1231 5075 1705 5146 καταλειφθέντος,
1742 5077 1867 5132 οὔτε

295 5166 476 5239 σῶμα,
505 5165 632 5219 οὔτε
657 5166 844 5237 ἕτερόν
877 5182 951 5219 τι.
996 5168 1080 5219 Οὐ
1108 5164 1220 5235 γὰρ
1258 5166 1711 5237 marnae-lpse<-
1754 5167 1871 5237 τὴν

294 5257 509 5327 ψυχήν
532 5273 652 5327 μου
678 5257 766 5321 εἰς
793 5254 968 5322 ᾅδην,
999 5253 1144 5308 οὐδὲ
1165 5252 1379 5322 δώσεις
1413 5255 1523 5309 τὸν
1548 5256 1724 5312 ὅσιόν
1750 5272 1867 5311 σου

295 5349 446 5405 ἰδεῖν
467 5344 815 5419 διαφθοράν.
852 5347 963 5401 Καὶ
993 5346 1055 5399 τὸ
1080 5346 1178 5417 μὲν
1212 5347 1339 5418 περὶ
1364 5346 1547 5416 ψυχῆς
1575 5349 1635 5402 ἐν
1663 5347 1742 5419 τῷ
1764 5347 1867 5421 ᾄδῃ

297 5437 552 5508 σημαίνει
572 5439 635 5492 τὸ
664 5437 740 5510 μὴ
766 5437 1201 5507 καταλελεῖφθαι·
1224 5437 1316 5492 τὸν
1333 5436 1391 5491 δὲ
1410 5438 1577 5505 ὅσιον,
1608 5440 1697 5492 ἵνα
1719 5439 1867 5511 δείξῃ
1882 5506 1893 5512 ε

296 5529 357 5584 τὸ
384 5530 528 5584 ὅσιον
560 5530 742 5602 σῶμα,
771 5531 833 5585 τὸ
863 5528 939 5602 μὴ
967 5528 1210 5602 ἐωρακὸς
1235 5528 1551 5601 διαφθορὰν,
1585 5529 1721 5584 ἀλλά
1748 5531 1873 5583 ἀνα·

299 5622 432 5676 στὰν
481 5620 828 5692 ἀδιάφθορον,
871 5622 934 5676 τὸ
980 5622 1299 5694 τριημερον,
1335 5621 1431 5674 καὶ
1480 5623 1547 5692 τῇ
1591 5619 1871 5693 ἀφθαρσίᾳ

303 5713 680 5786 συνηνωμένον
705 5714 785 5777 είς
813 5713 904 5767 τὸν
932 5714 1123 5768 αῑιῖινα.
1179 5721 1186 5726 “

1966 4986 2090 5033 tura
2125 4977 2549 5034 resurrectionis
2595 4977 2761 5044 ratio,
2790 4993 2953 5049 quam
3001 4980 3150 5037 illius
3182 4979 3308 5035 vitae
3343 4987 3398 5036 et
3440 4980 3544 5036 hu-

1966 5071 2244 5126 manitatis
2286 5069 2553 5126 beneficio
2595 5085 3015 5143 consequemur.
3061 5072 3196 5127 Cum
3244 5080 3425 5129 autem
3468 5075 3542 5129 sit

1966 5165 2061 5220 ille
2106 5165 2359 5235 primitias
2400 5164 2815 5229 dormientium,
2849 5165 3121 5236 integrum
3170 5164 3293 5234 ejus
3334 5180 3539 5237 corpus

1963 5272 2090 5313 cum
2139 5256 2445 5323 divinitate,
2504 5254 2610 5312 boc
2652 5263 2739 5310 est
2779 5253 3046 5326 quidquid
3092 5253 3161 5309 ad
3203 5266 3539 5328 assumptam

1966 5346 2365 5404 humanitatem
2411 5346 2629 5413 attinet,
2675 5344 2997 5408 resurrexit,
3041 5344 3176 5400 nibil
3220 5353 3279 5400 ut
3316 5347 3540 5404 omnino

1966 5453 2034 5495 ex
2066 5452 2130 5495 ea
2164 5438 2412 5493 relictum
2455 5437 2548 5500 sit,
2579 5451 2686 5491 non
2716 5451 2918 5507 corpus
2952 5444 3045 5490 aut
3077 5436 3347 5505 eiusmodi
3377 5437 3538 5509 quid·

1967 5530 2116 5585 dam.
2159 5528 2281 5583 Non
2317 5530 2458 5584 enim
2497 5528 2824 5599 derelinques
2866 5528 3098 5583 animant
3138 5546 3305 5583 meam
3359 5531 3417 5583 in
3453 5530 3538 5583 in·

1969 5621 2140 5689 semo,
2164 5635 2257 5674 nec
2282 5618 2438 5675 dabis
2460 5630 2702 5675 sanctum
2725 5630 2872 5673 tuum
2894 5620 3066 5675 videre
3082 5620 3468 5691 corruptionem
3488 5622 3531 5677 ⁸.

1972 5711 2075 5768 Ubi
2108 5712 2259 5783 quod
2301 5711 2371 5770 de
2415 5713 2600 5768 anima
2638 5714 2694 5768 in
2741 5712 2961 5770 inferno
3000 5712 3224 5780 dicitur,
3266 5728 3376 5769 uon
3411 5728 3534 5771 esso
3568 5699 3577 5706 “

373 5868 392 5905 ¹
415 5865 575 5926 Joan.
605 5885 696 5934 xx,
725 5868 795 5925 26
892 5872 915 5904 ¹
940 5870 1071 5927 ibid.
1106 5871 1194 5925 57.
1272 5870 1291 5901 ³
1320 5870 1449 5927 Luc.
1484 5884 1634 5939 xxtv,
1670 5870 1758 5929 59.
1838 5872 1859 5907 ⁸
1889 5874 1911 5932 1
1941 5874 2068 5933 Cor.
2106 5890 2194 5942 xv,
2228 5872 2316 5929 20.
2393 5875 2414 5907 ¹
2446 5875 2606 5932 Rom.
2635 5892 2710 5942 vi,
2739 5873 2793 5930 9.
2870 5874 2893 5907 ⁸
2914 5873 3060 5932 Psal.
3084 5890 3173 5940 xv,
3205 5871 3292 5930 ιθ.
