3850 6517
293 455 390 516 (281

957 453 1328 513 ADVERSUS
1366 454 1702 511 llAERESEs
1739 454 1871 512 mn.
1908 453 1954 511 l.
1997 451 2164 511 Tou.
2204 450 2294 508 lll.
2319 481 2388 492 -
2426 447 2700 507 HAERES.
2737 448 2852 506 xl..

3447 449 3558 509 682

307 564 651 637 Ἐκκλησίας,
682 565 777 621 καὶ
799 566 860 620 τὸ
894 565 1067 638 ὄνομα
1093 566 1187 620 τοῦ
1222 567 1446 622 &saeuo
1479 566 1573 621 τοῦ
1599 568 1689 620 τὸν
1709 567 1871 637 νόμον
1899 572 1946 629 Α
1974 565 2140 621 lestes
2165 565 2349 631 orbes,
2385 578 2552 635 seque
2579 563 2724 634 apud
2746 577 3188 635 unamquamque
3225 572 3553 635 potestatem

289 659 604 723 δεδοικότος,
636 658 845 713 ἀνιέναι
872 658 996 713 καθ’
1027 658 1257 712 ἕκαστον
1301 658 1550 732 οὐρανὸν,
1604 658 1697 712 καὶ
1728 660 1865 713 ἀπο-

294 752 480 822 λογίαν
519 750 721 805 διδόναι
758 750 962 822 ἑκάστῃ
985 749 1234 822 ἐξουσίᾳ·
1267 750 1363 804 καὶ
1401 749 1574 815 οὕτως
1606 748 1867 821 ὑπερὸαί-

290 861 406 899 νειν
435 843 574 917 πρὸς
623 842 723 915 τὴν
767 842 1045 914 ἀνωτέραν
1087 840 1318 914 Μητέρα
1364 841 1461 896 καὶ
1500 841 1723 914 Πατέρα
1759 840 1869 894 τῶν

290 936 452 1001 δλων,
477 936 604 990 ὅθεν
645 936 710 1007 δὴ
744 934 1011 1005 κατῆλθεν
1050 934 1131 998 είς
1161 933 1313 987 τόνδε
1340 935 1432 988 τὸν
1465 933 1689 1005 κόσμον.
1727 931 1867 1004 Ἤδη

292 1028 352 1082 δὲ
380 1021 555 1093 εἶπον,
582 1026 658 1092 ὡς
682 1025 1137 1098 ἀναθεματίζουσι
1163 1023 1224 1079 τὸ
1260 1025 1562 1097 βάπτισμα.
1593 1024 1676 1092 ὡς
1700 1022 1871 1095 μυῖαι

294 1120 662 1176 θανατοῦσαι
693 1118 1064 1188 σαπριοῦσαι
1103 1118 1448 1173 σκευασίαν
1484 1118 1693 1172 ἐλαίου
1729 1116 1873 1185 ἠδύ-

294 1224 525 1281 cuuto<-
542 1227 557 1242 ·
600 1208 677 1272 ὡς
714 1208 807 1261 ἐπὶ
841 1206 1049 1262 τούτων
1097 1208 1193 1261 καὶ
1225 1208 1334 1262 τῶν
1377 1207 1578 1279 ὁμοίων
1619 1207 1804 1272 αὐτοῖς
1836 1209 1872 1279 ή

297 1300 582 1373 παραδολὴ
612 1300 692 1372 τῷ
712 1299 1115 1373 Ἐκκλησιαστῇ
1146 1300 1383 1372 εἴρηται.
1400 1300 1575 1354 Μυῖαι
1598 1300 1707 1371 γάρ
1733 1302 1874 1354 εἰσιν

296 1391 513 1464 ἀληθῶς
562 1391 920 1457 θανατοῦσαι,
969 1391 1067 1446 καὶ
1108 1390 1336 1447 θάνατον
1386 1391 1741 1463 ἐμποιοῦσαι,
1778 1392 1876 1446 καὶ

301 1484 658 1555 σαπρίζουσαι
685 1483 748 1538 τὸ
780 1483 1082 1556 μυρεψικδν
1104 1483 1282 1538 ἔλαιον
1313 1483 1409 1539 τοῦ
1439 1484 1773 1556 ἡδύσματος,
1806 1482 1876 1537 τά

299 1563 431 1645 ἅγια
463 1578 559 1630 τοῦ
588 1575 724 1631 Θεοῦ
760 1576 1037 1649 μυστήρια
1080 1575 1149 1630 τὰ
1174 1578 1233 1632 ἐν
1258 1574 1338 1648 τῷ
1380 1574 1595 1647 λουτρῷ
1630 1577 1763 1647 ἡμῖν
1794 1575 1875 1639 είς

299 1667 494 1735 άφεσιν
518 1664 803 1738 ἁμαρτιῶν
832 1665 1226 1738 κεχαρισμένα.

369 1758 447 1810 Ρ.
486 1755 798 1827 Θαυμάσειε
833 1756 879 1810 δ’
912 1756 979 1810 ἀν
1013 1772 1097 1820 τις
1120 1755 1297 1829 εὑρὼν
1326 1755 1422 1812 καὶ
1449 1756 1600 1830 παρὰ
1636 1758 1748 1822 τοῖς
1775 1774 1877 1826 φυ-

1968 666 2290 713 excusare:
2341 655 2537 726 sicque
2595 654 2663 709 ad
2719 670 3036 727 supremam
3103 655 3331 711 Matrem
3390 665 3557 729 atque

1973 748 2224 805 omnium
2255 747 2545 818 pervenire
2567 746 2880 814 parentem,
2908 763 2938 804 a
2971 764 3084 821 quo
3117 750 3174 805 in
3218 750 3368 806 bunc
3392 766 3556 805 mun·

1969 840 2102 896 dum
2152 838 2376 909 delapsa
2419 836 2511 894 sit.
2553 836 2803 894 Diximus
2845 839 3182 909 baptismum
3216 840 3426 896 abillis
3468 855 3558 897 re-

1967 931 2089 1003 jici.
2123 928 2269 984 Nam
2295 944 2491 985 muscoe
2521 930 2801 985 morientes
2827 930 3053 1000 perdum
3101 935 3417 989 suavitatem
3454 949 3556 988 un·

1969 1019 2148 1091 quemi
2178 1034 2197 1073 .·
2227 1018 2370 1091 quod
2398 1017 2615 1074 de·istis
2634 1062 2649 1086 ,
2682 1034 2985 1091 eorumque
3016 1020 3290 1079 similibus
3328 1037 3559 1093 prover·

1973 1111 2053 1167 bii
2104 1111 2289 1182 specie
2309 1110 2667 1167 Ecclesiastes
2702 1112 3086 1180 pronuntiat&
3130 1111 3330 1170 Muscae
3351 1115 3556 1185 quippe

1973 1212 2104 1263 sunt
2155 1201 2474 1267 mortiferae,
2525 1217 2648 1274 quae
2672 1203 2955 1259 conditum
2998 1218 3031 1258 a
3076 1204 3410 1275 seplasiariis
3457 1221 3561 1261 un·-

1976 1298 2238 1366 guentum
2289 1290 2567 1365 inliciunt,
2614 1289 2800 1346 divina
2840 1290 3095 1347 videlicet
3127 1294 3406 1364 mysteria,
3438 1309 3562 1365 quae

1976 1383 2046 1438 ad
2086 1388 2443 1454 peccatorum
2485 1381 2946 1440 condonationem
2993 1384 3155 1441 nobis
3187 1385 3243 1440 in
3285 1385 3558 1457 baptismo

1976 1474 2175 1530 collata
2211 1482 2360 1532 sunt.

2048 1753 2137 1812 lll.
2204 1752 2498 1811 Enimvero
2558 1754 2750 1810 mirari
2802 1756 3076 1828 quispiam
3139 1722 3278 1815 illud
3335 1762 3562 1830 poterit,

304 1854 569 1924 σιολόγοις
596 1853 719 1908 τινὰ
744 1853 1012 1924 ὠφελείας
1032 1851 1266 1925 ἔμπλεα,
1296 1852 1653 1917 ἀπεικασθεὶς
1683 1855 1749 1924 τῇ
1780 1852 1878 1923 τῆς
1979 1862 2149 1919 quam
2184 1846 2356 1901 multa
2386 1845 2442 1901 in
2474 1846 2811 1901 naturalium
2835 1862 3021 1904 rerum
3052 1849 3422 1920 scriptoribus
3457 1854 3567 1909 uti·

304 1946 561 2018 μελίττης
609 1945 824 2000 συνέσει
846 1984 863 2011 ,
893 1945 999 2014 ’τῆς
1029 1945 1118 2014 ἐφ’
1149 1944 1365 2001 ἅπαντα
1400 1946 1499 2016 μὲν
1527 1944 1599 1998 τὰ
1645 1944 1879 2014 βλαστή-
1912 1916 1954 1972 Β
1982 1939 2155 1995 litatis
2174 1938 2345 2010 plena
2376 1937 2630 2007 reperiat,
2663 1937 2713 1994 si
2740 1939 2863 2009 apis
2885 1939 3018 1996 velit
3068 1940 3274 1998 imitari
3320 1926 3564 2013 pruden-

304 2054 453 2108 ματα
484 2035 882 2108 ἐφιζανούσης,
942 2035 1016 2090 τὰ
1048 2036 1299 2108 χρήσιμα
1344 2036 1403 2090 δὲ
1450 2037 1618 2107 ἑαυτῇ
1665 2036 1883 2088 ἐπισυν-

301 2128 560 2198 αγούσης.
602 2126 665 2182 '0
709 2126 820 2199 γάρ
856 2126 1078 2191 συνετὸς
1113 2126 1399 2198 ἄνθρωπος
1433 2125 1729 2198 οὐδαμόθεν
1780 2125 1882 2197 ζη-

304 2218 521 2289 μιοῦται
541 2257 557 2284 ,
590 2217 706 2273 ἀλλ’
730 2216 765 2285 ἢ
810 2216 1146 2287 πανταχόθεν
1172 2216 1451 2289 κερδαίνει
1472 2234 1487 2248 ·
1522 2214 1783 2279 ἀσύνετος
1824 2214 1883 2267 δὲ

302 2308 708 2381 ζημιωθήσεται
727 2350 744 2377 ,
770 2309 848 2373 ὡς
879 2310 977 2363 καὶ
1010 2311 1040 2363 ὀ
1061 2307 1217 2377 άγιος
1249 2308 1535 2381 προφήτης
1563 2306 1750 2377 λέγει·
1787 2305 1885 2372 Τίς

303 2400 582 2465 συνετὸς,
610 2400 713 2454 καί
735 2398 996 2469 cvr-riost
1014 2399 1199 2453 ταῦτα
1213 2414 1234 2464 ,·
1253 2399 1355 2454 καί
1385 2402 1421 2455 ό
1445 2398 1632 2469 λόγος
1658 2397 1884 2466 Κυρίου

308 2485 444 2540 ἐστὶ
466 2527 484 2553 ,
516 2487 617 2541 καὶ
651 2486 940 2557 γνώσεται
988 2486 1140 2541 αὐτὰ
1161 2526 1178 2550 ,
1230 2488 1325 2542 ὅτι
1378 2486 1603 2544 εὐθεῖαι
1652 2488 1712 2541 αἱ
1758 2484 1887 2541 ὁδοὶ

310 2577 535 2645 Κυρίου
556 2595 571 2608 ·
622 2577 860 2645 ἁσεόεῒς
895 2576 965 2631 δὲ
1015 2577 1473 2645 ἀσθενήσουσιν
1506 2578 1592 2644 ,ὲν
1639 2574 1850 2642 αὐταῖς
1865 2589 1888 2639 ,·

310 2669 558 2741 Εὖρομεν
606 2668 717 2741 γάρ
749 2668 846 2723 καὶ
883 2666 1035 2741 παρὰ
1083 2670 1198 2734 τοῖς
1234 2669 1589 2741 καλουμένοις
1638 2666 1890 2738 φυσιολό·

306 2779 462 2833 γοις,
514 2760 714 2833 μᾶλλον
762 2759 822 2814 δέ
870 2760 1031 2831 ἡμεῖς
1059 2760 1217 2815 αὐτοὶ
1261 2759 1518 2832 δρῶμεν,
1563 2759 1641 2825 ὡς
1682 2759 1890 2814 τὸ-τῶν

309 2854 600 2928 κανθάρων
631 2853 789 2922 γένος
820 2851 936 2924 (56)
960 2850 1022 2906 τὸ
1047 2852 1203 2925 παρά
1226 2870 1337 2906 τισι
1376 2850 1608 2924 βυλάρον
1631 2850 1895 2923 καλούμε-

310 2962 402 2999 νον
422 2984 438 3009 ,
479 2944 768 3018 συνήθειαν
811 2943 926 3016 ἔχει
959 2945 1019 2999 ἐν
1047 2948 1115 3017 τῇ
1144 2943 1380 3016 δυσωδίᾳ
1407 2943 1506 2999 καὶ
1538 2944 1729 3018 κόπρῳ
1756 2945 1891 2999 ἀνα-

310 3037 597 3094 κυλίεσθαι
620 3079 637 3106 ,
670 3037 767 3094 καὶ
796 3035 936 3108 αὕτη
967 3037 1151 3101 αὐτοῖς
1180 3037 1351 3109 τροφή
1379 3052 1442 3089 τε
1479 3035 1578 3090 καὶ
1620 3035 1854 3110 ἐργασία
1877 3052 1891 3066 ·

308 3130 495 3197 ἄλλοις
542 3129 603 3185 δέ
644 3128 745 3203 τὴν
784 3128 958 3201 αὐτὴν
988 3128 1178 3182 τούτου
1213 3126 1524 3199 βορδορώδη
1549 3125 1778 3199 τροφήν,
1814 3128 1894 3190 είς

1980 2030 2136 2086 tiam.
2169 2042 2295 2097 quae
2339 2026 2584 2108 flosculis
2630 2027 2890 2085 omnibus
2923 2027 3168 2087 insidens
3200 2031 3569 2106 undecunque

1983 2120 2087 2175 sibi
2119 2118 2273 2174 utilia
2309 2118 2535 2188 colligit.
2565 2116 2782 2174 Etenim
2811 2118 2897 2175 vir
2927 2120 3169 2192 prudens
3184 2136 3250 2177 ac
3279 2124 3569 2195 perspicax

1984 2210 2135 2267 nulla
2163 2225 2233 2266 ex
2261 2225 2323 2267 re
2349 2209 2743 2266 detrimentum
2775 2211 2945 2283 capit,
2979 2211 3077 2269 sed
3123 2227 3191 2268 ex
3233 2216 3385 2271 omni
3414 2230 3569 2272 occa·
3685 2228 3696 2238 ·

1983 2302 2139 2361 sione
2182 2301 2431 2357 lucratur
2455 2319 2472 2368 ;
2541 2301 2864 2373 imprudens
2929 2310 3125 2359 contra
3158 2304 3568 2362 incommodum

1985 2409 2051 2449 ac
2077 2394 2342 2450 damnum
2367 2392 2623 2464 percipit,
2654 2396 2735 2447 uti
2751 2401 2976 2451 sanans
2999 2396 3265 2467 propbeta
3290 2405 3568 2455 testatur:

1986 2486 2122 2554 Quis
2142 2486 2375 2555 sapiens,
2414 2495 2467 2540 et
2488 2485 2741 2557 iutelliqet
2764 2485 2876 2542 hoec
2889 2486 2918 2541 ,⁹
2935 2496 2986 2542 et
3004 2489 3215 2543 verbum
3237 2488 3456 2544 Domini
3469 2499 3568 2554 est,

1988 2583 2036 2630 el
2062 2584 2334 2645 cognoscet
2355 2575 2460 2629 ista
2482 2577 2509 2631 2
2539 2577 2792 2648 quoniam
2831 2586 2988 2633 ναίω
3029 2579 3127 2633 οἱα
3150 2578 3365 2634 Domini
3385 2596 3404 2635 .·
3425 2581 3574 2651 impii

1989 2676 2167 2722 autem
2187 2664 2601 2739 infirmabuntur
2629 2669 2684 2723 in
2703 2670 2780 2723 eis
2795 2667 2858 2723 ’ἲ
2885 2667 3048 2739 Apud
3071 2670 3195 2728 illos
3224 2672 3410 2743 igitur,
3433 2690 3574 2745 quos

1989 2759 2128 2829 dixi,
2161 2760 2513 2821 naturalium,
2554 2774 2743 2816 rerum
2791 2761 3094 2832 scriptores
3129 2763 3464 2830 invenimus,
3489 2765 3575 2821 vel

1993 2853 2212 2925 ipsimet
2239 2851 2426 2922 potius
2451 2850 2760 2918 cernimus;
2783 2850 3188 2908 scarabaeorum
3214 2867 3409 2925 genus,
3426 2855 3576 2925 quod

1994 2959 2027 2999 a
2059 2941 2394 3014 quibusdam
2443 2941 2695 3014 bylarum
2741 2950 2996 3012 vocatur,
3029 2944 3087 2999 in
3118 2943 3293 3002 fetore
3335 2960 3403 3001 ac
3434 2955 3579 3002 ster-

1992 3050 2123 3092 core
2146 3033 2382 3091 volutari
2412 3034 2615 3100 solere,
2641 3034 2957 3105 unicunque
2979 3034 3093 3091 illis
3113 3035 3250 3108 ipsis
3268 3046 3326 3095 et
3346 3039 3578 3094 alimen·-

1994 3134 2110 3182 tum
2141 3134 2197 3183 et
2224 3140 2363 3196 opus
2388 3142 2534 3191 esse,
2564 3141 2693 3182 cum
2728 3128 2853 3185 aliis
2881 3127 3042 3187 dirus
3082 3144 3150 3185 ac
3182 3128 3441 3187 sordidus
3488 3130 3581 3188 ille

310 3221 415 3295 μέν
461 3220 761 3292 ἐπάχθειαν
810 3219 907 3274 καὶ
957 3218 1270 3290 δυσοδμίαν.
1309 3217 1422 3273 Καὶ
1473 3218 1758 3289 μελίσσαις
1795 3218 1893 3288 μὲν
1921 3247 1966 3303 c
1996 3218 2157 3275 cibus
2181 3218 2488 3277 molestiam
2525 3233 2593 3275 ac
2626 3236 2887 3277 nauseam
2920 3222 3120 3293 pariat.
3152 3221 3290 3278 Nam
3322 3222 3416 3294 qui
3449 3237 3582 3296 apes

309 3313 454 3386 αῦτη
484 3315 520 3385 ή
566 3312 773 3386 κόπρος
821 3313 915 3367 καὶ
961 3310 1195 3367 δυσωδία
1231 3309 1494 3377 θάνατος,
1534 3309 1791 3382 βυλάροις
1837 3308 1898 3363 δέ

312 3408 461 3459 ἐστιν
491 3404 722 3476 ἐργασία
769 3404 866 3458 καὶ
895 3401 1068 3476 τροφὴ
1119 3402 1217 3458 καὶ
1248 3403 1626 3475 πραγματεία.
1663 3403 1801 3467 Ταῖς
1838 3402 1898 3456 δὲ

318 3493 936 3569 μελίσσαίς,τοὺναντίον
960 3498 996 3568 ἡ
1023 3494 1249 3568 εὐοδμία
1279 3496 1375 3549 καὶ
1395 3494 1467 3548 τά
1496 3482 1633 3565 ἄνθη
1651 3534 1670 3562 ,
1709 3493 1807 3548 καὶ
1829 3491 1899 3545 τά

313 3587 467 3662 μύρα
516 3587 600 3654 είς
621 3575 941 3660 ἀναψυχήν,
976 3585 1153 3641 κτίσιν
1179 3602 1240 3638 τε
1290 3583 1386 3637 καὶ
1424 3582 1662 3655 ἐδωδὴν,
1696 3586 1777 3647 εἰς
1806 3582 1898 3653 ἐρ-

308 3677 510 3750 γασίαν
540 3696 601 3733 τε
628 3678 725 3734 καὶ
761 3677 1185 3752 πραγματείαν·
1225 3676 1339 3737 τοῖς
1367 3674 1427 3727 δὲ
1455 3671 1751 3744 κανθάροις
1784 3673 1899 3736 τοῖς

310 3770 732 3842 προειρημένοις
757 3808 773 3833 ,
801 3770 899 3822 εἴτ’
927 3765 1023 3821 οῦν
1051 3767 1310 3838 βυλάροις
1327 3806 1342 3829 ,
1376 3764 1596 3817 ἐναντία
1620 3762 1692 3815 τά
1716 3762 1901 3816 τοιαῦ-

311 3879 404 3916 τα.
442 3862 504 3914 Ὅ
537 3860 647 3929 γὰρ
679 3858 1002 3927 βουλόμενος
1029 3855 1255 3919 τούτους
1285 3852 1597 3924 δοκιμάσαι,
1632 3850 1710 3917 ὥς
1735 3870 1900 3923 φασιν

315 3954 368 4007 οἱ
394 3950 701 4020 φυσιολόγοι
723 3989 738 4013 ,
773 3946 880 4001 ἀπὸ
913 3947 1089 4019 μύρου
1107 3986 1125 4013 ,
1167 3946 1311 4017 φημὶ
1334 3944 1392 3999 δέ
1418 3943 1799 4016 ὀποὸαλσάμου
1819 3984 1836 4011 ,
1862 3946 1898 4018 ἢ

320 4041 516 4113 νάρδου
539 4038 743 4100 λαδὼν.
772 4036 866 4093 καὶ
895 4036 1268 4109 προσενέγκας
1294 4037 1407 4101 τοῖς
1445 4035 1739 4108 κανθάροις
1759 4076 1776 4103 ,
1804 4034 1901 4091 θά-

324 4148 483 4186 νατον
510 4130 693 4193 αὐτοῖς
716 4130 953 4200 ἐμποιεῖ.
991 4126 1170 4193 Εὐθὺς
1198 4128 1307 4200 γὰρ
1344 4126 1657 4194 τελευτῶσι,
1698 4127 1776 4200 μή
1806 4126 1901 4199 φέ-

325 4238 512 4296 ροντες
537 4220 638 4293 τὴν
661 4219 907 4274 εὐωδίαν.
944 4218 1102 4274 Οὕτω
1131 4219 1227 4274 καὶ
1260 4211 1426 4286 οὗτοι,
1459 4218 1560 4291 τῆς
1600 4218 1701 4290 μὲν
1731 4219 1901 4288 γαλή-

319 4332 420 4386 νης
454 4316 496 4382 ¹,
527 4312 624 4367 καὶ
650 4310 906 4385 πορνείας
929 4350 945 4375 ,
971 4311 1068 4366 καὶ
1095 4310 1294 4377 κακίας
1333 4311 1652 4385 ὀρεγόμενοι
1675 4351 1692 4378 ,
1723 4314 1802 4375 είς
1830 4310 1902 4365 τά

317 4404 535 4478 πονηρὰ
565 4404 746 4475 ἔχουσι
772 4402 869 4476 τὴν
913 4402 1122 4459 ἑαυτῶν
1146 4403 1337 4459 ἐλπίδα
1354 4421 1369 4435 ·
1406 4404 1807 4476 πλησιάσαντες
1841 4402 1901 4459 δέ

316 4494 395 4567 τῷ
423 4493 565 4566 ἀγίῳ
588 4492 798 4565 λουτρῷ
817 4494 913 4547 καὶ
930 4495 999 4565 τῇ
1028 4492 1276 4566 εὐοδμίᾳ,
1308 4493 1746 4565 ἀποθνήσκουσιν
1766 4532 1783 4557 ,
1818 4493 1900 4555 είς

2000 3309 2163 3367 fimus
2196 3324 2263 3366 ac
2313 3310 2458 3366 l'etor
2493 3310 2776 3375 interficit,
2829 3313 3124 3369 scarabaeis
3161 3314 3481 3400 alimentum
3513 3328 3580 3370 ae

1998 3402 2284 3459 materiam
2329 3402 2537 3475 praebet
2585 3402 2793 3475 operis,
2824 3413 2885 3459 ut
2913 3404 3025 3462 illis
3055 3402 3218 3462 flores
3252 3414 3310 3461 et
3345 3408 3579 3462 odorum

2000 3494 2325 3566 fragrantia,
2375 3505 2543 3568 atque
2594 3501 3000 3567 unguentorum
3058 3499 3347 3554 suavitas:
3381 3497 3583 3569 quibus

2001 3586 2259 3642 omuibus
2279 3586 2347 3642 ad
2373 3587 2821 3654 oblectationem,
2847 3595 2904 3644 et
2924 3587 3281 3652 mellilicium,
3312 3603 3379 3645 ac
3396 3588 3580 3644 cibum

2001 3685 2059 3734 et
2105 3678 2288 3749 operis
2332 3678 2785 3751 exercitationem
2838 3686 3088 3733 utuntur.
3121 3678 3428 3734 Scarabaeis
3452 3693 3584 3734 vero

2000 3770 2162 3840 longe
2204 3768 2320 3823 liaec
2365 3767 2647 3824 contraria
2681 3774 2831 3823 sunt.
2864 3768 3030 3841 204
3053 3769 3160 3836 Qui
3188 3770 3336 3824 enin
3364 3772 3584 3842 pericu-

2000 3858 2115 3914 lum
2175 3856 2357 3915 lacere
2396 3857 2652 3923 voluerit,
2684 3864 2745 3911 ut
2787 3857 3093 3930 physiologi
3123 3858 3369 3926 tradunt,
3402 3861 3451 3917 si
3479 3876 3585 3915 un·

2001 3957 2284 4020 guentum,
2321 3958 2454 4021 puta
2500 3950 2938 4020 opobalsamum,
2969 3956 3066 4005 aut
3107 3951 3341 4007 nardum
3390 3947 3597 4007 scara-⁴

2000 4039 2135 4095 baeis
2188 4039 2517 4103 admoveat,
2588 4041 2755 4098 letum
2810 4043 2921 4098 illis
2967 4036 3144 4098 affert.
3189 4040 3388 4098 Statim
3436 4044 3582 4100 enim

2001 4130 2275 4186 suavitate
2304 4131 2493 4188 odoris
2518 4139 2840 4189 enecantur.
2860 4131 2953 4188 Sic
2980 4133 3225 4190 baeretici
3246 4134 3324 4188 illi
3357 4142 3583 4207 stupro-

2002 4233 2124 4275 rum
2157 4235 2223 4277 ac
2248 4219 2559 4288 libidinum,
2604 4227 2662 4279 et
2707 4221 2965 4293 nequitiae
3011 4222 3194 4280 omnis
3240 4232 3582 4295 appetentes,

2002 4312 2256 4381 pessimis
2281 4311 2338 4368 in
2361 4313 2528 4370 rebus
2552 4329 2704 4386 spem
2735 4330 2890 4371 suam
2908 4315 3219 4381 collocant;
3248 4330 3374 4372 mox
3399 4325 3582 4374 autem

2004 4407 2064 4453 ut
2097 4399 2167 4455 ad
2195 4414 2416 4456 sacrum
2460 4402 2794 4474 baptismum
2823 4409 2879 4457 et
2909 4401 3262 4477 fragrantiam
3303 4406 3452 4461 illam
3486 4421 3579 4462 ac-

2003 4490 2293 4555 cesserint,
2327 4492 2660 4560 moriuntur,
2694 4494 3140 4565 blasphemantes
3172 4496 3364 4567 Deum,
3396 4514 3461 4555 ac
3492 4502 3586 4557 do·

317 4587 411 4641 τὸν
440 4585 574 4641 Θεὸν
607 4583 1052 4657 βλασφημοῦντες
1071 4624 1088 4649 ,
1139 4585 1232 4639 καὶ
1264 4584 1362 4657 τήν
1392 4584 1572 4640 αὐτῶν
1601 4585 1902 4657 κυριότητα
1937 4580 1978 4636 b
2004 4576 2362 4634 minationem
2392 4577 2518 4649 ejus
2547 4590 2892 4652 spernentes.

319 4677 661 4741 ἀθετοῦντες.

393 4772 469 4825 Δ’.
524 4770 621 4824 Ἐκ
653 4769 785 4843 μιᾶς
828 4768 887 4823 δέ
911 4769 947 4841 ἢ
972 4768 1065 4823 δύο
1098 4766 1412 4840 μαρτυριῶν
1439 4767 1639 4833 αὐτοὺς
1666 4768 1899 4842 ἀνατρέ-

318 4862 516 4934 ψομεν.
564 4860 630 4915 Et
673 4858 783 4932 γάρ
820 4860 916 4915 καὶ
959 4859 1128 4933 ἀρχαὶ
1158 4860 1253 4915 καὶ
1279 4859 1517 4928 ἐξουσίαι
1542 4860 1895 4933 καλούμεναι,

318 4955 425 5008 οὐκ
450 4951 607 5016 ἐκτὸς
637 4950 772 5005 Θεοῦ
807 4946 967 5007 αὗται
995 4951 1250 5023 γεγόνασι
1274 4993 1291 5020 ,
1323 4953 1558 5025 μάλιστα
1592 4955 1649 5009 ἐν
1673 4956 1787 5018 τοϊς
1810 4955 1902 5008 οὐ·

323 5044 531 5115 ρανοῖς.
571 5037 694 5095 Οἵδε
717 5040 827 5115 γάρ
854 5044 890 5114 ή
911 5043 1101 5117 Γραφὴ
1136 5043 1316 5113 λέγειν
1353 5043 1617 5113 ἀγγέλους
1649 5045 1746 5099 καὶ
1768 5045 1903 5125 ἀρχ-

323 5135 593 5205 αγγέλους
614 5176 631 5201 ,
674 5134 776 5189 οὐκ
823 5135 905 5200 είς
940 5135 1291 5208 ἐναντιότητα
1322 5135 1691 5207 τεταγμένους
1714 5178 1729 5203 ,
1766 5135 1903 5191 ἀλλά

321 5224 672 5301 λειτουργικὰ
709 5226 998 5298 πνεύματα
1037 5229 1118 5292 είς
1153 5225 1428 5280 διακονίαν
1460 5225 1903 5298 ἀποστελλόμενα

320 5319 413 5373 διὰ
440 5320 566 5382 τούς
600 5317 890 5387 μέλλοντας
922 5318 1275 5390 κληρονομεῖν
1296 5317 1593 5389 σωτηρίαν.
1634 5318 1748 5372 Καὶ
1789 5317 1902 5389 γάρ

324 5410 419 5464 ἐπὶ
445 5410 546 5481 τῆς
575 5409 679 5479 γῆς
729 5409 853 5462 καθ’
883 5409 1120 5481 ἑκάστην
1162 5408 1440 5479 βασιλείαν
1482 5408 1677 5463 πολλαὶ
1708 5410 1898 5482 ἀρχαὶ,

2075 4763 2166 4821 tv.
2205 4762 2358 4833 Quos
2381 4764 2602 4837 quidem
2624 4782 2733 4823 uno
2762 4769 2847 4825 vel
2874 4769 3049 4827 altero
3080 4769 3397 4826 testimonio
3418 4771 3585 4844 Jugu-

2003 4855 2264 4914 labimus.
2295 4856 2432 4914 Nam
2458 4859 2506 4916 si
2537 4874 2679 4931 quos
2698 4861 3043 4935 principatus
3065 4877 3132 4920 ac
3156 4870 3454 4934 potestates
3480 4865 3581 4922 ‘vo-

2006 4964 2221 5018 camus,
2257 4950 2382 5009 sine
2433 4950 2547 5009 Deo
2580 4952 2806 5011 minime
2831 4957 3270 5024 constituuntur,
3303 4955 3359 5013 id
3382 4957 3438 5013 in
3472 4972 3585 5014 ct»-

2005 5044 2075 5100 lis
2099 5045 2236 5117 ipsis
2263 5046 2447 5102 locum
2471 5047 2676 5105 babere
2704 5050 2944 5108 maxime
2964 5051 3146 5110 debet.
3181 5050 3416 5122 Angelos
3436 5050 3583 5107 enim

2007 5144 2060 5193 et
2093 5137 2456 5210 archangelos
2502 5138 2790 5211 Scriptura
2830 5135 3241 5209 commemorat,
3273 5157 3384 5198 non
3434 5142 3584 5213 ejus·

2005 5229 2154 5285 modi
2200 5238 2262 5284 ut
2307 5233 2570 5310 contrarii
2607 5232 2718 5290 Deo
2752 5235 2865 5292 sint
2897 5254 2913 5290 =
2948 5233 3045 5291 sed
3079 5233 3584 5293 administratorios

2001 5319 2233 5392 spiritus
2259 5322 2328 5378 ad
2358 5322 2722 5381 ministerium
2753 5326 2973 5394 missos,
3005 5329 3453 5401 proptereosqui
3483 5329 3584 5385 bae-

2001 5412 2288 5471 reditatem
2323 5416 2552 5488 capiunt
2592 5418 2791 5485 salutis
2816 5428 2860 5476 ⁸.
2897 5419 3201 5492 Siquidem
3239 5433 3295 5480 et
3331 5423 3409 5514 in·
3435 5431 3583 5481 terra

402 5566 419 5596 ¹
445 5562 710 5635 Suspecta
732 5564 866 5620 mihi
887 5580 991 5621 vox
1010 5573 1094 5622 est
1120 5565 1384 5637 γαλήνης.
1460 5568 1482 5598 ⁸
1515 5564 1699 5625 Eccle.
1734 5583 1792 5634 x,
1823 5568 1877 5624 ί.
1961 5566 2138 5627 ⁸·Ose.
2163 5586 2277 5638 xlv,
2299 5570 2390 5630 10.
2466 5571 2489 5602 ⁸
2513 5571 2679 5631 Bebr.
2715 5590 2756 5641 t,
2790 5575 2878 5633 ss.

396 5719 509 5790 (56)
558 5720 658 5785 Ὠς
672 5720 738 5773 τὸ
769 5718 889 5773 τῶν
917 5718 1233 5789 κανθάρων
1263 5720 1457 5795 γένος.
1510 5722 1627 5780 Non
1649 5720 1904 5793 displicet
1923 5723 2177 5783 Cornarii
2209 5724 2392 5794 lectio,
2425 5687 2525 5799 qui
2575 5727 2938 5789 Pleilularium
2982 5735 3129 5810 legit.
3160 5736 3292 5794 Nam
3343 5737 3585 5810 Βύλαρον

325 5788 458 5848 illud
482 5808 589 5849 non
616 5791 861 5857 expedio.

646 5881 913 5945 Pam-not..
952 5880 1069 5945 Gn.
1104 5881 1271 5947 XL!-

3175 5897 3255 5955 22
