3850 6517
396 532 460 590 5!
539 597 542 600 .
1683 527 1739 581 S.
1782 523 2119 580 El‘li‘llANll
2163 524 2337 578 vtTA.
3542 524 3617 579 52

316 721 329 733 ·
390 648 552 705 cebat
594 645 739 700 enim
768 643 1058 716 Dionysius
1086 643 1531 719 Halicarnasseus
1569 658 1580 694 :
1615 641 1671 695 Si
1709 656 1953 711 pet-sonae
1985 646 2025 701 Α
2056 639 2366 709 προσώποις
2396 640 2640 710 ἀλλήλοις
2677 640 3076 715 θεωρούμεναῆ
3125 640 3486 698 >zazius-:ecem
3523 641 3618 696 δῦ-

394 753 517 793 cum
566 737 816 807 personis
850 736 1058 791 collatae
1083 734 1514 796 considerentur,
1567 741 1799 802 possunt
1830 732 1954 802 pul-

394 826 639 882 chriores
664 842 946 897 apparere.
970 826 1102 879 Boni
1138 840 1260 880 cum
1293 824 1452 878 malis
1482 821 1719 886 confusi,
1754 823 1808 875 in
1844 835 1954 876 uno

394 918 540 989 ligno
568 918 944 974 extendentur.
971 914 1161 970 Nullus
1200 914 1342 969 enim
1390 912 1551 968 homo
1577 928 1740 967 unam
1775 911 1955 966 terens

394 1011 655 1074 tunicam,
709 1011 784 1065 ita
828 1007 1066 1063 custodit
1113 1023 1349 1077 corpus,
1400 1016 1459 1061 ut
1502 1021 1609 1060 non
1666 1005 1950 1060 laceretur.

391 1099 633 1156 Plurima
671 1115 903 1169 namque
931 1100 1244 1171 congressio
1290 1099 1556 1169 plurimos
1599 1098 1802 1168 praebet
1837 1112 1955 1152 ser·

391 1207 602 1247 mones.
636 1190 736 1246 Ubi
767 1200 945 1247 autem
989 1200 1119 1263 sunt
1151 1191 1369 1261 plurimi
1397 1205 1694 1256 sermones,
1725 1200 1810 1246 est
1841 1205 1956 1244 ma-

392 1297 496 1354 gna
523 1283 860 1339 diversarum
890 1298 1072 1339 rerum
1104 1282 1456 1353 experientia.
1494 1281 1619 1338 llaec
1643 1296 1768 1338 cum
1793 1281 1956 1336 dixis·

395 1381 479 1430 set
500 1372 877 1443 philosophus,
911 1383 966 1430 et
990 1374 1146 1443 plura
1176 1374 1305 1440 alia,
1336 1374 1524 1430 tacuit.

467 1461 655 1516 XXlll.
698 1462 986 1533 Excipiens
1014 1473 1194 1519 autem
1226 1463 1582 1534 Epiphanius,
1611 1464 1845 1533 primum
1885 1462 1952 1516 li-

397 1552 551 1607 brum
579 1551 646 1607 de
681 1553 868 1608 mundi
904 1554 1176 1609 creatione
1217 1554 1601 1623 interpretatus
1628 1561 1711 1608 est
1739 1552 1808 1607 ad
1830 1567 1954 1607 ver·

394 1641 521 1697 bum
550 1642 891 1714 philosopho.
926 1645 1019 1701 llle
1045 1659 1174 1700 vero
1220 1645 1344 1700 aliis
1370 1644 1588 1715 quidem
1626 1643 1957 1700 assentieba-

394 1740 501 1799 tur,
541 1744 730 1790 contra
777 1736 880 1791 alia
911 1745 1090 1791 autem
1124 1736 1360 1793 dicebat.
1407 1737 1724 1792 Manserunt
1772 1736 1957 1806 itaque

396 1831 507 1879 tres
541 1824 656 1880 dies
692 1823 832 1880 inter
864 1841 926 1882 se
967 1827 1316 1886 disserentes.
1362 1821 1495 1895 Qu'ae
1545 1828 1614 1882 ab
1661 1827 1794 1897 ipsis
1825 1841 1956 1882 vero

358 1966 362 1970 Α
391 1912 730 1981 dicebantur,
763 1932 1103 1987 nequaquam
1132 1919 1271 1974 inter
1301 1935 1361 1975 se
1383 1919 1794 1975 conveniebant.
1819 1916 1954 1972 Cum

395 2003 618 2061 vidisset
650 2015 828 2062 autem
863 2006 1239 2077 philosophus,
1269 2009 1541 2078 quomodo
1567 2009 1734 2062 vitam
1765 2006 1961 2075 agebat
1988 1992 2031 2047 Β

395 2092 728 2164 Epiphanius
751 2136 767 2162 ,
798 2110 921 2150 eum
951 2096 1104 2150 valde
1131 2096 1352 2162 dilexit,
1383 2107 1438 2152 et
1468 2104 1665 2166 quarto
1698 2095 1784 2148 die
1821 2094 1960 2149 dixit

394 2183 444 2236 ei
482 2199 496 2236 ι
546 2181 822 2254 Bagister,
874 2184 1098 2253 pulchra
1141 2193 1225 2241 est
1271 2185 1435 2254 hujus
1483 2184 1588 2239 loci
1641 2182 1902 2238 habitatio
1939 2197 1954 2232 ε

396 2273 553 2340 Volo,
605 2277 653 2332 si
696 2277 893 2347 jubes,
933 2278 1021 2333 hic
1054 2279 1316 2334 habitare.
1362 2278 1412 2333 ls
1462 2292 1590 2333 vero
1625 2276 1761 2332 dixit
1800 2276 1901 2345 ipsi
1942 2295 1954 2330 :

397 2366 513 2421 Hoc
556 2367 720 2422 situm
774 2375 856 2422 est
901 2367 957 2421 in
1016 2367 1187 2423 libero
1231 2367 1660 2438 uniuscujusque
1709 2367 1954 2422 arbitrio.

396 2441 758 2525 Philosophus
802 2462 980 2509 autem
1012 2472 1026 2507 ι
1070 2454 1210 2521 Quin
1249 2455 1410 2510 etiam
1446 2455 1614 2510 libros
1648 2469 1820 2519 meoS,
1869 2455 1954 2509 in·

396 2547 536 2616 quit,
571 2548 681 2602 buc
729 2545 866 2602 l'ero.
916 2545 1056 2602 Dicit
1093 2546 1424 2617 Epiphanius
1454 2563 1469 2600 ι
1502 2545 1559 2602 Si
1586 2548 1715 2618 quid
1746 2548 1840 2603 tibi
1869 2564 1962 2604 ve-

398 2637 512 2692 niat
561 2637 616 2691 in
683 2649 915 2692 mentem
942 2679 958 2703 ,
1013 2633 1228 2707 aequ'um
1274 2645 1329 2694 et
1367 2639 1690 2695 benevolum
1734 2640 1960 2695 habebis

397 2726 780 2798 Epiphaniam.
834 2726 981 2784 Dixit
1029 2736 1207 2784 autem
1264 2728 1618 2799 philosophus
1664 2748 1677 2784 ι
1726 2728 1961 2784 Omnino

399 2819 498 2876 ibit
537 2818 793 2893 Callistus
840 2820 907 2875 ad
952 2836 1103 2877 meos
1154 2821 1345 2877 libros.
1390 2820 1534 2876 Dixit
1579 2820 1959 2892 Epiphanius:

400 2912 536 2979 Age,
555 2912 687 2966 vade
730 2926 897 2967 sanus
943 2928 1064 2968 cum
1103 2911 1344 2968 Callisto.
1395 2910 1535 2967 Dicit
1567 2921 1746 2967 autem
1787 2913 1965 2982 philo·

400 3001 607 3070 sophus
644 3019 656 3055 ι
691 3000 797 3056 Res
824 3016 1014 3057 omnes
1059 3017 1208 3060 meas
1240 3003 1540 3074 relinquam
1570 3003 1816 3070 Callisto,
1863 3019 1963 3060 nec

401 3107 466 3146 ex
507 3093 610 3148 hoc
653 3093 773 3149 loco
809 3092 989 3148 exibo.
1039 3092 1169 3148 Erat
1212 3108 1342 3150 vero
1385 3095 1473 3150 hic
1522 3095 1779 3151 Callistus
1823 3095 1964 3154 Aetii

405 3184 582 3255 magui
616 3182 804 3240 Romae
831 3182 1068 3253 prael‘ecti
1100 3182 1265 3239 filius.
1303 3183 1354 3240 Is
1378 3200 1502 3240 cum
1527 3187 1825 3256 malignum
1863 3188 1963 3242 ha·

2057 747 2263 791 νανται,
2289 730 2322 799 ἢ
2350 733 2508 784 κακοὶ
2541 732 2722 796 καλοῖς
2754 735 3126 806 συμφυρέντες
3154 737 3211 788 ὲν
3243 736 3328 787 ἐνὶ·
3357 732 3494 803 ξύλῳ
3525 749 3618 785 τα-

2055 820 2429 890 νυσθήσονται.
2458 822 2642 886 Οὐδεὶς
2683 823 2791 893 γὰρ
2826 824 3125 896 ἀνθρώπων
3158 826 3254 879 ἓνα
3287 823 3486 894 χιτῶνα
3519 839 3615 890 φο-

2059 910 2187 983 ρῶν,
2223 913 2513 978 ἀνάξαντον
2544 914 2605 966 τὸ
2648 915 2808 986 σῶμα
2853 916 3183 985 διαφυλάξει.
3224 917 3287 970 Ἡ
3322 914 3429 985 γὰρ
3474 913 3621 966 πλεί-

2058 1021 2156 1075 στη
2199 1005 2451 1073 συντυχία
2500 1005 2781 1070 πλείστους
2825 1007 3014 1076 λόγους
3057 1006 3305 1076 παρέχει.
3355 1007 3527 1059 Ὅπου
3565 1003 3621 1056 δὲ

2058 1093 2295 1147 πλεῖστοι
2348 1095 2515 1164 λόγοι,
2560 1097 2887 1169 πολυπειρία
2940 1099 3278 1170 πραγμάτων
3329 1095 3619 1165 διαφόρων.

2057 1184 2240 1240 Ταῦτα
2282 1187 2337 1240 δὲ
2376 1187 2540 1240 εἰπὼν
2586 1192 2615 1243 ό
2646 1189 2929 1258 φιλόσοφος
2975 1190 3109 1259 πρὸς
3163 1188 3494 1256 Ἐπιφάνιον,
3529 1187 3625 1240 καὶ

2058 1275 2278 1332 πλείονα
2304 1278 2506 1331 τούτων
2526 1319 2541 1342 ,
2572 1278 2955 1351 ἀπεσιώπησεν
2991 1280 3187 1351 μηκέτι
3232 1278 3626 1348 φθεγγόμενος.

2126 1476 2253 1530 ΚΓ.
2307 1476 2621 1531 ’Υπολαὸὼν
2663 1479 2722 1530 δὲ
2766 1477 3078 1547 Ἐπιφάνιος
3118 1477 3225 1530 ἀπὸ
3269 1476 3367 1546 τῆς
3402 1474 3626 1546 πρώτης

2060 1565 2242 1636 βίὸλου
2269 1566 2367 1636 τῆς
2414 1568 2767 1638 κοσμοποιῖας
2796 1568 3181 1639 διερμήνευσεν
3210 1570 3349 1620 κατὰ
3382 1565 3509 1627 ἔπος
3542 1564 3628 1634 τῷ

2059 1658 2347 1729 φιλοσόφῳ.
2391 1659 2448 1711 ⁰0
2481 1659 2578 1729 μὲν
2620 1654 2711 1712 οὖν
2742 1659 3030 1730 φιλόσοφος
3078 1660 3193 1722 τοῖς
3224 1657 3322 1728 μὲν
3357 1658 3627 1728 μετεῖχεν,

2056 1752 2170 1813 τοῖς
2209 1749 2266 1802 δὲ
2321 1748 2628 1819 ἀντέλεγεν.
2653 1750 2948 1820 Ἐποίησαν
2994 1749 3049 1803 δὲ
3085 1751 3232 1821 τρεῖς
3269 1749 3476 1818 ἡμέρας
3506 1745 3626 1797 δια-

2057 1839 2336 1911 λεγόμενοι
2364 1842 2502 1913 πρὸς
2532 1841 2776 1905 ἐαυτούς.
2806 1841 3136 1912 Ἀσύμφωνα
3168 1840 3223 1894 δὲ
3251 1836 3318 1910 ἦν
3344 1840 3525 1900 αὐτοῖς
3558 1835 3631 1889 τὰ

2059 1929 2360 2002 λαλούμενα
2393 1933 2483 1984 ὑπ’
2518 1933 2716 1986 αὐτῶν.
2744 1932 2889 1986 Ἰδὼν
2921 1932 2979 1984 δὲ
3006 1934 3035 1984 ό
3076 1931 3361 1999 φιλόσοφος
3375 1929 3483 1997 ,τὴν
3510 1927 3632 1978 δια-

2058 2023 2244 2094 γωγὴν
2268 2023 2360 2075 καὶ
2382 2023 2450 2076 τά
2471 2023 2575 2095 ἢθη
2598 2023 2936 2093 Ἐπιφανίου,
2969 2023 3101 2076 πολὺ
3129 2023 3413 2091 ἠγάπησεν
3440 2017 3628 2071 αὐτόν.

2060 2113 2138 2183 Τῇ
2177 2106 2270 2164 οὖν
2320 2110 2553 2182 τετάρτῃ
2599 2113 2781 2185 ἡμέρᾳ
2810 2109 2961 2165 εἶπεν
3005 2114 3033 2166 ὁ
3074 2113 3363 2180 φιλόσοφος
3402 2109 3633 2175 Ἐπιφα-

2058 2203 2155 2273 νίῳ
2174 2219 2187 2234 ·
2208 2200 2522 2263 Διδάσκαλε,
2547 2201 2685 2273 καλὴ
2711 2204 2742 2273 ὴ
2770 2203 2981 2273 οἴκησις
3006 2202 3099 2256 τοῦ
3126 2203 3311 2256 τόπου.
3341 2199 3639 2269 Βούλομαι,

2059 2294 2108 2345 εί
2142 2291 2404 2356 κελεύεις,
2439 2293 2607 2345 οἰκεῖν
2639 2291 2891 2346 ἐνταῦθα.
2926 2289 3093 2347 Εἶπεν
3116 2293 3172 2362 δὲ
3200 2291 3515 2359 Ἐπιφάνιος
3553 2287 3632 2358 τῷ

2061 2378 2365 2449 φιλοσόφῳ·
2400 2377 2570 2432 Τοῦτο
2611 2380 2746 2450 πρὸς
2772 2377 2869 2449 τὴν
2908 2379 3225 2450 προαίρεσιν
3256 2376 3371 2439 ἐνὸς
3400 2374 3636 2427 ἑκάστου

2060 2468 2229 2522 ἐστίν.
2271 2465 2441 2523 Εἶπεν
2472 2468 2528 2521 δὲ
2573 2471 2602 2522 ό
2642 2463 2934 2541 ’φιλόσοφος
2974 2469 3281 2538 Ἐπιφανίῳ
3304 2484 3316 2495 ·
3349 2465 3510 2520 Ἀλλά
3540 2465 3638 2515 καὶ

2058 2557 2158 2620 τὰς
2188 2557 2402 2626 βίὸλους
2433 2558 2603 2630 φέρω.
2656 2554 2823 2612 Εἶπεν
2853 2558 2909 2612 δὲ
2947 2558 3123 2629 αύτῷ·
3165 2559 3233 2613 Εἴ
3257 2576 3309 2612 τι
3344 2554 3642 2628 παρεισέρ-

2060 2666 2215 2719 χεται
2243 2648 2321 2720 τῷ
2354 2649 2601 2720 λογισμῷ
2630 2667 2745 2715 σου,
2782 2651 3035 2721 εὑρήσεις
3077 2651 3394 2719 Ἐπιφάνιον
3432 2648 3639 2712 εὐγνω-

2065 2739 2348 2811 μονοῦντα.
2382 2737 2548 2794 Εἶπεν
2577 2741 2634 2794 δὲ
2672 2743 2701 2794 ό
2742 2742 3067 2810 φιλόσοφος·
3100 2743 3393 2795 Κάλλιστος
3426 2731 3637 2795 πορεύ-

2064 2847 2216 2884 σεται
2248 2831 2383 2902 πρὸς
2414 2832 2510 2895 τὰς
2553 2829 2691 2898 ἐμάς
2736 2829 2965 2900 βίδλους.
3000 2829 3169 2883 Εἶπεν
3215 2820 3519 2885 Ἐπιφάνιος
3550 2810 3630 2880 ’ΐῷ

2063 2919 2338 2988 φιλοσόφῳ
2358 2936 2371 2946 ·
2414 2920 2641 2982 Ἀγαγε,
2674 2917 2823 2982 βαῖνε
2852 2915 3107 2981 ὑγιαίνων
3144 2907 3281 2980 μετὰ
3306 2902 3629 2959 Καλλίστου.

2064 3007 2233 3066 Εἶπεν
2262 3008 2319 3061 δὲ
2362 3008 2390 3059 ὀ
2437 3005 2724 3075 φιλόσοφος
2766 3000 3098 3070 Ἐπιφανίῳ·
3149 2998 3333 3052 Πάντα
3377 2993 3447 3047 τά
3492 2990 3632 3072 πρά-

2064 3099 2248 3171 γματά
2281 3115 2381 3164 μου
2418 3095 2700 3165 Καλλίστῳ
2727 3093 2871 3158 ἀφίω
2890 3107 2903 3120 ·
2930 3090 3041 3158 ἐγὼ
3068 3089 3177 3160 γάρ
3209 3087 3391 3142 οὐκέτι
3418 3083 3636 3153 &2910-

2070 3203 2168 3263 μαι
2200 3191 2265 3243 ἐκ
2284 3189 2378 3242 τοῦ
2400 3187 2565 3243 τόπου
2596 3185 2806 3240 τούτου.
2831 3185 2938 3255 ’ζίΙν
2962 3182 3019 3238 δέ
3047 3184 3075 3233 ὀ
3103 3181 3399 3246 Κάλλιστος
3424 3174 3636 3229 Ἀετίου

406 3277 556 3332 beret
603 3275 883 3345 spiritum,
931 3273 1064 3329 vidit
1110 3275 1468 3346 Epiphanium
1520 3277 1782 3332 dicentem
1826 3278 1873 3330 ei
1910 3279 1963 3332 in
1995 3313 2038 3371 c
2067 3283 2162 3346 τοῦ
2234 3281 2470 3353 μεγάλου
2540 3279 2778 3350 ἐπάρχου
2843 3278 2937 3348 τῆς
2989 3275 3209 3346 Ῥώμης
3271 3273 3402 3334 υἱός.
3473 3259 3646 3328 Οὗτος

400 3362 653 3419 visione:
686 3362 816 3428 Vis,
869 3362 1125 3427 Calliste,
1172 3365 1437 3433 expellam
1485 3379 1517 3420 a
1564 3374 1617 3421 te
1670 3366 1969 3435 spiritum?

403 3453 565 3515 Dixit
597 3453 854 3510 Callistus
887 3469 902 3506 z
931 3453 996 3509 Et
1037 3454 1162 3523 quis
1209 3460 1265 3509 tu
1321 3469 1401 3521 es,
1454 3456 1668 3511 domine
1701 3458 1794 3520 ini,
1825 3460 1970 3528 quod

405 3543 584 3611 possis
609 3557 733 3598 eum
773 3541 1082 3613 expellere?
1110 3542 1253 3599 Dixit
1280 3555 1460 3603 autem
1489 3545 1821 3616 Epiphanius
1847 3548 1971 3604 Cal-

408 3632 534 3690 listo
562 3633 577 3685 ':
609 3630 721 3703 Ego
756 3647 901 3697 sum,
948 3633 1145 3702 inquit,
1178 3632 1512 3704 Epiphanius
1544 3637 1971 3708 Phoenicopalae·

409 3724 608 3790 stinus,
645 3724 736 3793 qui
768 3725 824 3782 in
851 3723 1191 3795 Spanhydrio
1219 3727 1401 3782 habito
1432 3727 1487 3781 in
1522 3730 1873 3786 monasterio.
1914 3729 1973 3784 Si

409 3831 560 3888 ergo,
591 3816 787 3885 inquit,
823 3817 1024 3871 malum
1057 3832 1087 3871 a
1113 3827 1164 3870 te
1194 3817 1442 3886 spiritum
1474 3821 1755 3888 expulero,
1790 3822 1975 3874 venies

409 3908 477 3964 ad
527 3922 637 3973 me,
670 3916 724 3962 et
756 3907 1022 3963 habitabis
1064 3922 1277 3963 mecum
1327 3908 1380 3962 in
1406 3908 1745 3980 Spanhytlrio
1773 3910 1796 3963 ⁶?
1833 3910 1976 3965 Dixit

411 4000 668 4058 Callistus
720 3998 787 4055 ad
839 3996 1200 4067 Epiphanium
1232 4015 1245 4049 :
1280 3997 1525 4062 Domine,
1571 4000 1777 4069 expelle
1815 4015 1844 4053 a
1894 4017 1977 4053 n2e

410 4091 753 4148 immundum
780 4089 1050 4160 spiritum,
1079 4096 1134 4145 et
1156 4089 1414 4145 habitabo
1443 4097 1639 4145 tecum.
1663 4088 1818 4143 Tunc
1839 4090 1979 4141 dixit

412 4177 748 4256 Epiphanius
772 4181 994 4243 Callisto
1022 4197 1037 4235 ι
1069 4180 1204 4237 Vide
1248 4195 1317 4235 ne
1350 4179 1542 4235 feceris
1565 4180 1749 4244 aliter;
1788 4194 1981 4233 rursus

413 4276 558 4332 enim
614 4274 709 4330 tibi
763 4272 1073 4330 atlhaerebit.
1142 4271 1417 4327 Excitatus
1469 4281 1647 4328 autem
1699 4270 1980 4333 Callistus,

417 4367 654 4424 narravit
680 4365 864 4421 omnia
898 4364 1038 4436 patri
1069 4379 1171 4420 suo
1199 4362 1473 4433 praei’ecto.
1507 4362 1589 4418 Ab
1611 4363 1702 4418 illo
1733 4377 1862 4433 ergo
1895 4362 1984 4418 die

416 4474 525 4514 non
571 4470 657 4516 est
703 4457 938 4529 amplius
988 4456 1220 4513 afflictus
1267 4457 1525 4519 Callistus
1576 4457 1645 4513 ab
1698 4456 1982 4512 immundo

417 4551 632 4621 spiritu.
666 4549 797 4606 Post
826 4559 1041 4620 tempus
1082 4555 1263 4603 autem
1308 4549 1472 4604 trium
1524 4549 1790 4606 mensium
1844 4548 1985 4627 dixit
2034 4564 2036 4566 ·

2072 3373 2290 3443 πνεῦμα
2337 3371 2568 3442 πονηρὸν
2600 3369 2761 3439 ἔχων,
2815 3367 2937 3421 ἰδὼν
2962 3367 3282 3436 Ἐπιφάνιον
3319 3364 3377 3415 ἐν
3413 3358 3648 3428 ὀπτασίᾳ

2070 3465 2294 3532 λέγοντα
2323 3462 2468 3530 αύτῷ
2494 3478 2505 3489 ·
2544 3461 2730 3522 Θέλεις
2751 3498 2765 3521 ,
2811 3459 3079 3513 Κάλλιστε
3100 3497 3114 3523 ,
3141 3454 3317 3520 διώξω
3342 3453 3402 3506 τὸ
3430 3450 3648 3518 πνεῦμα

2071 3555 2180 3609 ἀπὸ
2212 3554 2337 3619 σοῦς
2384 3550 2553 3608 Εἶπεν
2596 3551 2654 3604 δὲ
2695 3551 3030 3613 Κάλλιστος·
3079 3548 3190 3601 Καὶ
3233 3548 3316 3609 τίς
3361 3541 3444 3608 εἷ,
3492 3541 3647 3610 κύριε

2078 3663 2201 3716 μου,
2235 3646 2318 3697 ὅτι
2346 3643 2569 3695 δύνασαι
2602 3629 2789 3704 διῶξαι
2836 3639 3000 3703 αύτό;
3032 3636 3200 3689 Εἶπεν
3230 3635 3288 3688 δὲ
3331 3633 3649 3700 Ἐπιφάνιος

2073 3735 2151 3806 τῷ
2183 3733 2495 3803 Καλλίστῳ·
2531 3729 2676 3798 Ἐγώ
2718 3730 2833 3798 είμι
2855 3768 2869 3791 ,
2912 3726 3094 3796 φησιν,
3125 3724 3442 3793 Ἐπιφάνιος
3468 3725 3495 3774 ό
3526 3721 3651 3772 Φοι-

2075 3823 2563 3887 νικοπαλαιστινὸς,
2591 3824 2620 3875 ὁ
2649 3822 2708 3873 ὲν
2734 3817 3055 3888 Σπανυδρίῳ
3083 3816 3247 3870 οἰκῶν
3269 3814 3345 3884 τῷ
3379 3829 3651 3884 μοναστη-

2078 3921 2199 3991 ρίῳ.
2231 3918 2358 3972 Ἐὰν
2391 3911 2507 3977 οὖν,
2542 3915 2726 3986 φησὶν,
2767 3912 2939 3977 διώξω
2972 3910 3034 3963 τὸ
3068 3908 3283 3978 πνεῦμα
3328 3907 3385 3958 τὸ
3415 3904 3653 3976 πονηρὸν

2077 4001 2334 4071 ἀπδ’σοῦ,
2370 4007 2565 4079 ἐλεύσῃ
2592 4006 2686 4060 καὶ
2716 4003 3064 4074 κατοικήσεις
3104 4000 3219 4071 μετ’
3245 3997 3378 4067 ἐμοῦ
3416 3999 3472 4049 ἐν
3504 3997 3654 4050 Σπα-

2078 4099 2297 4168 νυδρίῳ.
2326 4093 2493 4150 Εἶπεν
2517 4097 2574 4148 δὲ
2604 4095 2902 4155 Κάλλιστος
2934 4092 3069 4162 πρὸς
3093 4091 3406 4156 Ἐπιφάνιον
3423 4104 3435 4116 ·
3462 4086 3655 4157 Κύριε,

2078 4189 2267 4255 δίωξον
2312 4187 2407 4241 ἀπ’
2442 4187 2576 4256 ἐμοῦ
2606 4186 2667 4237 τὸ
2697 4183 3007 4253 ἀκάθαρτον
3041 4181 3291 4252 πνεῦμα,
3328 4180 3422 4233 καλΙ
3470 4194 3657 4231 κατοι-

2082 4281 2257 4351 κήσω,
2282 4277 2435 4348 φησὶ,
2464 4274 2603 4346 μετὰ
2632 4274 2745 4329 σοῦ.
2778 4270 2941 4327 Εἶπεν
2966 4274 3023 4325 δὲ
3060 4271 3373 4342 Ἐπιφάνιος
3398 4270 3489 4340 τῷ.
3509 4270 3658 4322 Καλ-

2071 4368 2281 4440 λίστῳ·
2323 4367 2495 4420 Βλέπε
2540 4367 2613 4438 μὴ
2653 4368 2886 4437 ποιήσῃς
2913 4364 3105 4427 άλλως,
3136 4366 3258 4418 ἐπεὶ
3295 4363 3455 4417 πάλιν
3485 4377 3659 4432 προσ·

2086 4460 2499 4532 κολληθήσεται.
2534 4456 2905 4524 Ἐξυπνισθεὶς
2942 4452 3035 4509 οὗν
3079 4457 3105 4508 ὁ
3143 4454 3439 4515 Κάλλιστος
3466 4450 3663 4535 διηγή-

2089 4571 2219 4609 σατο
2250 4551 2327 4624 τῷ
2356 4552 2522 4625 πατρὶ
2554 4549 2718 4605 αὐτοῦ
2745 4550 2856 4603 δντι
2886 4547 3128 4619 ἐπάρχῳ.
3157 4546 3291 4600 Ἀπὸ
3315 4546 3413 4613 τῆς
3444 4543 3661 4614 ἡμέρας

417 4638 673 4697 Callistus
703 4639 859 4695 Aetio
887 4638 1026 4710 patri
1059 4653 1158 4695 suo
1185 4653 1199 4692 ι
1229 4636 1412 4702 Pater,
1438 4639 1560 4694 volo
1601 4639 1681 4694 ire
1725 4640 1776 4695 in
1807 4639 1984 4708 regio·
2018 4639 2061 4694 1)
2090 4639 2182 4697 οὖν
2207 4641 2421 4717 ἐκείνης
2456 4639 2640 4693 οὐκέτι
2680 4640 2708 4692 ὁ
2746 4636 3043 4698 Κάλλιστος
3078 4635 3181 4689 ὑπὸ
3230 4633 3317 4687 τοῦ
3355 4633 3663 4702 πνεύματος

421 4746 544 4787 nem
577 4728 896 4787 Phoenicum
917 4732 941 4798 ,“
965 4739 1019 4787 et
1044 4745 1287 4801 quaerere
1316 4729 1677 4800 Epiphanium
1697 4771 1713 4794 ,
1745 4739 1798 4786 et
1831 4730 1987 4784 habi-

419 4831 534 4884 tare
557 4836 680 4878 cum
711 4822 828 4891 ipso
853 4821 911 4876 in
941 4820 1308 4892 Spanhydrio.
1330 4820 1524 4876 Statim
1537 4829 1689 4888 pater
1718 4820 1857 4890 ejus,
1888 4820 1986 4874 da-

421 4912 491 4967 tis
513 4911 564 4968 ei
591 4910 779 4966 multis
813 4909 1078 4976 pecuniis,
1106 4910 1256 4974 misit
1279 4924 1406 4965 cum
1434 4907 1706 4979 pracsidio.
1738 4907 1986 4978 Cumque

422 5001 661 5058 venisset
693 5001 747 5055 in
785 4998 1150 5066 Phoeniciam,
1195 5010 1250 5057 et
1294 5000 1688 5070 inquisivisset,
1732 5000 1880 5054 venit
1918 4999 1987 5054 ad

423 5091 807 5163 Epiphanium‚
837 5100 893 5147 et
921 5092 973 5147 ei
1006 5093 1259 5161 exposuit
1282 5095 1488 5161 omnia,
1520 5102 1580 5148 et
1599 5093 1862 5148 habitavit
1890 5107 1986 5148 no·

427 5182 657 5238 hiscum.
707 5181 853 5238 Misit
902 5196 1034 5252 ergo
1074 5179 1434 5250 philosophus
1485 5181 1790 5247 Callistum,
1829 5182 1986 5253 jussu

425 5271 736 5343 Epiphanii,
782 5287 907 5328 cum
952 5271 1167 5329 duobus
1213 5270 1419 5342 pueris,
1464 5279 1520 5326 et
1561 5270 1736 5327 tribus
1768 5271 1991 5326 camelis

2091 4734 2185 4789 τοῦ
2222 4733 2532 4803 ἀκαθάρτου
2568 4730 2775 4802 tenen.
2807 4728 2964 4784 Μετὰ
3007 4728 3065 4784 δέ
3091 4728 3410 4799 τριμηναϊον
3446 4725 3658 4795 χρόνον,

2092 4825 2245 4880 εἶπεν
2293 4823 2489 4895 Ἀετίῳ
2537 4822 2616 4894 τῷ
2660 4824 2827 4895 πατρὶ
2877 4820 3069 4876 αὐτοῦ·
3122 4819 3407 4889 Βούλομαι,
3442 4818 3655 4886 Πάτερ,

2093 4914 2420 4987 πορευθῆναι
2448 4916 2504 4967 ἐν
2528 4917 2592 4985 τῇ
2631 4913 2782 4986 χώρᾳ
2809 4913 2916 4966 τῶν
2948 4910 3224 4975 Φοινίκιον,
3260 4910 3353 4963 καὶ
3384 4907 3658 4977 ἀναζητῆ-

2094 5025 2183 5062 σαι
2208 5007 2300 5058 τὸν
2329 5004 2665 5074 Ἐπιφάνιον,
2693 5008 2787 5058 καὶ
2819 5003 3038 5073 οἰκῆσαι
3067 5003 3183 5073 μετ’
3215 5000 3380 5055 αὑτοῦ
3412 5001 3660 5052 ἐνΣπαν-

2100 5099 2287 5171 υδρίῳ.
2314 5096 2527 5161 Εὐθέως
2575 5093 2668 5151 οὖν
2695 5099 2723 5150 ὁ
2745 5094 2926 5166 πατὴρ
2954 5093 3119 5148 αὐτοῦ
3147 5093 3322 5153 δὼσας
3353 5091 3498 5162 αὐτῷ
3528 5092 3662 5162 χρή-

2099 5205 2244 5261 ματα
2273 5187 2474 5251 πολλὰ,
2507 5183 2823 5239 ἀπέστειλεν
2856 5184 3017 5240 αὐτὸν
3060 5184 3197 5255 μετὰ
3243 5181 3507 5252 βοηθείας.
3551 5179 3662 5233 Καὶ

2100 5277 2270 5332 ἐλθὼν
2319 5279 2376 5331 ἐν
2407 5279 2477 5347 τῇ
2514 5277 2732 5348 Φοινίκῃ
2754 5316 2769 5341 ,
2820 5275 3153 5345 ἐπιζητήσας
3192 5272 3536 5341 Ἐπιφάνιον,
3570 5269 3661 5323 καὶ

426 5362 658 5419 Etlesam
706 5363 774 5418 ad
818 5362 988 5420 libros
1034 5362 1402 5420 adducendos.
1466 5362 1712 5431 Cumque
1755 5361 1994 5417 venisset
2100 5368 2504 5439 ἐξηγησάμενος
2544 5367 2693 5439 αὐτῷ
2721 5368 2966 5432 ἅπαντα,
2995 5363 3309 5433 κατῴκησεν
3340 5363 3456 5433 μεθ’
3484 5362 3656 5432 ἡμῶν.

428 5454 683 5522 Edesam,
713 5458 916 5527 accepit
961 5457 1130 5513 libros
1156 5455 1488 5528 philosophi,
1533 5464 1587 5511 et
1614 5453 1874 5524 imposuit
1902 5467 1994 5508 ca·
2113 5455 2451 5513 Ἀπέστειλεν
2477 5453 2617 5512 οὖνὸ
2638 5457 2923 5526 φιλόσοφος
2951 5454 3043 5508 τὸν
3077 5453 3372 5507 Κάλλιστον
3402 5452 3543 5504 κατὰ
3573 5449 3662 5502 κέ·

430 5548 608 5610 melis,
639 5557 694 5604 el
720 5549 865 5604 venit
902 5550 957 5603 in
997 5549 1408 5605 monasterium.
2099 5547 2280 5601 λευσιν
2322 5548 2668 5619 Ἐπιφανίου,
2717 5546 2854 5617 μετὰ
2903 5544 2995 5598 δύο
3035 5543 3331 5614 παιδαρίων
3373 5541 3467 5594 καὶ
3500 5537 3663 5611 τριῶν

433 5641 695 5712 καμήλων
759 5642 816 5694 ἐν
856 5639 1062 5714 Ἐδέσῃ,
1109 5641 1203 5694 ἐπὶ
1235 5638 1296 5693 τὸ
1323 5639 1546 5708 ἀγαγεῖν
1607 5634 1704 5701 τάς
1773 5633 1985 5706 βίόλους
2044 5638 2207 5693 αὐτοῦ
2236 5642 2295 5693 ἐν
2318 5639 2396 5712 τῷ
2424 5638 2786 5711 μοναστηρίῳ.
2833 5637 2939 5690 Καὶ
2968 5635 3031 5706 δὴ
3064 5635 3160 5706 τὴν
3190 5630 3410 5703 πορείαν
3442 5629 3663 5702 ποιησά-

438 5739 595 5802 μενος
621 5732 966 5795 ὁΚάλλιστος
998 5733 1055 5785 ἐν
1084 5731 1304 5804 Ἐδέσῃ,
1337 5729 1492 5783 ἐλαδε
1557 5729 1654 5793 τάς
1720 5727 1932 5798 βίδλους
1965 5727 2054 5782 τοῦ
2125 5730 2441 5801 φιλοσόφου,
2475 5731 2566 5784 καὶ
2604 5729 2794 5800 ἔθηκεν
2859 5730 2950 5780 ἐπὶ
3006 5727 3104 5786 τὰς
3171 5728 3319 5796 τρεῖς
3367 5725 3665 5796 καμήλους,

435 5824 531 5877 καὶ
561 5823 885 5896 παρεγένετο
918 5825 974 5876 ὲν
999 5822 1074 5894 τῷ
1108 5822 1467 5892 μοναστηρίῳ.
