3850 6517
403 455 479 511 ετ
1011 425 1019 431 ’
1659 453 1717 508 s.
1761 447 2101 507 sewum!
2136 449 2319 506 vm.
3564 463 3639 516 2⁸

409 575 581 622 tuam.
607 563 808 622 Tecum
849 580 1064 637 quoque
1095 567 1278 638 accipe
1306 568 1409 624 hoc
1433 569 1781 639 jumentum;
1830 578 1883 621 et
1915 566 1962 622 si
1990 566 2036 623 A
2061 562 2194 634 οἴκῳ
2223 581 2316 617 σου
2358 563 2574 635 ἄρτους·
2605 562 2749 620 Λάὸῑ
2798 564 2856 618 δὲ
2898 567 2992 620 καὶ
3033 567 3096 621 τὸ
3138 566 3429 638 ὑποζύγιον
3472 569 3636 623 τοῦτο

408 671 568 711 snum
601 657 814 726 quidem
849 666 1018 713 mutet
1040 658 1254 724 vitium.
1278 669 1333 715 et
1365 675 1547 715 mores
1578 658 1872 721 insolentes
1896 674 1962 713 ac

409 754 712 816 protervos,
733 759 948 804 maneat
974 749 1118 804 domi
1142 760 1282 817 tuae;
1308 750 1393 804 sin
1417 757 1598 804 autem
1626 749 1680 804 in
1702 750 1805 805 hac
1837 763 1963 819 per·

411 847 621 892 seven-et
666 838 974 904 insolentia,
1005 840 1142 908 ejice
1172 855 1204 897 e
1252 842 1360 897 tuis
1403 840 1632 905 aedihus.
1682 856 1751 901 ne
1796 840 1961 894 alicui

411 941 477 981 ex
503 927 611 982 tuis
642 937 869 983 mortem
901 929 1109 987 afferat.
1131 930 1270 987 Cum
1296 932 1411 989 haec
1430 932 1692 988 audiisset
1721 930 1963 1001 Epipha-

411 1014 559 1082 nius,
583 1026 640 1070 et
671 1031 701 1072 a
740 1014 946 1072 Jaeoho
980 1027 1087 1074 tres
1116 1035 1369 1076 nummos
1394 1021 1712 1090 accepisset,
1740 1029 1963 1091 accepto

401 1105 672 1176 jumento.
707 1106 979 1176 proiectus
1008 1109 1171 1166 estin
1218 1111 1398 1167 vicum
1427 1111 1496 1166 ad
1521 1122 1746 1167 matrem
1780 1126 1959 1167 suam.

405 1194 731 1266 Priusquam
762 1207 941 1254 autem
973 1200 1089 1270 ipse
1130 1201 1502 1273 ingrederetur
1531 1202 1586 1258 in
1619 1202 1821 1268 vicum,
1856 1203 1965 1258 cir·

402 1284 544 1342 citer
587 1286 735 1347 mille
769 1301 982 1356 passus,
1022 1292 1262 1346 occurrit
1288 1291 1340 1346 ei
1384 1292 1546 1346 homo
1577 1291 1921 1348 Christianus
1945 1333 1961 1359 ,

405 1374 628 1429 neruine
655 1374 935 1439 Cleohius‚
959 1378 1052 1447 qui
1083 1376 1134 1432 ei
1160 1378 1299 1434 dixit
1324 1398 1338 1433 ι
1370 1377 1463 1435 Vis
1492 1377 1725 1433 vendere
1751 1377 1968 1448 jumen-

407 1477 545 1532 tum.
572 1484 606 1523 o
633 1469 746 1523 lilii
791 1469 1143 1540 Respondens
1186 1471 1325 1526 dixit
1374 1470 1750 1542 Epiphanius:
1804 1469 1962 1537 Nolo,

405 1571 581 1631 pater.
627 1559 773 1617 Dixit
799 1571 978 1617 antem
1027 1562 1322 1618 Cleobius:
1355 1562 1413 1617 Si
1443 1563 1525 1619 vis
1551 1577 1676 1617 eum
1706 1561 1961 1627 vendere,

403 1666 538 1722 cape
569 1650 689 1719 ejus
714 1653 968 1721 pretinm,
1021 1661 1075 1707 et
1117 1653 1296 1723 ipsum
1343 1654 1478 1711 mihi
1528 1655 1790 1725 relinque.
1822 1653 1961 1709 Cum

404 1743 519 1798 haec
549 1750 730 1798 autem
768 1743 1067 1813 Epiphanio
1099 1743 1301 1800 diceret
1336 1744 1613 1809 Cleohins,
1646 1744 1850 1800 animal
1878 1746 1962 1799 in·

403 1831 639 1887 solenter
673 1833 887 1888 irruens
948 1842 1002 1887 et
1044 1834 1301 1903 impetum
1335 1833 1560 1901 iaciens,
1597 1835 1959 1905 Epiphanium

2068 653 2206 726 μετὰ
2232 652 2459 707 σεαυτοῦ
2482 670 2496 685 ·
2526 655 2620 708 καὶ
2662 657 2713 708 εί
2749 655 2849 726 μέν
2876 655 3168 729 διαλλάσσῃ
3200 658 3300 729 τὴν
3326 658 3499 728 κακήν
3533 661 3626 714 αύ-

2062 740 2156 796 τοῦ
2202 741 2295 794 καὶ
2312 740 2543 795 ἀτακτον
2565 741 2904 814 προαίρεσιν,
2934 744 3142 813 μενέτω
3170 747 3227 798 ἐν
3252 744 3328 816 τῷ
3362 745 3437 814 σῷ
3460 745 3596 816 οἴκῳ
3616 766 3627 777 ·

2063 833 2113 885 εί
2142 831 2201 886 δέ
2228 830 2476 902 ἐπιμένοι
2507 834 2572 903 τῇ
2604 831 2800 904 ἀταξίᾳ
2818 870 2834 897 ,
2864 832 3059 888 ἐκόαλε
3088 835 3219 889 αὐτὸ
3252 837 3318 890 ἐκ
3352 836 3447 891 τοῦ
3477 838 3628 890 οίκου

2066 938 2158 976 σου
2181 959 2197 986 ,
2231 922 2440 993 μήποτε
2473 923 2567 976 καὶ
2603 921 2889 995 θανατώσῃ
2916 924 3037 980 τινὰ
3064 924 3175 978 τῶν
3199 925 3329 982 σῶν.
3367 926 3627 990 Ἀκούσας

2064 1013 2123 1068 δέ
2145 1012 2316 1068 ταῦτα
2351 1014 2663 1084 Ἐπιφάνιος
2681 1055 2697 1080 ,
2726 1017 2821 1070 καὶ
2852 1015 3032 1070 λαὸὼν
3063 1017 3132 1072 τά
3161 1017 3290 1089 τρία
3319 1019 3628 1089 νομίσματα

2064 1102 2215 1176 παρὰ
2241 1103 2337 1157 τοῦ
2374 1103 2568 1158 ’Ῑακὼδ
2591 1144 2607 1171 ,
2638 1104 2817 1160 λαθὼν
2840 1107 2900 1160 τὸ
2930 1105 3222 1176 ὑποζύγιον
3246 1108 3516 1180 ἐπορεύθη
3548 1110 3628 1174 είς

2061 1192 2159 1264 τήν
2183 1193 2347 1248 αὐτοῦ
2380 1193 2589 1267 κώμην.
2638 1196 2728 1260 Ὦς
2758 1196 2865 1251 ἀπὸ
2889 1199 3112 1270 σημείου
3144 1199 3295 1264 ἐνὸς,
3323 1200 3629 1271 ἀπήντησεν

2061 1283 2211 1354 αύτῷ
2243 1282 2526 1356 ἄνθρωπος
2556 1286 2907 1358 Χριστιανὸς,
2958 1288 3179 1359 ὀνόματι
3210 1287 3500 1353 Κλεόδιος,
3535 1291 3631 1343 καὶ

2061 1370 2215 1428 εἶπεν
2260 1375 2395 1446 πρὸς
2458 1376 2620 1431 αὐτόν
2638 1393 2654 1409 ·
2705 1377 3047 1448 Πιπράσκεις
3105 1379 3167 1433 τὸ
3212 1379 3534 1448 ὑποζύγιον,
3583 1376 3631 1433 ὧ

2060 1463 2282 1529 τέκνονς
2323 1465 2381 1518 ‘0
2419 1465 2478 1519 δέ
2520 1466 2833 1537 Ἐπιφάνιος
2876 1468 3196 1540 ἀποκριθεὶς
3251 1466 3405 1523 εἶπεν
3425 1485 3439 1500 ·
3472 1469 3628 1538 Οὐχὶ,

2062 1555 2253 1627 πάτερ.
2296 1555 2355 1610 ⁰0
2372 1556 2430 1610 δὲ
2462 1556 2719 1620 Κλεόδιος
2743 1573 2758 1588 ·
2797 1557 2923 1612 Ἐὰν
2956 1560 3291 1629 πιπράσκεις
3316 1557 3470 1626 αὐτὸ,
3496 1558 3629 1613 λάδε

2059 1646 2121 1700 τὸ
2154 1646 2369 1717 τίμημα
2392 1646 2580 1712 αὐτοῦ,
2623 1649 2718 1700 καὶ
2761 1647 2917 1700 ἔασόν
2955 1666 3046 1720 μοι
3068 1649 3218 1703 αὐτό.
3257 1649 3344 1714 Ὦς
3365 1649 3423 1703 δέ
3458 1646 3632 1701 ταῦτα

2060 1737 2237 1793 ἐλάλει
2258 1739 2287 1791 ὁ
2306 1737 2563 1801 Κλεόὸιος
2590 1738 2727 1809 πρὸς
2759 1737 3094 1808 Ἐπιφάνιον,
3124 1741 3184 1794 τὸ
3212 1739 3348 1804 ζῶον
3381 1740 3630 1801 ἀτάκτως

2061 1827 2296 1898 ἐνεχθὲν,
2329 1829 2423 1881 καὶ
2446 1828 2705 1881 ἐπιπεσὸν
2739 1823 3040 1900 Ἑπιφανίῳ
3070 1828 3431 1900 διεσπάραξεν
3462 1828 3630 1881 αὐτὸν

398 1921 662 1984 excussit,
708 1920 968 1991 humique
1007 1923 1192 1986 allisit,
1226 1932 1282 1978 et
1312 1924 1445 1979 abiit
1486 1936 1642 1980 extra
1688 1926 1959 1989 semitam.
1993 1914 2035 1970 Β
2062 1920 2156 1974 ἐπὶ
2182 1919 2281 1989 τῆς
2308 1919 2439 1989 γῆς·
2473 1919 2567 1973 καὶ
2597 1920 2731 1973 αὐτὸ
2782 1916 3004 1989 ἐξῆλθεν
3050 1919 3155 1985 ἔξω
3198 1920 3296 1989 τῆς
3326 1920 3533 1992 τρίῦθυ·
3573 1919 3632 1972 ’0

406 2009 737 2081 Epiphanius
777 2021 954 2067 autem
998 2028 1064 2068 ex
1113 2012 1346 2083 jumenti
1401 2015 1688 2072 insolentia
1739 2033 1961 2087 gravem

403 2101 610 2171 accepit
630 2101 892 2166 dolorem,
933 2103 1193 2171 hinnique
1231 2103 1464 2173 jacebat,
1495 2104 1627 2161 flens
1684 2121 1870 2163 amare
1908 2116 1965 2163 et

403 2204 511 2244 non
567 2190 752 2246 valens
805 2204 1048 2260 surgere.
1102 2191 1357 2248 Cleobius
1405 2209 1533 2248 vero
1577 2195 1840 2250 accedens
1894 2195 1964 2250 ad

404 2275 765 2348 Epiphaniam
812 2286 867 2334 et
900 2279 1075 2333 l'enmr
1123 2280 1245 2350 ejus
1281 2290 1468 2337 tenens
1514 2280 1568 2336 in
1615 2298 1682 2337 eo
1730 2283 1869 2345 loco,
1905 2284 1960 2338 in

401 2383 512 2438 quo
552 2367 772 2424 affectus
819 2367 993 2423 suerat
1022 2370 1091 2424 ab
1138 2370 1394 2426 insolenti
1437 2373 1628 2437 bestia,
1678 2389 1802 2429 cum
1833 2390 1959 2429 eum

403 2466 485 2512 ter
518 2457 806 2527 signasset,
839 2458 1021 2512 statim
1051 2458 1224 2514 erexit
1252 2461 1384 2514 nihil
1417 2463 1542 2516 mali
1581 2463 1633 2516 in
1669 2480 1729 2519 se
1757 2465 1962 2525 haben-

402 2557 530 2603 tem.
565 2547 823 2603 Cleohins
875 2557 1055 2604 autem
1100 2548 1236 2604 dixit
1284 2549 1532 2620 jumento
1597 2553 1756 2622 pleno
1811 2554 1960 2609 omni

403 2637 690 2694 insolentia
752 2655 766 2691 ε
817 2636 937 2693 Tibi
986 2640 1131 2706 dico,
1208 2643 1466 2710 quoniam
1535 2642 1754 2698 voluisti
1808 2655 1960 2700 tuum

400 2725 682 2783 dominum
734 2729 1003 2795 occidere,
1052 2729 1108 2785 in
1153 2731 1373 2785 nomine
1415 2730 1542 2788 Jesu
1585 2732 1790 2790 Christi
1837 2752 1964 2792 cru-

398 2816 567 2882 einai,
629 2829 738 2872 uon
791 2818 1025 2887 amplius
1078 2820 1311 2876 excedas
1363 2835 1431 2877 ex
1485 2822 1588 2879 hoe
1629 2824 1770 2880 loco.
1805 2825 1959 2892 Quod

402 2918 688 2978 postquam
747 2908 974 2965 dixisset
1035 2908 1327 2979 Cleohius,
1396 2912 1703 2982 iumentum
1777 2917 1961 2970 statim

401 2994 599 3052 cecidit
663 2996 717 3050 in
781 3005 978 3052 terram
1054 3005 1351 3057 mortuum.
1416 3000 1697 3057 Cleohium
1779 3010 1960 3057 autem

405 3084 756 3156 interrogavit
798 3085 1157 3157 Epiphanius.
1195 3090 1383 3147 dicens
1426 3109 1440 3146 ε
1479 3091 1614 3159 Quis
1655 3102 1759 3158 est.
1793 3107 1827 3147 ο
1868 3109 1962 3162 pa·

405 3184 509 3241 ter.
531 3175 690 3233 «lesus
722 3177 1035 3242 crucifixus,
1075 3179 1220 3250 quod
1261 3181 1388 3237 talia
1419 3182 1558 3240 liunt
1585 3198 1680 3252 per
1706 3183 1827 3253 ejus
1859 3199 1961 3238 no·

404 3268 569 3324 men?
610 3265 909 3338 Respondit
928 3268 1201 3335 Cleohius‚
1234 3281 1291 3328 et
1321 3271 1457 3327 dixit
1487 3271 1835 3342 Epiphaniox·
1861 3272 1965 3334 ‚llic

403 3357 564 3415 lestis
604 3367 689 3416 est
729 3358 902 3416 Filius
935 3359 1067 3428 Dei,
1106 3377 1270 3433 quem
1332 3363 1718 3419 crucifixerunt
1767 3361 1961 3419 Jndaei.

407 3447 740 3519 Epiphanius
783 3464 910 3505 vero
950 3452 1131 3507 timuit
1161 3452 1473 3522 significare
1503 3452 1729 3508 Cleohio
1753 3468 1813 3508 se
1841 3468 1965 3508 esse

403 3539 677 3596 Judaeum.
729 3541 983 3598 Cleohius
1033 3552 1215 3598 autem
1267 3544 1505 3612 perrexit
1535 3558 1699 3600 suum
1732 3544 1836 3599 iter
1880 3543 1967 3600 in-

405 3630 579 3701 gredi,
607 3640 662 3687 et
693 3630 1031 3702 Epiphanius
1083 3634 1137 3688 in
1199 3632 1381 3689 vicum
1435 3635 1595 3693 venit.
1631 3635 1700 3690 ad
1736 3642 1964 3690 matrem

405 3737 585 3780 auam.
616 3722 785 3790 Quem
813 3724 1002 3781 videns
1040 3735 1232 3789 mater,
1259 3726 1473 3795 excepit
1513 3741 1637 3781 eum
1670 3741 1796 3781 eum
1832 3740 1968 3796 gau-

405 3814 520 3872 dio.
559 3816 718 3872 Matri
749 3831 876 3870 vero
921 3829 1036 3871 suae
1079 3816 1332 3886 exposuit
1373 3815 1709 3886 Epiphanius
1760 3818 1965 3880 omnia,

405 3921 529 3976 qnae
571 3906 675 3961 sibi
707 3915 1002 3962 evenerant
1049 3915 1272 3977 propter
1323 3907 1647 3963 insolentem
1692 3916 1748 3963 et
1797 3907 1969 3978 pessi-

408 4012 553 4052 mam
585 3998 831 4052 hestiam.
854 3997 1146 4066 Aliquanto
1172 4008 1352 4054 autem
1388 4008 1511 4068 post
1556 4008 1798 4068 tempore
1831 4000 1970 4055 dixit

409 4097 582 4144 mater
611 4088 911 4158 Epiphanio
968 4106 983 4142 ε
1028 4088 1187 4156 Ecce,
1238 4091 1344 4154 lili,
1404 4099 1547 4146 terra
1596 4091 1796 4145 inculta
1836 4090 1970 4144 nihil

408 4180 683 4249 producit,
730 4195 906 4249 neque
938 4181 1096 4235 nobis
1144 4195 1210 4235 ex
1260 4195 1324 4235 ca
1377 4189 1461 4235 est
1508 4180 1710 4249 'aliquid
1766 4179 1967 4235 solatii.

411 4270 544 4326 neat
581 4283 760 4326 autem
798 4272 879 4327 eis
922 4271 1198 4341 quoddam
1249 4272 1584 4341 praediolum,
1633 4271 1777 4342 quod
1820 4279 1972 4341 pater

413 4362 535 4432 ejus
562 4362 845 4433 diligenter
878 4364 1084 4428 colens,
1129 4379 1194 4420 ex
1225 4378 1292 4418 eo
1323 4364 1555 4419 habehat
1583 4363 1787 4432 aliquid
1828 4363 1972 4419 sola·

414 4453 495 4507 tii.
549 4452 696 4507 Dixit
753 4469 883 4523 crgo
915 4455 964 4509 ei
1015 4463 1230 4510 mater:
1291 4453 1602 4508 vendamus
1652 4454 1968 4523 praediolum

2062 2005 2157 2066 οὖν
2195 2009 2503 2080 Ἐπιφάνιος
2544 2011 2652 2066 ἀπὸ
2678 2013 2775 2082 τῆς
2812 2011 2930 2081 βίας
2960 2012 3062 2082 τῆς
3104 2013 3331 2078 ἀταξίας
3368 2013 3463 2067 τοῦ
3496 2013 3630 2065 ὑπο-

2061 2099 2249 2169 ζυγίου
2282 2098 2480 2154 ἐπαθεν
2511 2103 2603 2156 τὸν
2637 2101 2831 2156 ἐαυτοῦ
2868 2103 3061 2175 μηρὸν,
3094 2103 3187 2157 καὶ
3216 2103 3395 2158 ἔκειτο
3415 2103 3507 2158 ἐπὶ
3529 2102 3633 2172 τῆς

2062 2189 2203 2260 γῆς,
2260 2188 2457 2244 κλαίων
2502 2191 2705 2263 καὶμὴ
2736 2192 3034 2262 δυνάμενος
3063 2193 3383 2262 ἀναστῆναι.
3429 2194 3489 2248 ‘0
3539 2189 3633 2246 οὗν

2063 2280 2320 2344 medem<
2350 2280 2661 2353 προσελθὼν
2693 2281 3015 2352 Ἐπιφανίῳ,
3046 2283 3325 2353 κρατήσας
3349 2281 3517 2337 αὐτοῦ
3542 2283 3632 2336 τὸν

2065 2369 2237 2440 μηρὸν
2281 2370 2339 2422 ἐν
2379 2369 2459 2440 τῷ
2493 2371 2679 2442 τόπῳ,
2724 2363 2768 2438 ᾧ
2813 2370 3076 2425 πέπονθεν
3123 2373 3227 2427 ὑπὸ
3264 2372 3359 2428 τοῦ
3398 2373 3632 2429 ἀτάκτου

2062 2457 2201 2522 (iheu
2218 2499 2233 2523 ‚
2263 2458 2358 2511 καὶ
2388 2461 2694 2529 σφραγίσας
2717 2461 2886 2529 αὐτὸν
2917 2461 3100 2531 τρίτον
3122 2503 3137 2527 ,
3168 2463 3369 2527 εύθέως
3392 2465 3595 2533 ἀνέστη
3617 2502 3632 2525 ,

2065 2547 2228 2618 μηδὲν
2257 2546 2426 2602 κακὸν
2455 2546 2594 2618 ἔχων
2640 2550 2698 2603 ἐν
2740 2549 2939 2622 ἐαυτῷ.
2985 2551 3045 2605 Ὀ
3086 2553 3143 2608 δέ
3186 2554 3443 2620 Κλεόδιος
3483 2548 3635 2608 εἶπεν

2061 2638 2201 2709 πρὸς
2240 2638 2302 2692 τὸ
2348 2638 2646 2710 ὑποζύγιον
2677 2642 2858 2714 πάσης
2896 2644 3121 2713 ἀταξίας
3172 2646 3596 2718 πεπληρωμένον
3619 2661 3633 2675 ·

2074 2727 2290 2800 Ἐπειδὴ
2323 2727 2629 2803 ήδουλήθης
2651 2731 2960 2790 θανατῶσαι
2985 2737 3077 2790 τὸν
3109 2737 3239 2790 ἴδιον
3264 2736 3548 2796 δεσπότην.
3575 2733 3633 2778 ἐν

2060 2815 2140 2888 τῷ
2170 2819 2391 2888 ὀνόματι
2420 2819 2595 2889 Ἰησοῦ
2631 2819 2864 2890 Χριστοῦ
2878 2824 2971 2875 τοῦ
3002 2821 3411 2891 ἐσταυρωμένον
3431 2852 3445 2874 ,
3483 2827 3629 2881 μηκ-

2063 2907 2145 2960 έτι
2202 2907 2464 2976 μετέλθῃς
2490 2911 2555 2960 ἐκ
2584 2907 2679 2960 τοῦ
2703 2909 2869 2959 τόπου
2892 2909 3100 2960 τούτου.
3128 2908 3235 2959 Καὶ
3267 2903 3360 2956 ἐπὶ
3382 2901 3462 2974 τῷ
3482 2900 3632 2969 λόγῳ

2061 2996 2323 3049 Κλεοῆίου
2347 2996 2550 3059 εὐθέως
2579 2995 2773 3048 ἔπεσεν
2804 2997 2866 3050 τὸ
2894 2994 3186 3064 ὑποζύγιον
3238 2994 3331 3049 ἐπὶ
3372 2994 3470 3066 τὴν
3501 2993 3633 3064 γῆν,

2061 3085 2156 3139 καὶ
2180 3084 2468 3139 ἀπέθανεν.
2506 3085 2615 3138 Καὶ
2645 3083 2981 3156 ἐπεζήτησεν
3002 3087 3320 3154 Ἐπιφάνιος
3340 3085 3432 3139 τὸν
3461 3083 3628 3138 Κλεό·

2063 3175 2201 3240 διον,
2229 3175 2432 3243 λέγων·
2465 3174 2561 3238 Τίς
2591 3176 2759 3240 ἐστιν,
2785 3175 2980 3247 πάτερ,
2995 3175 3201 3247 Ἰησοῦς
3225 3179 3253 3230 ό
3286 3175 3637 3246 ἐσταυρωμέ-

2063 3283 2172 3329 νος,
2196 3266 2277 3318 ὄτι
2297 3263 2521 3319 τοιαῦτα
2544 3267 2748 3335 σημεῖα
2767 3265 2975 3336 γίνεται
3001 3266 3067 3319 δι’
3104 3266 3303 3331 αύτοῦ;
3334 3264 3633 3336 Ἀπεκρίθη

2064 3356 2340 3420 Κλεόδιος,
2364 3355 2459 3409 καὶ
2479 3350 2630 3408 εἶπεν
2653 3355 2789 3427 πρὸς
2810 3355 3128 3425 Ἐπιφάνιον
3152 3372 3163 3384 ·
3196 3351 3362 3420 Oli-co<
3386 3359 3415 3409 ὁ
3431 3353 3638 3426 Ἰησοῦς

2064 3446 2210 3499 ἐστιν
2238 3447 2267 3498 ὁ
2305 3444 2430 3508 Υἱὸς
2457 3443 2552 3498 τοῦ
2588 3443 2723 3498 Θεοῦ
2756 3484 2769 3501 .
2815 3445 2875 3499 ὃν
2904 3446 3256 3517 ἐσταύρωσαν
3295 3447 3343 3499 oi
3378 3445 3633 3499 Ἰουδαῖοι.

2076 3535 2136 3590 ὐ
2179 3535 2236 3589 δὲ
2279 3535 2595 3603 Ἐπιφάνιος
2640 3535 2877 3606 ἐφοὸήθη
2922 3536 3238 3605 ἀναγγεῖλαι
3270 3535 3348 3606 τῷ
3376 3534 3637 3604 Κλεοδίῳ,

2063 3626 2148 3680 ὅτι
2189 3625 2439 3689 Ἰουδαῖός
2478 3626 2646 3680 ἐστιν.
2690 3626 2748 3678 ὐ
2792 3622 2885 3680 οὖν
2927 3626 3181 3691 Κλεόόιος
3228 3625 3499 3698 ἐπορεύθη
3542 3625 3640 3695 τὴν

2066 3713 2260 3770 ἑαυτοῦ
2286 3713 2425 3781 ὁδὸν,
2457 3717 2552 3770 καὶ
2587 3714 2895 3790 Ἐπιφάνιος
2922 3715 3171 3785 εἰσῆλθεν
3204 3718 3286 3781 εἰς
3317 3717 3417 3788 τὴν
3442 3715 3637 3770 ἑαυτοῦ

2066 3805 2261 3878 κώμην
2290 3807 2425 3878 πρὸς
2452 3807 2553 3879 τὴν
2582 3807 2775 3861 ἑαυτοῦ
2805 3807 3037 3880 μητέρα.
3092 3807 3299 3863 ’ἰδοῦσα
3323 3807 3574 3865 &minim
3605 3813 3636 3876 ἠ

2071 3899 2253 3970 μήτηρ
2276 3895 2474 3964 αὑτοῦ,
2505 3896 2803 3962 ἀπεδέξατο
2829 3898 2991 3952 αὐτὸν
3019 3898 3158 3969 μετὰ
3188 3901 3386 3969 χαρᾶς,
3432 3899 3526 3952 καὶ
3554 3899 3641 3960 ἐξ-

2068 3988 2314 4059 ηγήσατο
2358 3986 2459 4041 ὅσα
2506 3986 2704 4056 συνέδη
2736 3986 2884 4058 αὐτῷ
2929 3987 3017 4041 διά
3058 3987 3152 4041 τοῦ
3200 3987 3436 4042 ἀτάκτου
3477 3986 3638 4053 ζώου.

2069 4078 2276 4148 Χρόνου
2306 4077 2362 4131 δέ
2391 4077 2750 4150 παρελθόντος
2806 4074 2958 4131 εἶπεν
3002 4079 3036 4149 ή
3089 4078 3272 4150 μήτηρ
3325 4078 3640 4147 Ἐπιφανίου

2070 4168 2208 4241 πρὸς
2254 4169 2448 4223 αὐτόν·
2487 4170 2617 4224 Ἰδοὺ
2646 4171 2710 4241 δή
2730 4211 2746 4236 ,
2776 4171 2989 4232 τέκνον,
3022 4171 3056 4238 ή
3089 4170 3160 4238 γῆ
3194 4169 3476 4240 ἀμελεῖται
3498 4210 3513 4235 ,
3547 4171 3641 4226 καὶ
3668 4176 3675 4182 ”

2070 4257 2414 4330 παραμύθιον
2454 4261 2586 4332 ἡμῖν
2611 4258 2763 4313 οὐδέν
2794 4260 2941 4312 ἐστιν
2970 4255 3031 4323 ἐξ
3056 4258 3245 4328 αὐτῆς.
3270 4256 3377 4313 Ἦν
3402 4259 3511 4330 γὰρ
3543 4261 3611 4312 αὐ
3632 4291 3643 4299 ·

2072 4352 2179 4414 τοῖς
2223 4350 2295 4421 γῆ
2335 4349 2440 4404 ίδία
2491 4350 2662 4429 μικρά
2684 4366 2698 4380 ·
2729 4350 2795 4419 ήν
2831 4349 2924 4402 καὶ
2962 4349 2991 4402 ὁ
3040 4348 3222 4421 πατὴρ
3275 4349 3437 4403 αὑτοῦ
3468 4351 3643 4421 ἐμπό-

2071 4458 2175 4505 νως
2206 4441 2410 4512 ταύτην
2439 4440 2723 4512 γεωργῶν,
2749 4436 2892 4510 εἶχέν
2920 4456 3042 4493 τινα
3075 4440 3423 4512 παραμυθίαν
3461 4442 3522 4506 ἐξ
3547 4443 3645 4494 αύ-

412 4552 663 4598 nostrum
695 4543 903 4599 homini
943 4545 1192 4616 agricola!
1224 4562 1239 4598 ι
1273 4556 1323 4600 ct
1353 4555 1407 4599 tn
1453 4544 1588 4598 vade
1625 4545 1690 4598 ad
1733 4544 1966 4614 aliquem
2000 4532 2190 4612 ῡτῆς·
2244 4526 2411 4585 Εἶπεν
2464 4525 2560 4585 Οὗν
2615 4531 2649 4600 ἢ
2695 4527 2865 4584 αὑτοῦ
2916 4531 3127 4601 μήτηρ·
3160 4530 3540 4602 ,Ἀποδὼμεθα
3585 4533 3645 4583 ‘²³³

415 4633 690 4688 hominem
742 4632 912 4690 Deum
954 4635 1259 4696 timentem,
1309 4644 1362 4689 et
1413 4635 1562 4690 disce
1617 4643 1812 4698 artem,
1862 4650 1968 4703 qna

413 4725 591 4794 possis
625 4734 677 4781 te
699 4727 866 4793 alere,
890 4726 1134 4798 mihique
1172 4736 1225 4782 et
1255 4735 1361 4782 tuae
1403 4726 1576 4781 sorori
1608 4741 1797 4795 panem
1842 4742 1971 4794 snp-

414 4815 669 4884 peditare.
1182 4828 1196 4838 “

485 4995 572 5051 lV.
633 4994 763 5049 Erat
800 5001 980 5048 autem
1028 4993 1248 5062 quidam
1292 4991 1512 5048 Judaeus
1546 4989 1889 5060 legisperitus
1918 4989 1971 5041 in

412 5085 631 5140 civitate
662 5082 1085 5150 Eleutheropoli,
1117 5083 1200 5135 vir
1230 5083 1582 5137 admirandus
1605 5090 1658 5136 et
1685 5079 1974 5150 religiosus

413 5174 778 5243 congruenter
808 5170 909 5240 legi
939 5169 1158 5240 Moysis.
1209 5168 1259 5223 ls
1307 5170 1540 5225 habebat
1569 5167 1974 5238 possessionem

414 5265 470 5319 in
499 5262 642 5330 vico,
667 5263 722 5317 in
751 5278 861 5332 quo
886 5270 1047 5319 natus
1079 5267 1196 5317 erat
1226 5258 1580 5330 Epiphanius.
1613 5259 1707 5329 qui
1737 5260 1849 5329 jam
1883 5273 1977 5313 co-

415 5353 709 5426 gnoscebat
729 5352 848 5423 ejus
887 5363 1095 5422 patrem
1121 5360 1175 5408 et
1215 5357 1464 5416 matrem,
1500 5348 1748 5405 similiter
1792 5358 1973 5403 autem

416 5443 777 5515 Epiphauinm
832 5444 1036 5514 eteius
1077 5457 1344 5500 sororem.
1374 5439 1425 5496 ls
1468 5455 1594 5496 cum
1625 5439 1865 5496 venisset
1905 5437 1974 5493 ad

419 5533 664 5589 visendas
716 5547 843 5587 suas
898 5533 1303 5601 possessiones,
1346 5528 1482 5585 dixit
1537 5527 1696 5583 matri
1739 5525 1977 5598 Epipha-

418 5621 492 5676 nii
521 5640 534 5676 ι
582 5618 793 5682 Mulier,
825 5619 910 5673 vis
947 5618 1076 5674 dare
1119 5618 1247 5672 mihi
1283 5617 1450 5672 lilium
1483 5628 1635 5673 tuum
1668 5616 1723 5672 in
1759 5616 1977 5671 lilium?

365 5741 371 5746 -
420 5720 584 5779 tuque
631 5719 684 5763 et
739 5719 828 5763 tua
876 5707 983 5761 lilia
1017 5707 1278 5776 parabitis
1322 5723 1352 5761 c
1399 5707 1562 5762 domo
1593 5717 1801 5771 nostra,
1847 5723 1971 5778 qum

419 5809 577 5856 erunt
611 5798 927 5855 vohisusni.
955 5797 1121 5855 Mater
1147 5808 1324 5854 antem
1363 5798 1667 5870 Epiphanii,
1701 5815 1823 5853 cum
1858 5800 1970 5854 lucc

2072 4623 2275 4694 γηίδιον
2296 4621 2452 4694 ήμῶν
2479 4619 2749 4693 ἀνθρώπῳ
2771 4620 3000 4694 γεωργῷ
3020 4638 3034 4651 ·
3064 4621 3159 4676 καὶ
3182 4623 3246 4675 σὺ
3271 4620 3482 4675 εἴσελθε
3508 4623 3644 4692 πρὸς

2073 4714 2328 4784 θεόφοΰον
2364 4712 2666 4783 ἄνθρωπον,
2729 4713 2825 4767 καὶ
2868 4713 2961 4767 ἐσο
3000 4712 3381 4783 διδασκόμενος
3429 4713 3641 4782 τέχνην,

2072 4804 2139 4858 δι’
2168 4800 2237 4875 ἦς
2266 4802 2490 4855 δύνασαι
2532 4801 2626 4856 καὶ
2657 4802 2847 4856 ἐαυτὸν
2873 4804 3100 4876 τρέφειν
3117 4843 3133 4870 ,
3161 4803 3256 4857 καὶ
3284 4803 3429 4873 ἐμοὶ,
3456 4804 3548 4856 καὶ
3577 4804 3643 4871 τῇ

2075 4892 2275 4965 ἀδελφῇ
2306 4909 2401 4946 σου
2426 4893 2585 4964 ἄρτον
2615 4896 2885 4964 χορηγεῖν.

2145 4986 2217 5037 Δ·.
2260 4979 2368 5036 Ἧν
2396 4983 2454 5035 δέ
2476 4998 2560 5047 τις
2597 4984 2850 5047 Ἰουδαῖος
2882 4984 3328 5055 νομοδιδάσκαλος
3361 4987 3417 5040 ἐν
3462 4985 3643 5040 Ἐλευ-

2077 5075 2376 5148 θεροπόλει,
2411 5075 2550 5146 ἀνὴρ
2580 5074 2891 5144 θαυμαστὸς
2922 5075 3015 5129 καὶ
3060 5075 3344 5146 θεοσεὸὴς,
3384 5076 3525 5130 κατὰ
3555 5076 3644 5130 τὸν

2075 5163 2237 5235 νόμον
2268 5164 2568 5228 Μωῦσέως.
2609 5159 2777 5228 uiam
2820 5162 2965 5237 εἶχεν
3003 5169 3225 5239 κτήσεις
3268 5170 3325 5221 ἐν
3364 5169 3431 5237 τῇ
3463 5165 3642 5236 κώμῃ,

2076 5256 2133 5309 ἐν
2165 5248 2198 5329 ᾗ
2233 5255 2491 5328 ἐγεννήθη
2543 5256 2889 5328 Ἐπιφάνιος·
2936 5259 2996 5323 ὃς
3041 5259 3135 5312 καὶ
3173 5259 3267 5313 τὸν
3305 5259 3515 5328 πατέρα
3545 5257 3642 5310 αύ-

2076 5342 2169 5397 τοῦ
2205 5343 2361 5415 ᾔδει,
2411 5345 2505 5398 καὶ
2546 5344 2646 5418 τὴν
2697 5347 2907 5418 μητέρα
2953 5346 3269 5414 ἐγίνωσκεν,
3311 5346 3509 5417 ὁμοίως
3553 5346 3640 5399 καλ

2090 5432 2405 5503 Ἐπιφάνιον
2436 5435 2528 5488 καὶ
2551 5433 2649 5507 τὴν
2676 5436 2839 5490 αὐτοῦ
2872 5435 3129 5506 ἀδελφήν.
3178 5431 3346 5500 Οὗτος
3390 5435 3643 5488 εἰσελθὼν

2077 5525 2159 5589 είς
2192 5525 2476 5595 ἐπίσκεψιν
2500 5527 2609 5581 τῶν
2636 5527 2829 5581 ἐαυτοῦ
2861 5529 3183 5598 κτημάτων,
3211 5523 3361 5581 εἶπεν
3388 5526 3520 5595 πρὸς
3545 5527 3643 5595 τὴν

2080 5617 2290 5688 μητέρα
2345 5618 2658 5687 Ἐπιφανίου
2683 5634 2697 5649 ·
2746 5619 2928 5678 Γύναι.
2976 5619 3139 5692 βούλῃ
3187 5637 3275 5688 μοι
3327 5617 3508 5672 δοῦναι
3553 5607 3642 5670 τὶν

2078 5707 2191 5761 υἱόν
2219 5725 2313 5761 σου
2337 5709 2416 5772 εἰς
2447 5709 2561 5761 υἱόν
2585 5725 2599 5771 ;
2624 5709 2715 5761 καὶ
2748 5710 2844 5779 ἔσῃ
2870 5710 2961 5761 καὶ
2995 5711 3057 5762 σὺ
3095 5712 3187 5762 καὶ
3216 5711 3247 5779 ή
3274 5708 3518 5779 θυγάτηρ
3550 5692 3641 5762 σου

2077 5798 2176 5862 τὰς
2200 5798 2386 5867 χρείας
2416 5799 2566 5858 ὑμῶν
2600 5798 2946 5866 wasagrim-222
2982 5803 3043 5852 ἐκ
3064 5798 3155 5852 τοῦ
3178 5799 3443 5870 ήμετέρου
3464 5801 3639 5859 οἴκου.
