3850 6517
299 507 403 565 033
908 499 1279 559 ADVERSUS
1315 502 1654 562 RAERESES
1688 503 1816 558 ΜΒ.
1851 500 1892 555 Ι.
1927 500 2095 557 Tou.
2134 498 2224 555 m.
2245 531 2315 541 —
2339 496 2616 555 BAERES.
2657 492 2900 551 xxxvl.
3429 490 3535 547 5³4

297 621 514 695 κεφαλὴ
554 620 615 675 ὲν
670 619 935 690 συντομία
981 619 1444 691 κατακλασθῆναι.
1488 620 1779 692 Παρελθὼν
1809 620 1869 673 δὲ
1895 626 1942 684 A
1969 617 2253 681 obterere,
2330 614 2477 685 quod
2535 609 2964 682 tetragnathum,
3016 606 3120 663 boc
3166 612 3253 662 est
3308 613 3535 674 quatuor

296 715 488 765 τοῦτον
537 710 721 774 πάλιν,
771 708 872 772 τας
926 707 1054 779 ἑξῆς
1101 708 1478 780 διασκοπήσω*
1523 709 1620 763 καὶ
1663 708 1866 773 ταύτας
1966 707 2126 762 malis
2165 704 2448 775 praeditum
2503 711 2736 759 vocant:
2797 709 2892 757 aut
2948 700 3097 757 velut
3152 695 3535 768 amphisbaeuae

296 802 530 871 διεξιὼν,
572 803 639 857 δι’
668 801 836 872 εὐχῆς
862 801 1091 870 αἰτήσω,
1123 799 1193 854 τὰ
1237 800 1338 869 μὲν
1365 801 1486 854 κατ’
1516 797 1688 863 αὐτὰς
1723 799 1865 853 κατὰ
1964 796 2205 868 bicipitis
2231 796 2432 868 viperae
2485 794 2764 850 desectum
2813 796 2980 863 capu't
3035 788 3399 863 confringere·
3427 784 3536 840 Sed

304 895 559 964 ιληθειαν
584 894 819 960 ἐξειπεῖν
838 930 857 957 ,
887 889 1091 962 μηδένα
1114 889 1173 944 δὲ
1193 887 1395 965 βλάψαι
1415 927 1433 956 ,
1464 887 1499 959 ἢ
1532 887 1695 954 αὐτὸς
1730 887 1862 959 βλα-
1963 888 2068 943 boc
2089 887 2297 944 omisso
2319 887 2562 956 reliquas
2591 899 3007 955 persequamur.
3025 884 3181 952 Quod
3202 883 3329 939 dum
3355 894 3538 951 aggre-

297 990 477 1059 6ῆναι.
1962 976 2106 1045 dior,
2123 980 2349 1051 supplex
2377 992 2410 1032 a
2439 977 2551 1033 Deo
2584 979 2823 1047 postulo,
2856 985 2918 1033 ut
2941 990 3064 1046 quae
3089 973 3160 1029 ad
3191 975 3313 1030 illas
3365 969 3536 1042 perti-

300 1085 454 1143 nent,
482 1079 558 1134 ita
606 1092 674 1134 ex
726 1076 808 1133 rei
855 1073 1088 1131 veritate
1142 1072 1442 1145 proferam,
1496 1071 1645 1130 nulla
1700 1074 1765 1127 ut
1804 1066 1865 1128 in
1890 1082 2218 1141 quemquam
2237 1075 2402 1141 atque
2419 1065 2556 1122 adeo
2579 1065 2846 1136 meipsum
2869 1079 2937 1119 ex
2963 1078 3031 1119 eo
3084 1061 3237 1117 fraus
3291 1075 3356 1116 ac
3411 1073 3535 1129 per-

304 1171 473 1227 nicies
505 1170 793 1227 redundet.

680 1283 871 1337 RATA
914 1280 1449 1339 HPAKAEanTssN
1460 1322 1479 1349 ,

487 1390 934 1464 Ἐξκαιδεκάτη,
971 1395 1014 1463 ἡ
1050 1394 1149 1449 καί
1185 1393 1507 1465 τριακοστὴ
1522 1394 1687 1463 ἕκτη.

364 1527 439 1583 A'.
458 1526 767 1599 Ἡρακλέων
779 1543 864 1590 τις
875 1525 1064 1592 τοῦτον
1080 1526 1166 1579 τὸν
1181 1525 1527 1598 Κολόρδασον
1541 1524 1859 1598 διαδέχεται,

2290 1272 2573 1333 CONTRA
2616 1268 3210 1336 HERACLEONITAS,

2176 1384 2309 1452 Quoe
2353 1394 2435 1443 est
2472 1385 2687 1440 heresis
2713 1379 2875 1450 XVI,
2915 1382 2993 1437 vel
3034 1377 3305 1435 XXXVI.

2031 1521 2073 1580 1.
2101 1524 2402 1581 Colorbaso
2424 1523 2671 1582 succedit
2692 1520 3015 1583 Heracleon,
3037 1535 3068 1575 a
3105 1532 3216 1589 quo
3257 1487 3530 1573 Heraclio·

300 1618 392 1687 ἀφ’
424 1609 595 1688 οὗπερ
620 1619 669 1670 οἰ
697 1616 1119 1688 Ἡρακλεωνῖται
1146 1617 1491 1688 καλούμενοι,
1519 1618 1671 1672 οὐδὲν
1696 1611 1859 1686 ἧττον
1959 1614 2197 1670 nitarum
2235 1620 2387 1671 secta
2438 1613 2771 1676 nominatur,
2829 1607 3186 1664 nihilominus
3236 1620 3400 1676 quam
3426 1619 3535 1659 οε-

296 1710 397 1779 τῆς
455 1706 608 1779 παρὰ
643 1706 831 1762 τοῦτον
874 1708 1201 1778 κενοφωνίας
1232 1709 1563 1779 ἠσκημένος.
1614 1709 1725 1762 Καὶ
1760 1710 1861 1761 δσα

299 1803 399 1872 μὲν
436 1801 631 1853 ἐκεῖνοι
665 1799 903 1867 λέγουσι,
932 1800 1027 1853 καὶ
1067 1793 1216 1862 οὗτος
1247 1797 1488 1871 ὁρίζεται
1516 1798 1657 1854 κατὰ
1682 1800 1861 1853 πάντα

1966 1698 2072 1755 teri
2102 1699 2265 1770 nugis
2290 1714 2358 1755 ac
2381 1698 2680 1755 mendaciis
2709 1697 3031 1753 instructus.
3075 1692 3350 1763 Quidquid
3388 1692 3534 1747 enim

1966 1791 2038 1846 ab
2066 1791 2173 1847 illis
2221 1790 2510 1859 asseritur,
2566 1790 2657 1845 hic
2711 1796 2893 1844 tuetur
2930 1802 2994 1841 ac
3026 1783 3269 1842 defendit
3312 1785 3533 1840 omnia:

294 1891 515 1963 τρόπον,
543 1885 630 1942 οἷα
652 1890 717 1961 δὴ
747 1889 808 1954 εξ
836 1888 1019 1942 αὐτῶν
1041 1889 1377 1961 ὁρμώμενος,
1406 1891 1501 1945 καὶ
1524 1891 1655 1961 παρ’
1682 1889 1861 1944 αὐτῶν
1892 1895 1936 1950 Β
1963 1886 2152 1951 utpote
2176 1880 2271 1951 qui
2303 1880 2373 1933 ab
2396 1879 2504 1933 illis
2524 1890 2701 1933 ortum
2732 1877 2936 1948 pariter
2968 1889 3032 1930 ac
3049 1882 3370 1929 venenatam
3387 1874 3534 1929 luem

294 1978 385 2033 τὸν
422 1978 499 2031 ἰὸν
529 1977 966 2049 ἀπομαξάμενος,
999 1978 1385 2051 περισσότερον
1430 1980 1487 2033 δὲ
1533 1979 1691 2049 δῆθεν
1731 1979 1871 2052 ὑπὲρ

293 2069 536 2132 ἐκείνους
572 2069 631 2124 ὲν
676 2068 853 2140 έαυτῷ
884 2068 1384 2140 ἀνατυπωσάμενος
1429 2087 1572 2135 τινα,
1620 2069 1869 2139 βούλεται

292 2159 532 2223 ἐκείνους
587 2159 938 2230 ὑπεραίρειν,
998 2160 1087 2214 ἴνα
1143 2159 1238 2215 καὶ
1301 2159 1483 2230 ἐαυτῷ
1550 2160 1870 2231 συναγωγὴν

292 2250 585 2322 ποιήσηται
614 2249 723 2304 τῶν
749 2250 1133 2323 ἠπατημένων.
1174 2234 1338 2305 Οὗτοι
1375 2250 1485 2322 γὰρ
1532 2250 1750 2315 πάντες,
1788 2252 1870 2314 είς

292 2340 787 2408 ἑκατοντακέφαλον
820 2341 1044 2404 ἑαυτοὺς
1094 2340 1548 2405 ἀνατυπώσαντες
1596 2339 1758 2412 σῶμα
1773 2380 1790 2407 ,
1832 2340 1867 2411 ἢ

296 2427 773 2497 ὲκατοντάχειρον,
814 2427 905 2480 τόν
954 2446 1086 2482 ποτε
1140 2429 1510 2501 μυθευόμενον
1562 2429 1714 2501 παρὰ
1753 2432 1869 2494 τοῖς

298 2514 406 2568 τῶν
440 2514 705 2586 Ἐλλήνων
739 2520 991 2588 ποιηταῖς
1030 2518 1369 2589 ἐμιμήσαντο
1401 2520 1608 2574 Κόττον
1634 2522 1668 2592 ἢ
1702 2520 1869 2591 Βριά-

298 2623 460 2677 ρεων,
490 2605 549 2659 δν
592 2607 685 2661 καὶ
714 2606 992 2677 Αἰγαίωνα
1018 2607 1292 2674 καλοῦσιν,
1313 2612 1349 2681 ἢ
1368 2610 1569 2684 Γύγην,
1592 2612 1627 2683 ἢ
1652 2612 1744 2665 τὸν
1768 2629 1869 2666 κα·

293 2696 551 2766 λούμενον
580 2699 782 2769 Ἀργον
818 2696 909 2751 τὸν
942 2696 1379 2769 πολυόφθαλμον,
1410 2698 1555 2764 οἴους
1581 2701 1776 2754 ἐκείνοι
1808 2701 1869 2753 ὲν

292 2790 415 2850 ταῖς
437 2786 645 2841 ἑαυτῶν
673 2786 974 2858 ραψῳδίαις
996 2804 1053 2842 τε
1062 2787 1404 2859 ρατεύονται,
1435 2790 1865 2860 ποιητευόμενοι,

293 2877 389 2929 καὶ
419 2877 668 2947 λέγοντες
699 2878 846 2947 ἔχειν
874 2876 964 2932 τὸν
1008 2877 1112 2948 μὲν
1155 2877 1350 2931 έκατδν
1377 2880 1583 2950 χεῖρας,
1614 2879 1708 2932 καὶ
1737 2879 1869 2933 ποτὲ

295 2967 431 3037 μὲνι
477 2971 816 3040 πεντήκοντα
854 2970 1114 3040 κεφαλὰς,
1147 2970 1276 3023 ποτὲ
1325 2968 1382 3022 δὲ
1429 2958 1619 3023 ἑκατόν
1640 2986 1654 2999 ·
1687 2970 1779 3024 τὸν
1808 2969 1867 3024 δὲ

291 3058 488 3114 ἑκατὸν
525 3059 852 3131 ὀφθαλμούς.
881 3062 993 3115 Καὶ
1013 3060 1203 3115 τούτου
1237 3061 1401 3114 ἕνεκα
1436 3062 1570 3131 φασὶ
1612 3060 1702 3115 τὸν
1745 3061 1868 3133 Ἕρ-

292 3148 406 3221 μῆν
444 3148 727 3206 καλεῖσθαι
753 3151 1164 3223 Ἀργειφόντην,
1190 3152 1265 3216 ὡς
1291 3151 1383 3205 τὸν
1412 3152 1613 3224 Ἀργον
1636 3152 1729 3205 τὸν
1769 3169 1867 3205 πο-

289 3236 635 3313 λυόφθαλμον
666 3244 1055 3313 πφονευκότα.
1081 3243 1237 3299 Οὕτω
1259 3243 1354 3299 καὶ
1383 3243 1588 3299 τούτων
1611 3245 1864 3309 ἕκαστος,

296 3330 618 3403 βουλόμενος
664 3334 845 3405 ἐαυτῷ
889 3336 1064 3407 ἀρχὴν
1116 3334 1565 3408 προστήσασθαι,
1618 3334 1861 3405 κεφαλὴν

296 3422 576 3493 ὠνόμασεν
611 3425 815 3489 ἑαυτὸν,
847 3425 1011 3497 ἔτερα
1042 3426 1392 3500 ὑπεισφέρων
1430 3420 1604 3500 παρὰ’
1625 3427 1727 3498 τὴν
1753 3426 1862 3481 τῶν

293 3509 626 3569 διδασκάλοιν
666 3515 829 3570 αὐτοῦ
874 3517 1264 3589 ματαιοπονίαν
1293 3519 1387 3572 καὶ
1435 3516 1680 3590 μανιώδη
1718 3518 1865 3574 διδα-

1974 1971 2225 2027 traxerit.
2267 1969 2377 2025 Sed
2419 1965 2680 2024 nonnulla
2728 1974 2909 2022 tamen
2949 1980 2981 2020 a
3029 1980 3089 2022 se
3141 1963 3447 2034 excogitata
3482 1971 3538 2019 et

1971 2065 2204 2122 conficta
2241 2064 2309 2119 ad
2350 2077 2540 2119 eorum
2591 2059 2877 2131 opiniones
2929 2055 3214 2126 adjiciens,
3275 2068 3538 2124 superare

1968 2160 2113 2222 illos,
2145 2172 2209 2212 ac
2237 2155 2515 2227 propriam
2570 2155 2675 2210 sibi
2702 2152 2945 2209 scholam
2979 2148 3258 2204 vindicare
3301 2146 3533 2204 studuit.

1968 2252 2185 2307 Etenim
2221 2264 2414 2307 omnes
2439 2247 2531 2304 isti
2555 2246 2833 2316 centiceps
2858 2258 2918 2300 se
2951 2242 3005 2297 in
3044 2255 3246 2311 corpus
3267 2254 3331 2295 ac
3358 2238 3565 2295 centi-.

1968 2356 2191 2397 manum
2247 2336 2728 2401 transformantes,
2799 2335 3071 2406 gigantem
3136 2331 3289 2386 illum
3349 2330 3538 2385 nescio

1968 2448 2130 2505 quem
2180 2447 2212 2487 e
2266 2429 2582 2485 Graecorum
2630 2425 2831 2481 fabulis
2872 2424 3183 2493 exprimere
3223 2421 3536 2487 voluerunt,

1969 2523 2188 2579 Cottum
2222 2521 2440 2592 opinor,
2481 2525 2575 2574 aut
2634 2517 2944 2573 Briareum:
2998 2530 3164 2587 quem
3203 2522 3257 2569 et
3291 2512 3539 2583 AEgeona

1967 2612 2261 2677 dixerunt,
2303 2619 2395 2666 aut
2450 2609 2657 2683 Gygen,
2710 2617 2804 2662 aut
2841 2607 3047 2677 Argum
3097 2605 3323 2660 infinitis
3373 2603 3536 2673 263

1967 2702 2143 2758 oculis
2168 2700 2486 2772 praeditum,
2526 2696 2835 2767 cujusmodi
2877 2702 3146 2765 portenta¹
3168 2693 3287 2750 suis
3315 2692 3394 2747 illi
3419 2707 3540 2747 car·
3586 2708 3615 2725 Χ
3644 2755 3655 2761 ᾖ

1967 2792 2209 2847 minibus
2234 2791 2413 2847 solent
2437 2788 2768 2853 describere,
2794 2794 2854 2842 ut
2890 2794 3110 2842 centum
3142 2786 3298 2842 alteri
3316 2800 3534 2851 manus,

1967 2899 2092 2939 cum
2122 2882 2540 2955 quinquaginta,
2571 2882 2656 2936 vel
2689 2880 2853 2935 etiam
2901 2861 3163 2935 centeni?
3217 2879 3537 2950 capitibus;

1967 2980 2186 3029 eentum
2227 2971 2418 3027 oculos
2465 2969 2621 3025 alteri
2675 2968 2942 3025 tribuant.
3000 2967 3175 3037 Quam
3205 2969 3277 3024 ob
3315 2982 3540 3024 causam

1968 3062 2297 3121 Mercurium
2325 3062 2508 3118 serunt
2541 3060 2927 3132 Argipbontem
2966 3075 3090 3117 esse
3134 3059 3361 3123 dictum,
3393 3059 3540 3129 quod

1971 3154 2161 3211 multis
2186 3153 2487 3209 luminibus
2527 3149 2811 3223 praeditum
2864 3150 3068 3223 Argum
3117 3148 3401 3206 occiderit.
3448 3147 3541 3205 Sic

1972 3248 2188 3303 illorum
2240 3246 2469 3318 quilibet
2517 3244 2883 3316 principatum
2940 3241 3239 3307 affectans,
3296 3241 3539 3312 seipsum

1972 3347 2136 3410 caput
2152 3337 2409 3410 appellat,
2445 3344 2502 3393 et
2521 3341 2964 3407 apraeceptorum
2985 3333 3197 3388 insanis
3222 3346 3286 3386 ac
3318 3331 3544 3388 furiosis

1964 3427 2311 3499 dogmatibus
2342 3425 2557 3481 diversa
2589 3422 2838 3494 quaedam
2890 3421 3183 3494 excogitat.
3223 3419 3427 3477 Verum
3472 3436 3545 3479 ne

1964 3518 2024 3575 in
2063 3517 2340 3590 prael'ando
2372 3518 2476 3573 sim
2515 3517 2754 3588 longior,
2774 3514 2842 3569 ad
2867 3528 2983 3570 rem
3010 3514 3185 3585 ipsam
3226 3512 3540 3585 aggrediar.

298 3610 540 3667 σκαλίαν.
571 3611 687 3668 Ἵνα
717 3612 776 3669 δὲ
826 3612 903 3687 μὴ
942 3616 1023 3678 είς
1049 3613 1183 3669 πολὺ
1231 3617 1405 3686 μῆκος
1444 3615 1624 3669 tidem
1668 3616 1766 3671 τοῦ
1810 3616 2102 3690 προοιμίου
2137 3614 2238 3687 τὴν
2271 3612 2558 3679 σύνταξιν,
2603 3612 2895 3685 ἐλεύσομαι
2934 3612 3014 3675 είς
3049 3610 3112 3664 τὸ
3162 3611 3540 3683 προκείμενον.

362 3727 439 3785 B'.
466 3727 781 3797 ’Πρακλέων
796 3729 977 3782 τοίνυν
999 3724 1176 3791 οὗτος,
1201 3729 1296 3780 καὶ
1318 3730 1367 3780 οἱ
1393 3728 1488 3780 ἀπ’
1513 3728 1679 3782 αὐτοῦ
1704 3730 1868 3799 Ἦρα-

295 3820 601 3880 κλεωνῖται,
629 3818 703 3880 ὡς
728 3821 1009 3887 προεῖπον,
1030 3817 1234 3885 ὁμοίως
1260 3815 1469 3887 Μάρκῳ
1500 3816 1594 3870 καί
1615 3833 1726 3871 τισι
1756 3818 1865 3873 τῶν

296 3908 405 3979 πρὸ
449 3907 615 3961 αὑτοῦ
655 3908 784 3977 περὶ
822 3906 932 3960 τῶν
986 3905 1283 3975 Ὀγδοάδων
1330 3906 1530 3977 φάσκει
1552 3945 1568 3972 ,
1608 3908 1710 3978 τῆς
1750 3910 1864 3964 ἄνω

299 4002 443 4069 φημὶ
465 4000 560 4050 καὶ
586 3998 684 4067 τῆς
703 3996 873 4051 κάτω.
904 3996 1134 4049 Ἔπειτα
1154 3996 1211 4051 δὲ
1235 3998 1330 4051 καὶ
1356 3995 1455 4060 τὰς
1473 3997 1734 4067 συζυγίας
1752 3998 1863 4052 τῶν

300 4091 593 4161 τριάκοντα
634 4086 852 4142 Αίώνων
895 4086 1025 4152 ἴσως
1062 4086 1291 4153 δοξάζει.
1324 4089 1642 4162 Ἄνθρωπον
1674 4090 1731 4145 δὲ
1766 4092 1863 4145 καὶ

300 4179 462 4245 αὐτὸς
491 4180 687 4250 φάσκει
711 4174 849 4231 εἶναι
872 4178 963 4231 τὸν
989 4178 1101 4233 ἄνω
1126 4178 1233 4233 τῶν
1254 4178 1390 4234 δλων
1411 4180 1652 4252 Πατέρα,
1676 4181 1736 4235 δν
1767 4181 1863 4235 καὶ

296 4270 470 4324 Βυθὸν
514 4268 939 4341 προσηγόρευσε.
987 4269 1247 4324 Βούλεται
1286 4270 1344 4324 δὲ
1384 4272 1549 4327 αὐτὸν
1580 4271 1675 4325 καὶ
1702 4272 1865 4336 αὐτὸς

296 4362 477 4431 λέγειν
506 4363 640 4433 μήτε
664 4361 834 4433 ἄρρεν
863 4360 1002 4433 μήτε
1026 4359 1161 4431 θῆλυ
1179 4375 1195 4390 ·
1242 4360 1302 4429 ἐξ
1324 4361 1489 4417 αὐτοῦ
1511 4363 1568 4416 δὲ
1600 4359 1739 4417 εἶναι
1767 4361 1867 4434 τὴν

1976 3761 1982 3766 -
2034 3727 2100 3784 ll.
2126 3726 2423 3784 Heracleon
2458 3725 2627 3796 igitur
2647 3739 2769 3779 cum
2799 3723 2937 3788 suis,
2968 3728 3028 3775 ut
3049 3719 3310 3786 diximus,
3331 3722 3523 3779 eadem

1965 3827 2092 3871 cum
2127 3817 2334 3884 Marco,
2384 3815 2616 3887 aliisque
2668 3815 2762 3885 qui
2811 3812 3054 3869 Marcum
3090 3820 3531 3879 antecesserunt,

1963 3908 2032 3964 de
2067 3907 2440 3981 ogdoadibus,
2472 3907 2758 3978 superiore
2815 3906 3074 3962 nimirum
3127 3911 3184 3962 et
3240 3904 3526 3971 inferiore,

1961 4000 2151 4057 sentit.
2178 3998 2384 4056 Deinde
2399 4000 2622 4072 triginta
2643 3996 2883 4054 AEonum
2919 3995 3074 4067 paria
3117 3995 3261 4052 haud
3297 3995 3538 4052 absimili

1963 4090 2180 4146 ratione
2231 4090 2536 4147 constituit.
2588 4086 2874 4144 Hominem
2938 4102 3160 4159 quoque
3213 4101 3534 4157 supremum

1968 4182 2214 4238 omnium
2283 4179 2573 4239 Parentem
2630 4179 2967 4251 pronuntiat,
3012 4192 3175 4249 quem
3214 4186 3270 4234 et
3309 4176 3540 4248 Bytltum

1968 4272 2233 4328 nominat.
2286 4269 2548 4327 Eumdem
2575 4284 2679 4327 nec
2707 4284 2916 4325 marem
2959 4283 3086 4325 esse
3134 4282 3234 4324 nec
3281 4268 3542 4325 seminam

1970 4370 2149 4434 putat,
2187 4377 2220 4417 a
2244 4376 2355 4434 quo
2400 4363 2778 4418 universorum
2801 4368 2975 4417 mater
2999 4359 3252 4427 exsistat,
3291 4374 3455 4430 quam
3485 4368 3543 4417 et

294 4454 405 4509 τῶν
441 4454 578 4508 ὅλων
613 4454 862 4527 μητέρα,
890 4453 957 4523 ῆν
985 4452 1083 4507 καὶ
1116 4452 1281 4524 Σιγην
1310 4454 1565 4526 ὀνομάζει
1591 4455 1687 4509 καὶ
1711 4454 1867 4524 Ἀλή-
1900 4432 1948 4489 Ῐ)
1976 4453 2164 4525 Sigen,
2203 4462 2259 4510 et
2301 4453 2602 4510 Veritatem
2656 4452 2913 4525 appellat.
2967 4453 3051 4509 Ab
3089 4451 3193 4509 bac
3243 4454 3541 4511 secundam

299 4545 469 4599 θειαν.
500 4546 623 4598 Ἀπ’
650 4544 819 4615 αὐτῆς
850 4543 907 4597 δὲ
935 4538 1075 4597 εἶναι
1105 4542 1204 4613 τὴν
1232 4543 1491 4616 δευτέραν
1535 4544 1746 4615 μητέρα
1772 4544 1872 4615 τὴν

298 4642 356 4694 έν
385 4636 525 4709 λήθῃ
558 4636 887 4707 γενομένην,
929 4636 998 4705 ἡν
1041 4637 1136 4688 καὶ
1169 4633 1424 4706 ’Δχαμὼθ
1457 4635 1550 4689 καὶ
1582 4635 1743 4699 αὐτὸς
1773 4653 1870 4690 κα-

296 4728 412 4783 λεῖ·
444 4727 507 4793 ἐξ
531 4727 598 4798 ἧς
625 4726 808 4781 λοιπὸν
851 4724 921 4779 τὰ
953 4726 1131 4780 πάντα
1156 4726 1213 4777 ὲν
1242 4726 1579 4797 ὑστερήματι
1608 4725 1867 4797 κατέστη.

298 4818 554 4873 Βούλεται
586 4816 643 4870 δὲ
669 4816 890 4870 πλείονα
915 4815 1027 4869 τῶν
1047 4814 1157 4885 πρὸ
1176 4814 1340 4869 αὐτοῦ
1362 4814 1457 4869 καὶ
1482 4807 1637 4879 οὗτος
1664 4804 1867 4885 λέγειν,

299 4908 462 4964 ἅτινά
490 4908 607 4961 ἐστι
639 4906 797 4960 τάδε·
844 4906 983 4971 Τοὺς
1009 4903 1377 4970 τελευτῶντας
1413 4906 1508 4958 ἀπ’
1537 4904 1736 4971 αὐτῶν,
1774 4906 1871 4958 καὶ

299 5002 393 5055 ἐπὶ
423 5000 595 5070 αὐτὴν
616 4999 716 5069 τὴν
759 4998 934 5064 ἔξοδον
964 4999 1298 5068 φθάνοντας,
1340 4998 1449 5051 ἀπὸ
1477 4997 1572 5052 τοῦ
1612 5012 1872 5069 προειρη-

303 5092 466 5165 μένου
503 5090 730 5161 Μάρκου
761 5088 861 5153 τὰς
887 5090 1185 5161 προφάσεις
1215 5090 1451 5160 εἰληφὼς
1477 5128 1493 5155 ,
1528 5090 1711 5143 οὐκέτι
1749 5090 1869 5145 κατ’

300 5184 507 5238 ἐκεῖνον
548 5178 839 5251 λυτροῦται
864 5219 881 5243 ,
915 5180 1050 5233 ἀλλὰ
1104 5180 1277 5244 ἄλλως
1305 5173 1459 5244 οὗτος
1495 5178 1868 5251 μεταχειρίζε-

298 5293 389 5331 ται
411 5316 428 5340 ,
460 5274 824 5346 λυτρούμενος
854 5272 1013 5343 δῆθεν
1045 5273 1156 5344 (όΞ)
1191 5273 1328 5343 πρὸς
1372 5275 1438 5341 τῇ
1483 5272 1706 5343 τελευτῇ
1744 5272 1870 5335 τοὺς

302 5368 393 5420 ὑπ’
443 5364 609 5420 αὐτοῦ
656 5364 1052 5436 ἀπατηθέντας.
1098 5362 1234 5417 Ποτὲ
1265 5361 1372 5431 γάρ
1402 5378 1543 5427 τινες
1572 5361 1632 5426 ὲξ
1663 5361 1866 5427 αὐτῶν,

300 5458 478 5511 ἔλαιον
511 5455 665 5511 ὕδατι
708 5456 993 5527 μίξαντες,
1036 5453 1385 5511 ὲπιδαλλουσι
1426 5455 1492 5512 τῇ
1527 5453 1733 5525 κεφαλῇ
1768 5452 1865 5508 τοῦ

1972 4551 2239 4610 matrem,
2286 4560 2409 4615 quae
2464 4546 2520 4600 in
2555 4544 2831 4602 oblivione
2872 4545 3050 4615 posita
3101 4554 3220 4611 est,
3273 4546 3543 4617 originem

1973 4637 2228 4700 traxisse,
2250 4651 2413 4707 quam
2441 4637 2745 4691 Achamoth
2772 4636 2996 4706 perinde
3030 4645 3090 4691 ut
3115 4637 3208 4691 alii
3240 4644 3540 4707 nuncupat,

1971 4741 2001 4780 a
2032 4742 2139 4797 qua
2176 4726 2433 4798 deinceps
2486 4727 2543 4781 in
2591 4725 2803 4782 defectu
2837 4725 3137 4781 constituta
3165 4734 3294 4781 suut
3335 4728 3539 4782 omnia.

1976 4814 2079 4871 Sed
2112 4817 2348 4887 amplius
2381 4815 2641 4887 quiddam
2693 4830 2856 4886 quam
2899 4816 3211 4885 superiores
3245 4800 3438 4873 omnes
3484 4816 3542 4871 in

1975 4909 2233 4979 opinione
2268 4924 2367 4965 sua
2403 4907 2607 4980 posuit.
2665 4906 2878 4963 Etenim
2914 4908 3101 4978 quiex
3151 4922 3342 4963 eorum
3379 4921 3542 4979 grege

1973 5000 2225 5055 morituri
2277 5008 2426 5066 sunt,
2466 5000 2815 5057 occasionem
2865 5007 3062 5056 nactus
3105 5015 3137 5054 a
3178 4998 3390 5066 Marco,
3429 5016 3541 5056 non

1973 5092 2162 5149 eodem
2198 5102 2381 5148 tamen
2432 5107 2543 5164 quo
2598 5091 2705 5148 iste
2759 5093 2922 5149 modo
2974 5092 3221 5160 redimit;
3251 5092 3351 5159 *sed
3380 5091 3540 5148 aliam
3592 5071 3599 5084 ⁸

1974 5183 2266 5253 quamdam
2303 5182 2577 5260 ejusmodi
2619 5183 2674 5237 in
2711 5182 2944 5238 salutem
2999 5180 3314 5236 vindicandi
3369 5182 3540 5237 ratio·

1975 5286 2099 5327 nem
2163 5272 2438 5327 observat.
2494 5272 2634 5327 Sunt
2697 5271 2843 5327 enim
2887 5285 2953 5325 ex
3010 5270 3145 5339 ipsis
3197 5269 3391 5341 aliqui,
3444 5271 3539 5341 qui

1973 5363 2154 5418 oleum
2182 5378 2322 5434 aqua
2351 5373 2707 5434 temperatum
2730 5363 2894 5435 capiti
2913 5361 3195 5419 morientis
3208 5374 3536 5436 aspergunt;

1973 5465 2310 5527 unguentum
2373 5456 2486 5522 alii,
2548 5455 2693 5527 quod
2750 5454 3160 5526 opobalsamum
3216 5465 3432 5523 vocant,
3484 5464 3582 5511 ct·

377 5658 395 5691 ⁸
417 5658 769 5731 Transposita
797 5658 902 5714 ista
923 5666 1070 5715 sunt.
1106 5656 1247 5729 Lege
1271 5658 1477 5727 χεῖρας.
1505 5657 1596 5713 τὸν
1620 5657 1677 5713 δὲ
1697 5658 1892 5714 ἑκατὸν
1937 5659 2063 5730 όφθ.
2086 5661 2180 5716 καὶ
2201 5659 2334 5715 ποτε
2362 5662 2488 5731 μέν.

377 5876 488 5946 (42)
530 5876 939 5946 Λυτρούμενος
978 5873 1178 5945 δῆθεν.
1207 5874 1489 5947 Adeptus-‚5
1522 5876 1614 5935 illa
1648 5878 1952 5951 baptismus
1984 5886 2103 5938 erat
2134 5882 2213 5946 εἰς
2244 5878 2510 5953 λυτρωσιν
2539 5880 2842 5956 ἁμαρτιῶν.
