3850 6517
337 411 408 467 37
1293 405 1350 461 S.
1393 406 1734 462 ssPtt‘ttANJt
1774 407 1957 462 ACTA
2000 407 2503 463 BOLLANDIANA.

3433 406 3537 461 tas
3621 478 3631 486 ι

301 545 424 584 sum
464 525 694 597 praebuit
724 541 738 579 ε
768 524 1102 593 collectoque
1127 523 1450 608 Cypriorum
1475 527 1858 596 episcoporum
1891 531 1939 587 Δ
1966 525 2307 596 constituta),
2330 526 2618 595 palamque
2654 523 2999 580 denuntiavit
3031 520 3353 593 Epiphanio,
3381 520 3539 576 illurn

301 618 561 684 concilio.
581 615 830 687 origenis
852 616 1022 670 libros
1053 615 1156 685 legi
1179 616 1473 685 prohibuit.
1503 617 1652 672 Datis
1671 616 1867 672 deinde

303 705 530 766 litteris.
559 712 673 758 tum
700 703 767 758 ad
803 702 963 765 alios,
996 711 1107 757 tum
1142 703 1206 756 ad
1244 703 1557 774 episcopum
1593 704 1870 760 Constan-

297 797 745 871 tinopolitapum,
786 809 849 849 ea
893 810 1017 863 quae
1061 811 1090 848 a
1137 796 1345 862 synodo
1392 797 1604 851 decreta
1656 798 1873 853 fuerant

298 874 736 949 insinuantibus»,
769 884 1020 943 hortatus
1050 896 1133 940 est
1158 886 1278 940 illos
1319 896 1382 940 ut
1421 889 1688 956 synodum
1737 903 1870 943 con-

301 984 564 1033 vocarent
620 974 921 1043 eademque
989 975 1364 1030 decernerent.
1416 975 1869 1034 Animadvertens

303 1068 470 1138 igitur
493 1064 828 1134 Theophilus
861 1078 921 1119 se
959 1063 1322 1135 Epiphanium
1371 1067 1580 1137 absque
1626 1068 1871 1136 periculo

304 1158 458 1228 sequi
478 1144 660 1228 poss'e,
697 1165 887 1227 utpote
907 1171 1070 1225 quem
1105 1157 1262 1237 multi
1286 1156 1590 1223 laudarent,
1616 1169 1671 1216 et
1710 1161 1871 1232 cujus

304 1251 626 1305 sententiam
656 1249 750 1309 ob,
777 1247 901 1302 vitae
944 1247 1288 1304 sanctitatem
1337 1251 1705 1320 suspicerent,
1756 1253 1874 1323 ipse

303 1356 542 1411 quoque,
580 1355 704 1395 cum
745 1339 1014 1409 episcopis
1058 1339 1150 1410 qui
1196 1340 1301 1395 sub
1341 1341 1460 1410 ipso
1509 1352 1686 1407 erant,
1727 1343 1871 1400 idem

304 1433 448 1501 quod
481 1429 817 1501 Epiphanius
844 1430 1103 1484 decrevit.
1127 1428 1326 1484 Verum
1357 1430 1596 1489 loannes
1628 1434 1870 1490 studium

307 1527 522 1580 illorum
553 1523 694 1578 baud
736 1523 917 1592 magni
960 1522 1215 1592 ponderis
1255 1537 1378 1578 esse
1432 1524 1784 1591 existimavit,
1819 1536 1873 1582 et

304 1618 592 1690 Epiphanii
614 1633 679 1674 ac
715 1615 1000 1685 Theophili
1026 1616 1232 1670 litteras
1270 1617 1505 1686 neglexit.
1534 1634 1639 1673 :ex
1677 1631 1869 1688 poten·

305 1713 539 1768 tioribus
561 1725 694 1766 vero
725 1709 800 1772 bi,
833 1708 927 1779 qui
958 1705 1156 1769 Joanni
1186 1708 1436 1776 privatim
1464 1709 1660 1766 infensi
1692 1718 1868 1775 erant,

305 1821 428 1861 cum
473 1803 864 1862 intellexissent
906 1799 1266 1869 Theophilum
1312 1799 1363 1855 id
1403 1816 1581 1871 agere,
1618 1810 1677 1855 ut
1704 1801 1873 1858 loan-

1976 632 2040 672 ea
2071 632 2258 686 gerere
2294 631 2417 685 quae
2446 630 2548 671 nec
2572 615 2719 684 justa
2746 623 2950 679 essent,
2983 629 3083 669 nee
3134 612 3236 683 ipsi
3286 612 3541 683 privatin.

1980 710 2136 764 utilia
2170 727 2184 762 t
2214 708 2483 779 siquidem
2514 708 2748 762 tumultu
2774 707 2957 776 populi
2994 707 3248 768 excitato,
3277 704 3393 774 ipse
3419 712 3544 758 tan·

1979 815 2142 869 quam
2172 799 2337 868 hujus
2375 798 2450 852 rei
2484 809 2679 851 auctor
2709 796 3008 866 periculum
3043 795 3326 850 subiturus
3373 799 3535 847 esset.

1980 890 2094 945 llac
2126 890 2336 945 ratione
2364 889 2635 945 cohibitus
2667 888 3001 956 estimpetus
3031 883 3335 956 Epiphanii.
3369 882 3537 938 inter·

1979 995 2042 1037 ea
2096 979 2294 1034 accidit
2322 988 2381 1032 ut
2427 977 2768 1048 imperatoris
2831 975 3003 1038 lilius,
3045 973 3338 1027 admodum
3384 985 3537 1042 puer.

1979 1071 2176 1125 morbo
2208 1069 2607 1138 corriperetur3
2638 1076 2812 1122 mater
2845 1080 2977 1121 vero
3022 1063 3253 1119 sollicita
3294 1077 3364 1116 ne
3411 1061 3545 1130 quid

1981 1162 2193 1216 tristius
2233 1176 2403 1230 puero
2440 1161 2801 1231 contingeret,
2839 1159 3010 1213 misso
3055 1156 3123 1211 ad
3180 1152 3543 1226 Epiphanium

1979 1254 2196 1318 nuntio,
2226 1261 2289 1308 ut
2318 1268 2414 1323 pro
2440 1267 2506 1308 eo
2538 1252 2707 1307 Deum
2744 1259 3079 1322 precaretur,
3107 1247 3423 1319 postulavit.
3453 1245 3547 1300 ille

1980 1358 2209 1413 puerum
2247 1343 2516 1398 victurum
2536 1356 2659 1398 esse
2685 1340 2988 1411 respondit,
3023 1339 3070 1395 si
3093 1338 3339 1408 Augusta
3369 1336 3546 1391 haere-

1981 1436 2138 1502 ticos,
2173 1437 2413 1507 quicum
2447 1434 2705 1491 Dioscoro
2732 1440 2911 1498 erant·,
2946 1437 3309 1488 aversaretur.
3342 1426 3546 1482 Verum

1980 1527 2221 1596 Augusta
2262 1544 2276 1581 ι
2304 1526 2361 1581 Si
2416 1525 2582 1591 DeuS,
2642 1524 2839 1595 inquit,
2893 1522 3066 1578 filium
3124 1535 3306 1576 meum
3337 1518 3551 1590 eripere

1979 1616 2114 1671 mibi
2144 1615 2395 1680 voluerit,
2442 1617 2517 1672 ita
2559 1615 2687 1681 fiat;
2734 1613 3000 1671 Dominus
3045 1611 3191 1668 enim
3234 1609 3330 1680 qui
3375 1607 3548 1673 dedit,

1980 1705 2124 1761 idem
2159 1716 2213 1761 et
2238 1706 2436 1761 aufert.
2464 1704 2619 1772 Quod
2646 1706 2692 1761 si
2722 1715 2781 1760 tu
2809 1714 3053 1760 mortuos
3088 1701 3157 1757 ad
3184 1701 3352 1756 vitam
3385 1713 3550 1754 revo-

1981 1811 2108 1851 care
2134 1811 2347 1866 posses,
2372 1812 2481 1851 non
2512 1804 2655 1880 esset
2680 1805 2930 1852 mortuus
2951 1793 3369 1849 archidiaconus
3397 1801 3546 1846 tuus.

305 1913 428 1953 nem
449 1896 770 1967 episcopatu
801 1901 1046 1954 exueret,
1090 1892 1190 1961 ipsi
1217 1908 1434 1963 quoque
1464 1909 1685 1961 operam
1715 1910 1869 1951 suam
1903 1882 1947 1938 B
1976 1886 2191 1942 Etenim
2223 1887 2369 1943 haud
2416 1888 2588 1943 mutto
2629 1896 2757 1943 ante
2801 1901 2834 1942 e
2879 1886 3021 1941 vivis
3072 1890 3383 1941 excesserat
3430 1883 3553 1937 Cri-

307 2001 371 2042 ac
420 1985 665 2040 studium
727 1982 1078 2037 contulerunt
1099 2021 1116 2044 ,
1182 1989 1348 2051 utque
1401 1983 1875 2056 Constantinopoli

307 2068 544 2131 maxima
575 2074 818 2146 synodus
840 2074 994 2127 lieret
1022 2085 1407 2141 procurarunt.
1449 2076 1659 2141 Quibus
1686 2077 1876 2147 cogni-

304 2168 376 2225 tis
405 2165 738 2237 Theophilus
768 2164 953 2220 adbuc
979 2164 1154 2234 magis
1201 2152 1466 2232 incubuit,
1502 2178 1553 2221 et
1592 2169 1876 2238 episcopos

303 2255 524 2325 quidem
562 2252 782 2325 AEgypti
819 2253 1077 2324 navigare
1115 2253 1280 2320 iussit
1323 2255 1875 2326 Constantinopolim,

308 2346 612 2419 Epiphanio
642 2362 772 2402 vero
792 2357 847 2405 et
867 2347 994 2405 aliis
1017 2363 1113 2417 per
1138 2346 1410 2402 Orientem
1435 2350 1707 2420 episcopis
1743 2350 1879 2405 scri·

312 2438 444 2506 psit,
472 2447 534 2493 ut
559 2453 720 2508 quam
759 2439 996 2508 primum
1036 2439 1089 2493 in
1121 2455 1288 2494 unum
1319 2441 1676 2496 convenirent
1711 2458 1726 2496 ε
1763 2442 1880 2512 ipse

320 2530 551 2599 pedestri
577 2531 767 2585 itinere
795 2531 1178 2599 proficiscitur.

336 2656 341 2667 .
391 2621 484 2676 57.
508 2638 541 2694 .⁴
574 2618 682 2674 Nec
709 2621 876 2675 multo
902 2632 1021 2690 post
1036 2622 1388 2693 Epiphanius,
1422 2638 1545 2677 cum
1572 2622 1781 2694 primus
1812 2639 1879 2678 ex

317 2713 497 2767 insula
525 2712 706 2783 Cypro
755 2711 1020 2778 solvisset,
1051 2715 1116 2769 ad
1157 2715 1336 2769 locum
1382 2714 1528 2769 haud
1578 2713 1766 2785 procul
1812 2715 1882 2769 ab

312 2803 446 2858 urbe
474 2801 1100 2873 constantinopolitana,
1137 2820 1298 2874 quem
1326 2802 1630 2869 Septimum
1661 2813 1879 2869 vocant,

311 2893 608 2964 applicuit;
638 2893 887 2965 laetaque
910 2896 1162 2951 oratione
1202 2897 1256 2950 in
1307 2897 1540 2952 ecclesia
1597 2913 1720 2967 quae
1771 2897 1882 2952 illic

314 2992 420 3050 est,
450 2985 504 3038 in
534 2985 722 3041 urbem
751 2986 1015 3043 introivit.
1047 2985 1186 3041 Eum
1221 2988 1610 3059 ingredientem
1643 2987 1882 3044 loannes

312 3090 541 3133 occursu
567 3078 698 3135 cleri
736 3081 906 3135 totius
932 3079 1224 3134 bonoravit
1255 3100 1268 3135 z
1295 3091 1351 3135 at
1385 3080 1720 3152 Epiphanius
1756 3096 1881 3150 per·

309 3170 497 3239 spicue
531 3171 849 3235 declaravit,
886 3171 1036 3240 quod
1069 3171 1360 3225 calumniis
1407 3172 1673 3228 adversus
1709 3170 1882 3226 Joan-

309 3275 435 3317 nem
471 3263 813 3319 concinnatis
837 3263 1000 3319 fidem
1036 3263 1335 3321 habuisset.
1363 3264 1627 3319 invitatus
1653 3264 1798 3317 enim
1826 3273 1884 3319 ut

310 3353 367 3407 in
395 3351 606 3407 aedibus
640 3354 1032 3410 ecclesiasticis
1072 3371 1293 3410 manere
1332 3355 1513 3420 vellet,
1565 3355 1881 3424 neutiquam

310 3442 588 3514 acquievit
621 3459 635 3495 :
671 3451 871 3497 etcum
904 3444 1114 3499 joanne
1158 3444 1378 3516 quidem
1427 3446 1682 3515 congredi
1726 3444 1884 3515 peni-

311 3545 401 3591 tus
429 3534 756 3593 detrectavit
780 3535 1074 3606 :privatim
1103 3552 1235 3594 vero
1267 3538 1583 3593 convocatis
1608 3538 1884 3607 episcopis

284 3681 289 3685 .
308 3629 407 3698 qui
432 3638 546 3683 tum
568 3628 1042 3701 Constantinopoli
1072 3631 1448 3695 morabantur,
1474 3644 1535 3685 ea
1557 3647 1680 3700 quae
1701 3630 1887 3685 adver·

313 3734 412 3776 sus
439 3719 612 3776 libros
634 3720 885 3790 origenis
917 3721 1134 3776 decreta
1167 3721 1387 3774 fuerant
1414 3719 1482 3772 iis
1512 3719 1750 3774 ostendit
1785 3733 1886 3773 :ac

312 3811 594 3866 nonnullis
638 3812 856 3880 quidem
901 3810 1178 3878 persuasit
1209 3818 1270 3860 ut
1303 3809 1535 3861 decretis
1569 3810 1886 3865 subscribe-

311 3910 478 3964 reut;
517 3901 698 3968 plures
736 3914 870 3953 vero
905 3899 961 3950 id
1004 3897 1184 3950 lacere
1230 3905 1671 3971 recusat-unum.
1720 3899 1886 3955 Porro

316 3988 562 4042 loannes
594 3985 776 4037 adbuc
807 3984 1164 4039 nihilominus
1203 3987 1560 4045 reverentiam
1597 3990 1891 4049 exhibebat

323 4072 650 4142 Epiphanio,
678 4087 915 4143 eumque
950 4075 1273 4132 hortabatur
1315 4084 1376 4134 ut
1414 4079 1666 4136 collectas
1698 4098 1886 4138 secum

327 4162 618 4226 celebrare,
651 4174 705 4219 ct
743 4165 1182 4225 contubernalem
1232 4168 1413 4240 ipsum
1456 4171 1655 4227 habere
1702 4175 1884 4229 vellet.

329 4256 521 4313 Verum
552 4258 906 4330 Epiphanius,
955 4277 1015 4318 se
1052 4277 1228 4334 neque
1275 4265 1395 4335 ejus
1437 4266 1600 4321 domo
1634 4284 1887 4331 usurum,

322 4367 421 4405 nec
445 4367 567 4406 cum
594 4367 659 4407 eo
698 4361 979 4408 oraturum
1008 4369 1130 4410 esse
1159 4356 1466 4425 respondit,
1504 4358 1608 4412 nisi
1639 4358 1889 4430 origenis

318 4440 488 4495 libros
525 4441 677 4510 prius
729 4441 1064 4506 damnasset,
1120 4451 1176 4499 ει
1223 4444 1544 4502 Dioscorum
1597 4464 1706 4504 una
1762 4465 1888 4505 cum

1979 1980 2101 2050 spio
2107 2017 2218 2035 .....
2252 1995 2416 2051 quem
2455 1979 2794 2050 Epiphanius
2817 1994 2942 2035 cum
2974 1978 3422 2035 contubernalem
3451 1974 3553 2030 lta·

1978 2073 2148 2135 beret,
2180 2073 2626 2129 archidiaconum
2661 2089 2821 2129 suum
2846 2075 3228 2129 constituerat.

2050 2164 2141 2220 59.
2183 2183 2201 2215 ι
2242 2164 2566 2222 Ammonius
2596 2180 2726 2221 vero
2754 2166 2923 2235 etqui
2961 2180 3086 2220 cum
3117 2164 3211 2220 illo
3239 2171 3397 2220 erant
3422 2161 3553 2233 Epi·

1980 2258 2240 2325 phanium
2266 2255 2552 2319 adierunt:
2592 2254 2645 2310 id
2693 2254 2839 2310 enim
2880 2255 2983 2326 ipsi
3025 2270 3247 2328 quoque
3291 2255 3552 2326 Augustae

1979 2352 2279 2422 placuerat.
2315 2349 2566 2420 Cumque
2608 2347 2946 2420 Epiphanius
2996 2349 3390 2420 interrogasset
3427 2347 3552 2419 qui-

1981 2458 2106 2498 nam
2143 2449 2352 2508 essent,
2383 2440 2664 2512 respondit
2693 2441 3053 2496 Ammonius:
3077 2439 3248 2512 Longi
3270 2454 3485 2505 sumus,
3513 2455 3548 2492 o

1981 2533 2177 2596 Pater;
2205 2531 2434 2588 libenter
2448 2540 2630 2589 autem
2659 2530 3019 2593 disceremus,
3047 2537 3229 2586 utrum
3254 2529 3547 2600 aliquando

1981 2623 2037 2677 in
2077 2622 2378 2693 discipulos
2413 2630 2510 2676 aut
2544 2622 2600 2676 in
2647 2621 2818 2676 libros
2866 2627 3087 2676 nostros
3124 2619 3407 2676 incideris.
3456 2617 3555 2672 illo

1983 2723 2234 2786 negante,
2273 2715 2471 2769 iterum
2523 2713 2775 2783 quaesivit
2817 2712 3146 2768 Ammonius
3178 2730 3193 2768 ε
3228 2710 3382 2768 Unde
3422 2725 3553 2782 ergo

1985 2808 2271 2863 baereticos
2295 2804 2419 2860 illos
2465 2819 2588 2860 esse
2630 2804 2909 2874 judicasti,
2971 2803 3066 2873 qui
3121 2802 3333 2858 nullum
3386 2802 3555 2857 habes

1985 2908 2389 2967 argumentum,
2419 2913 2529 2967 quo
2568 2895 2892 2952 sententiam
2932 2894 3149 2950 illorum
3197 2894 3379 2965 possis
3416 2907 3556 2948 cou-

1983 2986 2239 3041 vincere?
2278 2988 2343 3040 Et
2388 3002 2514 3042 cum
2554 2985 2895 3057 Epiphanius
2923 2983 3151 3051 diceret,
3182 2984 3237 3039 id
3271 2998 3332 3040 se
3360 2984 3553 3045 auditu

1986 3077 2297 3147 accepisse:
2334 3074 2445 3133 Nos
2475 3090 2627 3141 vero,
2658 3075 3095 3140 aitAmmonius,
3128 3074 3291 3146 plane
3324 3084 3546 3132 contra-

1987 3167 2129 3220 rium
2160 3165 2421 3234 lecimus3
2451 3182 2579 3221 nam
2600 3174 2655 3222 et
2676 3166 2975 3237 discipulos
3004 3175 3128 3223 tuos
3153 3181 3297 3238 saepe
3323 3179 3555 3222 numero

1989 3259 2249 3325 vidimus,
2282 3268 2338 3314 et
2373 3259 2544 3315 libros
2571 3258 2938 3331 perlegimus;
2968 3277 3036 3316 ex
3066 3261 3267 3331 quibus
3296 3275 3440 3315 unus
3468 3269 3559 3317 est

1985 3350 2079 3420 qui
2128 3350 2425 3404 Ant-oratus
2469 3349 2808 3406 inscribitur.
2846 3351 3096 3424 Cumque
3133 3350 3292 3407 multi
3345 3351 3558 3422 vitupe-

1987 3457 2110 3496 rare
2131 3450 2187 3496 et
2217 3450 2473 3511 tanquam
2500 3441 2815 3497 haereticum
2846 3442 3171 3499 calumniari
3204 3443 3423 3508 vellent,
3455 3459 3558 3499 nos

1988 3528 2296 3600 pro-Patre,
2328 3530 2407 3585 uti
2431 3545 2529 3600 par
2554 3538 2692 3593 erat,
2721 3532 3109 3602 pugnavimus,
3148 3540 3203 3587 et
3244 3547 3427 3588 causae
3450 3541 3558 3589 tuae

1988 3621 2362 3677 defensionem
2390 3622 2755 3693 suscepimus.
2799 3620 3035 3678 Proinde
3082 3637 3185 3679 nec
3225 3632 3281 3678 tu
3336 3639 3400 3678 ex
3437 3623 3559 3680 solo

1989 3715 2175 3768 auditu
2226 3715 2479 3772 absentes
2532 3715 2792 3769 damnare
2843 3712 3113 3777 debuisti,
3162 3729 3305 3784 quos
3344 3729 3557 3785 nequa-

1990 3822 2152 3876 quam
2184 3816 2238 3862 tu
2268 3808 2383 3877 ipse
2413 3807 2577 3861 certis
2610 3804 2947 3876 argumentis
2992 3806 3249 3863 inductus
3299 3807 3554 3862 convice-

1989 3913 2101 3963 ras,
2130 3914 2230 3955 nec
2250 3898 2515 3964 ejusmodi
2538 3899 2768 3969 gratiam
2793 3897 3000 3956 referre
3018 3899 3397 3956 laudatoribus
3419 3899 3548 3956 tuis.

1992 3989 2236 4047 Posthaec
2260 3989 2598 4061 Epiphanius
2626 3975 2804 4046 leniu‘s
2828 4008 2953 4048 eum
2984 3995 3274 4060 allocutus,
3299 4005 3415 4051 tum
3436 3993 3562 4066 qui·

1990 4083 2111 4138 dem
2143 4083 2211 4138 ab
2250 4098 2310 4138 se
2336 4082 2567 4146 dimisit,
2600 4083 2749 4138 brevi
2782 4095 2964 4141 autern
2995 4086 3280 4157 interjecto
3305 4097 3550 4159 tempore

1991 4174 2227 4246 Cyprum
2269 4175 2566 4245 navigavit,
2607 4190 2702 4230 seu
2755 4178 2897 4245 quod
2941 4177 3558 4252 constantinopolitana

1993 4268 2345 4337 protectionis
2377 4267 2552 4336 ipsum
2583 4268 2890 4336 poeniteret,
2933 4285 3029 4326 seu
3060 4272 3208 4340 quod
3254 4272 3399 4329 Dens
3430 4287 3558 4330 ora-

1991 4358 2116 4416 culo
2141 4359 2316 4428 ipsum
2341 4359 2739 4423 admonuisset,
2780 4370 3123 4433 mortemque
3151 4362 3253 4434 ipsi
3287 4380 3443 4420 susm
3476 4366 3559 4436 (ut

1994 4449 2291 4505 verisimile
2307 4448 2410 4519 est)
2431 4449 2875 4518 praenuntiasset.
2904 4453 3172 4510 Caeterum
3207 4471 3332 4512 cum
3361 4470 3555 4513 navem

319 4533 486 4587 suciis
515 4532 835 4600 expulisset.
869 4531 974 4588 Sed
1009 4550 1135 4590 curn
1170 4535 1260 4591 ille
1295 4546 1420 4593 aute
1463 4553 1646 4594 causae
1692 4541 1880 4608 cogni·
1917 4543 1964 4601 1)
1992 4557 2393 4598 conscensurus
2421 4551 2584 4607 esset,
2616 4545 2910 4613 episcopis,
2939 4548 3035 4616 qui
3068 4547 3243 4617 ipsum
3287 4548 3353 4603 ad
3405 4548 3558 4605 littus

319 4626 520 4680 tionem
555 4623 668 4678 lure
699 4622 879 4679 lacere
915 4625 1336 4695 haudquaquam
1389 4627 1597 4695 iustum
1633 4644 1752 4687 esse
1797 4631 1876 4683 di·

316 4725 467 4770 ceret
495 4720 552 4766 et
574 4713 1100 4782 procrastinat-etur,
1137 4716 1224 4770 die
1261 4733 1372 4786 quo
1419 4720 1642 4774 collecta
1679 4721 1886 4790 agenda

315 4814 434 4866 erat
468 4805 522 4858 in
557 4804 787 4860 ecclesia
820 4807 1230 4875 Apostolorum,
1260 4819 1624 4878 procurarunt
1656 4808 1884 4866 loannis

317 4895 524 4953 inimici
557 4903 618 4949 ιιι
641 4893 981 4966 Epiphanius
1019 4897 1073 4951 iu
1111 4897 1400 4953 ecclesiam
1441 4900 1674 4963 veniret,
1702 4908 1756 4954 et
1790 4914 1889 4971 pu-

315 4989 457 5046 blice
489 5002 675 5042 coram
704 4988 904 5056 populo
936 4999 1049 5042 tum
1077 4988 1331 5060 origenis
1360 4991 1551 5056 libros,
1593 4999 1705 5045 tum
1759 4993 1887 5046 bio·

317 5094 534 5133 scorum
573 5087 626 5132 et
653 5092 750 5132 eos
799 5078 891 5145 qni
938 5091 1059 5132 cum
1097 5080 1190 5132 illo
1241 5089 1417 5143 erant,
1453 5089 1709 5150 tanquam
1747 5081 1888 5138 idem

317 5168 614 5222 sentientes
638 5183 763 5222 cuin
781 5166 1037 5237 Origene.
1071 5169 1419 5224 anathemate
1443 5170 1763 5237 damuarct;
1794 5187 1888 5228 ea-

319 5258 551 5325 demque
596 5272 759 5326 opera
801 5255 1120 5328 episcopum
1174 5260 1325 5316 urbis
1370 5262 1780 5332 perstringeret,
1831 5273 1890 5317 ut

315 5350 411 5423 qui
443 5348 550 5404 illis
582 5350 831 5403 addictus
853 5361 1027 5416 esset;
1065 5351 1453 5407 existimabant
1500 5354 1645 5408 enirn
1685 5369 1744 5409 se
1785 5354 1886 5409 hac

317 5442 532 5496 ratione
558 5440 765 5509 plebem
793 5441 860 5495 ab
891 5442 984 5495 illo
1011 5458 1133 5499 esse
1176 5445 1530 5499 alienaturoS.

388 5528 479 5583 58.
532 5548 552 5582 ι
593 5528 816 5587 Postero
869 5532 1035 5602 igitur
1077 5534 1184 5599 die,
1232 5550 1356 5589 cum
1406 5535 1470 5588 ad
1523 5535 1573 5587 id
1618 5537 1885 5605 agendum

314 5635 638 5690 progressus
668 5620 1008 5692 Epiphanius
1038 5623 1151 5693 jam
1197 5625 1441 5679 ecclesiae
1489 5627 1890 5696 appropinqua-

314 5722 420 5775 ret,
453 5712 670 5768 obviam
701 5713 750 5766 ei
779 5716 1023 5784 occurrit
1059 5715 1306 5786 Serapio,
1340 5718 1545 5773 missus
1600 5735 1630 5772 a
1678 5717 1890 5773 «Ioanne

314 5801 701 5878 (praesenserat
739 5805 885 5858 enim
911 5804 1150 5861 loannes
1181 5823 1243 5862 ea
1277 5823 1400 5878 quoe
1448 5810 1624 5885 pridie
1672 5810 1888 5875 fuerant

561 5897 826 5959 l‘trnot..
873 5898 992 5962 Gn.
1042 5893 1199 5967 ΧΗ.

1989 4644 2168 4700 usque
2218 4631 2494 4702 prosecuti
2551 4630 2789 4696 ruerant,
2843 4632 3050 4689 dixisse
3106 4634 3556 4695 lerturzleretn

1988 4723 2145 4779 vobis
2170 4737 2225 4781 et
2254 4725 2515 4795 palatium
2561 4732 2616 4780 et
2668 4738 2887 4780 scenam
2942 4723 3228 4796 relinquo;
3277 4742 3383 4800 ego
3428 4743 3557 4784 vero

1990 4814 2221 4871 abscedo
2247 4835 2260 4870 z
2286 4816 2484 4872 festino
2505 4817 2674 4881 enim,
2697 4825 2751 4871 et
2775 4815 2993 4886 quidem
3027 4817 3202 4875 valde.

2060 4907 2149 4960 to.
2202 4927 2222 4959 ι
2275 4909 2436 4964 Aliud
2508 4916 2765 4975 praeterea
2816 4911 3095 4983 quidpiam
3155 4913 3358 4980 audivi,
3411 4916 3557 4985 quod

1991 5001 2285 5056 multorum
2356 5003 2702 5057 sermonibus
2775 5005 3075 5060 etiamnum
3150 5005 3557 5077 circumfertur,

1989 5090 2254 5146 loannem
2294 5092 2515 5164 quidem
2568 5092 2869 5165 Epiphanio
2923 5096 3239 5166 praedixisse
3297 5097 3449 5155 illum
3501 5101 3557 5157 in

1992 5184 2336 5255 navigatione
2375 5201 2500 5240 esse
2557 5188 2907 5253 moriturum,
2956 5189 3325 5260 Epiphanium
3376 5201 3558 5249 autem

1993 5277 2382 5344 praenuntiasse
2408 5277 2604 5334 «loanni
2622 5277 3016 5334 abdicationem
3033 5281 3395 5352 episcopatus.
3421 5282 3558 5340 Nam

1991 5365 2119 5419 ‹lum
2188 5365 2329 5420 inter
2386 5382 2446 5422 se
2519 5369 2882 5435 dissiderent,
2948 5370 3283 5441 Epiphanius
3335 5376 3556 5445 quidem

1990 5453 2183 5509 «loanni
2221 5458 2506 5525 scripsisse
2531 5459 2729 5514 dicitur
2750 5459 2954 5532 :Spero
2992 5473 3042 5518 te
3070 5479 3411 5535 nequaquam
3444 5466 3559 5535 epi·

1993 5559 2214 5615 scopum
2266 5547 2615 5602 moriturum.
2654 5548 2893 5606 loanues
2932 5567 3062 5607 vero
3108 5555 3387 5624 rescripsit
3428 5553 3559 5626 Epi-

1993 5633 2222 5715 phanio:
2252 5631 2362 5688 Nec
2385 5649 2485 5704 ego
2518 5651 2678 5706 spero
2704 5646 2755 5692 te
2778 5639 2830 5692 in
2865 5642 3053 5698 urbem
3082 5652 3226 5697 tuam
3252 5643 3555 5700 rediturum

1993 5738 2131 5777 esse.
2159 5743 2177 5775 ι
2202 5723 2324 5779 llzec
2354 5723 2715 5793 sozomenus,
2753 5728 3053 5788 Historiam
3082 5749 3235 5788 suam
3261 5735 3419 5790 annis
3446 5737 3559 5791 cir·

1993 5814 2127 5869 citer
2160 5816 2373 5888 triginta
2424 5826 2544 5887 post
2582 5815 2866 5889 Epiphauii
2918 5824 3125 5881 obitum
3165 5826 3439 5895 scribens;
3463 5827 3554 5884 cui

3194 5919 3241 5982 ’ὁ
