<?xml version="1.0" encoding="UTF-8"?>
<!DOCTYPE html PUBLIC "-//W3C//DTD XHTML 1.0 Transitional//EN"
    "http://www.w3.org/TR/xhtml1/DTD/xhtml1-transitional.dtd">
<html xmlns="http://www.w3.org/1999/xhtml" xml:lang="en" lang="en">
 <head>
  <title>
</title>
<meta http-equiv="Content-Type" content="text/html;charset=utf-8" />
  <meta name='ocr-system' content='tesseract 3.04.00' />
  <meta name='ocr-capabilities' content='ocr_page ocr_carea ocr_par ocr_line ocrx_word'/>
</head>
<body>
  <div class='ocr_page' id='page_1' title='image "./patrologicursus108migngoog_0374.png"; bbox 0 0 3850 6517; ppageno 0'>
   <div class='ocr_carea' id='block_1_1' title="bbox 300 513 406 571">
    <p class='ocr_par' dir='ltr' id='par_1_1' title="bbox 300 513 406 571">
     <span class='ocr_line' id='line_1_1' title="bbox 300 513 406 571; baseline 0.019 -2"><span class='ocrx_word' id='word_1_1' title='bbox 300 513 406 571; x_wconf 77' lang='lat'>693</span> 
     </span>
    </p>
   </div>
   <div class='ocr_carea' id='block_1_2' title="bbox 983 471 2896 574">
    <p class='ocr_par' dir='ltr' id='par_1_2' title="bbox 983 471 2896 574">
     <span class='ocr_line' id='line_1_2' title="bbox 983 471 2896 574; baseline 0.003 -6"><span class='ocrx_word' id='word_1_2' title='bbox 983 512 1352 570; x_wconf 65' lang='lat' dir='ltr'>Anvmtsus</span> <span class='ocrx_word' id='word_1_3' title='bbox 1387 512 1726 571; x_wconf 73' lang='lat' dir='ltr'>nAEREssss</span> <span class='ocrx_word' id='word_1_4' title='bbox 1763 514 1892 572; x_wconf 77' lang='lat' dir='ltr'>ue.</span> <span class='ocrx_word' id='word_1_5' title='bbox 1933 520 1978 573; x_wconf 90' lang='lat'>1.</span> <span class='ocrx_word' id='word_1_6' title='bbox 2017 516 2181 574; x_wconf 73' lang='lat' dir='ltr'>Tou.</span> <span class='ocrx_word' id='word_1_7' title='bbox 2222 516 2307 573; x_wconf 88' lang='grc' dir='ltr'><strong>ιιι.</strong></span> <span class='ocrx_word' id='word_1_8' title='bbox 2347 550 2414 560; x_wconf 88' lang='grc'>-</span> <span class='ocrx_word' id='word_1_9' title='bbox 2453 471 2896 573; x_wconf 51' lang='lat' dir='ltr'>nAEnEsssxiJ.</span> 
     </span>
    </p>
   </div>
   <div class='ocr_carea' id='block_1_3' title="bbox 3440 524 3542 577">
    <p class='ocr_par' dir='ltr' id='par_1_3' title="bbox 3440 524 3542 577">
     <span class='ocr_line' id='line_1_3' title="bbox 3440 524 3542 577; baseline 0.02 -2"><span class='ocrx_word' id='word_1_10' title='bbox 3440 524 3542 577; x_wconf 61' lang='lat' dir='ltr'>0⁴.st</span> 
     </span>
    </p>
   </div>
   <div class='ocr_carea' id='block_1_4' title="bbox 312 625 3539 707">
    <p class='ocr_par' dir='ltr' id='par_1_4' title="bbox 312 625 3539 707">
     <span class='ocr_line' id='line_1_4' title="bbox 312 625 3539 707; baseline 0.002 -22"><span class='ocrx_word' id='word_1_11' title='bbox 312 631 508 702; x_wconf 74' lang='grc' dir='ltr'><strong>ὐλιγῳ</strong></span> <span class='ocrx_word' id='word_1_12' title='bbox 528 630 586 683; x_wconf 81' lang='grc' dir='ltr'>δὲ</span> <span class='ocrx_word' id='word_1_13' title='bbox 607 630 685 701; x_wconf 81' lang='grc' dir='ltr'>τῷ</span> <span class='ocrx_word' id='word_1_14' title='bbox 711 629 887 701; x_wconf 78' lang='grc' dir='ltr'>χρόνῳ</span> <span class='ocrx_word' id='word_1_15' title='bbox 907 625 1060 693; x_wconf 72' lang='grc' dir='ltr'>οὗτος</span> <span class='ocrx_word' id='word_1_16' title='bbox 1080 631 1140 684; x_wconf 80' lang='grc' dir='ltr'>ὲν</span> <span class='ocrx_word' id='word_1_17' title='bbox 1165 629 1358 706; x_wconf 77' lang='grc' dir='ltr'>Ῥώμῃ</span> <span class='ocrx_word' id='word_1_18' title='bbox 1376 633 1685 704; x_wconf 85' lang='grc' dir='ltr'>γενόμενος,</span> <span class='ocrx_word' id='word_1_19' title='bbox 1712 652 1875 707; x_wconf 81' lang='grc' dir='ltr'>μετα·</span> <span class='ocrx_word' id='word_1_20' title='bbox 1902 643 1950 697; x_wconf 75' lang='grc' dir='ltr'><strong>Α</strong></span> <span class='ocrx_word' id='word_1_21' title='bbox 1976 643 2146 689; x_wconf 86' lang='lat' dir='ltr'>mant.</span> <span class='ocrx_word' id='word_1_22' title='bbox 2174 634 2360 691; x_wconf 81' lang='lat' dir='ltr'>Romae</span> <span class='ocrx_word' id='word_1_23' title='bbox 2392 636 2558 707; x_wconf 87' lang='lat' dir='ltr'>igitur</span> <span class='ocrx_word' id='word_1_24' title='bbox 2587 636 2736 692; x_wconf 85' lang='lat' dir='ltr'>brevi</span> <span class='ocrx_word' id='word_1_25' title='bbox 2771 636 2862 693; x_wconf 88' lang='lat' dir='ltr'>ille</span> <span class='ocrx_word' id='word_1_26' title='bbox 2907 645 3148 706; x_wconf 88' lang='lat' dir='ltr'>tempore</span> <span class='ocrx_word' id='word_1_27' title='bbox 3178 650 3539 694; x_wconf 81' lang='lat' dir='ltr'>commoratu.</span> 
     </span>
    </p>
   </div>
   <div class='ocr_carea' id='block_1_5' title="bbox 298 719 1878 1158">
    <p class='ocr_par' dir='ltr' id='par_1_5' title="bbox 298 719 1877 885">
     <span class='ocr_line' id='line_1_5' title="bbox 298 719 1877 804; baseline 0.003 -27"><span class='ocrx_word' id='word_1_28' title='bbox 298 722 530 777; x_wconf 77' lang='grc' dir='ltr'><strong>δέδωκεν</strong></span> <span class='ocrx_word' id='word_1_29' title='bbox 573 719 741 775; x_wconf 78' lang='grc' dir='ltr'>αὐτοῦ</span> <span class='ocrx_word' id='word_1_30' title='bbox 787 719 879 774; x_wconf 82' lang='grc' dir='ltr'>τὸν</span> <span class='ocrx_word' id='word_1_31' title='bbox 920 720 996 774; x_wconf 80' lang='grc' dir='ltr'>ιδν</span> <span class='ocrx_word' id='word_1_32' title='bbox 1038 721 1343 793; x_wconf 80' lang='grc' dir='ltr'><strong>Μαρκίωνι.</strong></span> <span class='ocrx_word' id='word_1_33' title='bbox 1400 724 1599 797; x_wconf 88' lang='grc' dir='ltr'><strong>Διόπερ</strong></span> <span class='ocrx_word' id='word_1_34' title='bbox 1627 724 1819 804; x_wconf 36' lang='grc' dir='ltr'>,τοῦτον</span> <span class='ocrx_word' id='word_1_35' title='bbox 1844 728 1877 781; x_wconf 86' lang='grc' dir='ltr'>ό</span> 
     </span>
     <span class='ocr_line' id='line_1_6' title="bbox 300 811 882 885; baseline -0.007 -17"><span class='ocrx_word' id='word_1_36' title='bbox 300 812 567 885; x_wconf 77' lang='grc' dir='ltr'><strong>Μαρκίων</strong></span> <span class='ocrx_word' id='word_1_37' title='bbox 594 811 882 877; x_wconf 82' lang='grc' dir='ltr'><strong>διεδέξατο.</strong></span> 
     </span>
    </p>

    <p class='ocr_par' dir='ltr' id='par_1_6' title="bbox 299 900 1878 1158">
     <span class='ocr_line' id='line_1_7' title="bbox 370 900 1877 979; baseline 0.005 -25"><span class='ocrx_word' id='word_1_38' title='bbox 370 902 448 956; x_wconf 83' lang='lat' dir='ltr'>B&#39;.</span> <span class='ocrx_word' id='word_1_39' title='bbox 484 901 596 973; x_wconf 74' lang='grc' dir='ltr'>Τῆς</span> <span class='ocrx_word' id='word_1_40' title='bbox 624 901 682 955; x_wconf 84' lang='grc' dir='ltr'>δὲ</span> <span class='ocrx_word' id='word_1_41' title='bbox 718 900 981 973; x_wconf 80' lang='grc' dir='ltr'>αἱρέσεως</span> <span class='ocrx_word' id='word_1_42' title='bbox 1010 900 1273 967; x_wconf 79' lang='grc' dir='ltr'><strong>ὡσαύτως</strong></span> <span class='ocrx_word' id='word_1_43' title='bbox 1317 905 1579 977; x_wconf 79' lang='grc' dir='ltr'>φωρατῆς</span> <span class='ocrx_word' id='word_1_44' title='bbox 1599 903 1788 979; x_wconf 79' lang='grc' dir='ltr'>οὔσης,</span> <span class='ocrx_word' id='word_1_45' title='bbox 1815 909 1877 963; x_wconf 86' lang='grc' dir='ltr'>ὲν</span> 
     </span>
     <span class='ocr_line' id='line_1_8' title="bbox 301 989 1878 1068; baseline 0.003 -21"><span class='ocrx_word' id='word_1_46' title='bbox 301 993 551 1064; x_wconf 81' lang='grc' dir='ltr'>συντόμῳ</span> <span class='ocrx_word' id='word_1_47' title='bbox 589 992 717 1066; x_wconf 77' lang='grc' dir='ltr'><strong>περὶ</strong></span> <span class='ocrx_word' id='word_1_48' title='bbox 757 989 963 1063; x_wconf 78' lang='grc' dir='ltr'>ταύτης</span> <span class='ocrx_word' id='word_1_49' title='bbox 1008 992 1138 1063; x_wconf 76' lang='grc' dir='ltr'>ἡμῖν</span> <span class='ocrx_word' id='word_1_50' title='bbox 1172 992 1323 1047; x_wconf 76' lang='grc' dir='ltr'><strong>ἔσται</strong></span> <span class='ocrx_word' id='word_1_51' title='bbox 1346 992 1523 1064; x_wconf 84' lang='grc' dir='ltr'>λόγος.</span> <span class='ocrx_word' id='word_1_52' title='bbox 1576 994 1878 1068; x_wconf 78' lang='grc' dir='ltr'>Ἀρξόμεθα</span> 
     </span>
     <span class='ocr_line' id='line_1_9' title="bbox 299 1083 1878 1158; baseline 0.004 -20"><span class='ocrx_word' id='word_1_53' title='bbox 299 1085 357 1138; x_wconf 81' lang='grc' dir='ltr'>δὲ</span> <span class='ocrx_word' id='word_1_54' title='bbox 386 1083 548 1138; x_wconf 83' lang='grc' dir='ltr'><strong>πάλιν</strong></span> <span class='ocrx_word' id='word_1_55' title='bbox 581 1086 682 1156; x_wconf 76' lang='grc' dir='ltr'>τῆς</span> <span class='ocrx_word' id='word_1_56' title='bbox 721 1084 842 1137; x_wconf 90' lang='grc' dir='ltr'>κατ’</span> <span class='ocrx_word' id='word_1_57' title='bbox 889 1083 1055 1138; x_wconf 80' lang='grc' dir='ltr'>αὐτοῦ</span> <span class='ocrx_word' id='word_1_58' title='bbox 1086 1083 1397 1158; x_wconf 76' lang='grc' dir='ltr'>ἀνατροπῆς</span> <span class='ocrx_word' id='word_1_59' title='bbox 1439 1086 1535 1140; x_wconf 86' lang='grc' dir='ltr'>ἀπ’</span> <span class='ocrx_word' id='word_1_60' title='bbox 1561 1087 1739 1143; x_wconf 82' lang='grc' dir='ltr'>αὐτῶν</span> <span class='ocrx_word' id='word_1_61' title='bbox 1767 1087 1878 1145; x_wconf 84' lang='grc' dir='ltr'>τῶν</span> 
     </span>
    </p>
   </div>
   <div class='ocr_carea' id='block_1_6' title="bbox 185 1174 1877 1250">
    <p class='ocr_par' dir='ltr' id='par_1_7' title="bbox 185 1174 1877 1250">
     <span class='ocr_line' id='line_1_10' title="bbox 185 1174 1877 1250; baseline 0.003 -20"><span class='ocrx_word' id='word_1_62' title='bbox 185 1227 192 1234; x_wconf 80' lang='grc'>,</span> <span class='ocrx_word' id='word_1_63' title='bbox 302 1177 432 1248; x_wconf 88' lang='grc' dir='ltr'>παρ’</span> <span class='ocrx_word' id='word_1_64' title='bbox 461 1174 624 1229; x_wconf 82' lang='grc' dir='ltr'>αὑτοῦ</span> <span class='ocrx_word' id='word_1_65' title='bbox 647 1174 981 1246; x_wconf 72' lang='grc' dir='ltr'>λεγομένων.</span> <span class='ocrx_word' id='word_1_66' title='bbox 1016 1176 1137 1229; x_wconf 73' lang='lat' dir='ltr'>&#39;Ort</span> <span class='ocrx_word' id='word_1_67' title='bbox 1157 1177 1257 1247; x_wconf 81' lang='grc' dir='ltr'>μὲν</span> <span class='ocrx_word' id='word_1_68' title='bbox 1286 1176 1396 1250; x_wconf 79' lang='grc' dir='ltr'>γὰρ</span> <span class='ocrx_word' id='word_1_69' title='bbox 1436 1176 1530 1232; x_wconf 87' lang='grc' dir='ltr'>δύο</span> <span class='ocrx_word' id='word_1_70' title='bbox 1551 1178 1726 1250; x_wconf 78' lang='grc' dir='ltr'>ἀρχὰς</span> <span class='ocrx_word' id='word_1_71' title='bbox 1756 1182 1877 1235; x_wconf 85' lang='grc' dir='ltr'><strong>ὲπι-</strong></span> 
     </span>
    </p>
   </div>
   <div class='ocr_carea' id='block_1_7' title="bbox 300 1263 1877 1345">
    <p class='ocr_par' dir='ltr' id='par_1_8' title="bbox 300 1263 1877 1345">
     <span class='ocr_line' id='line_1_11' title="bbox 300 1263 1877 1345; baseline 0.003 -24"><span class='ocrx_word' id='word_1_72' title='bbox 300 1268 494 1322; x_wconf 79' lang='grc' dir='ltr'>τοαυτδ</span> <span class='ocrx_word' id='word_1_73' title='bbox 518 1263 655 1323; x_wconf 75' lang='grc' dir='ltr'><strong>εἶναι</strong></span> <span class='ocrx_word' id='word_1_74' title='bbox 670 1266 949 1335; x_wconf 88' lang='grc' dir='ltr'>ἀδύνατον,</span> <span class='ocrx_word' id='word_1_75' title='bbox 972 1267 1151 1340; x_wconf 84' lang='grc' dir='ltr'>δῆλον.</span> <span class='ocrx_word' id='word_1_76' title='bbox 1174 1270 1237 1323; x_wconf 78' lang='grc' dir='ltr'>Εἰ</span> <span class='ocrx_word' id='word_1_77' title='bbox 1261 1270 1278 1302; x_wconf 87' lang='lat'>¹</span> <span class='ocrx_word' id='word_1_78' title='bbox 1306 1269 1416 1342; x_wconf 79' lang='grc' dir='ltr'>γὰρ</span> <span class='ocrx_word' id='word_1_79' title='bbox 1445 1268 1504 1325; x_wconf 83' lang='grc' dir='ltr'>αἱ</span> <span class='ocrx_word' id='word_1_80' title='bbox 1531 1270 1623 1326; x_wconf 90' lang='grc' dir='ltr'>δύο</span> <span class='ocrx_word' id='word_1_81' title='bbox 1653 1272 1720 1325; x_wconf 75' lang='grc' dir='ltr'>ὲκ</span> <span class='ocrx_word' id='word_1_82' title='bbox 1743 1274 1877 1345; x_wconf 74' lang='grc' dir='ltr'><strong>μιᾶς</strong></span> 
     </span>
    </p>
   </div>
   <div class='ocr_carea' id='block_1_8' title="bbox 299 1357 1875 1519">
    <p class='ocr_par' dir='ltr' id='par_1_9' title="bbox 299 1357 1875 1519">
     <span class='ocr_line' id='line_1_12' title="bbox 301 1357 1875 1435; baseline 0.004 -24"><span class='ocrx_word' id='word_1_83' title='bbox 301 1357 407 1411; x_wconf 74' lang='lat' dir='ltr'>elci</span> <span class='ocrx_word' id='word_1_84' title='bbox 430 1374 591 1426; x_wconf 88' lang='grc' dir='ltr'><strong>τινος,</strong></span> <span class='ocrx_word' id='word_1_85' title='bbox 625 1358 661 1431; x_wconf 74' lang='grc' dir='ltr'>ἢ</span> <span class='ocrx_word' id='word_1_86' title='bbox 685 1361 719 1431; x_wconf 80' lang='grc' dir='ltr'><strong>ἡ</strong></span> <span class='ocrx_word' id='word_1_87' title='bbox 760 1359 859 1430; x_wconf 76' lang='grc' dir='ltr'>μὲν</span> <span class='ocrx_word' id='word_1_88' title='bbox 895 1357 1015 1412; x_wconf 71' lang='grc' dir='ltr'><strong>ἐστι</strong></span> <span class='ocrx_word' id='word_1_89' title='bbox 1044 1358 1293 1432; x_wconf 87' lang='grc' dir='ltr'>δευτέρα,</span> <span class='ocrx_word' id='word_1_90' title='bbox 1324 1361 1358 1431; x_wconf 80' lang='grc' dir='ltr'>η</span> <span class='ocrx_word' id='word_1_91' title='bbox 1391 1360 1448 1414; x_wconf 85' lang='grc' dir='ltr'>δὲ</span> <span class='ocrx_word' id='word_1_92' title='bbox 1493 1361 1595 1433; x_wconf 77' lang='grc' dir='ltr'>τῆς</span> <span class='ocrx_word' id='word_1_93' title='bbox 1618 1362 1875 1435; x_wconf 78' lang='grc' dir='ltr'>δευτέρας</span> 
     </span>
     <span class='ocr_line' id='line_1_13' title="bbox 299 1442 1872 1519; baseline 0.004 -20"><span class='ocrx_word' id='word_1_94' title='bbox 299 1446 446 1499; x_wconf 77' lang='grc' dir='ltr'>αἰτία</span> <span class='ocrx_word' id='word_1_95' title='bbox 476 1447 571 1500; x_wconf 79' lang='grc' dir='ltr'>καὶ</span> <span class='ocrx_word' id='word_1_96' title='bbox 597 1448 763 1519; x_wconf 80' lang='grc' dir='ltr'><strong>ἀρχή.</strong></span> <span class='ocrx_word' id='word_1_97' title='bbox 799 1445 1173 1519; x_wconf 82' lang='grc' dir='ltr'><strong>Ζητηθήσεται</strong></span> <span class='ocrx_word' id='word_1_98' title='bbox 1194 1442 1287 1501; x_wconf 83' lang='grc' dir='ltr'>οὗν</span> <span class='ocrx_word' id='word_1_99' title='bbox 1311 1449 1429 1519; x_wconf 67' lang='grc' dir='ltr'><strong>ἦτοι</strong></span> <span class='ocrx_word' id='word_1_100' title='bbox 1455 1448 1603 1503; x_wconf 76' lang='grc' dir='ltr'>αἰτία</span> <span class='ocrx_word' id='word_1_101' title='bbox 1623 1450 1730 1504; x_wconf 86' lang='grc' dir='ltr'>τῶν</span> <span class='ocrx_word' id='word_1_102' title='bbox 1758 1449 1872 1519; x_wconf 91' lang='grc' dir='ltr'>δύο,</span> 
     </span>
    </p>
   </div>
   <div class='ocr_carea' id='block_1_9' title="bbox 237 1534 1876 1979">
    <p class='ocr_par' dir='ltr' id='par_1_10' title="bbox 237 1534 1876 1979">
     <span class='ocr_line' id='line_1_14' title="bbox 299 1534 1872 1615; baseline 0.005 -25"><span class='ocrx_word' id='word_1_103' title='bbox 299 1538 332 1609; x_wconf 74' lang='grc' dir='ltr'><strong>ἢ</strong></span> <span class='ocrx_word' id='word_1_104' title='bbox 360 1538 592 1609; x_wconf 80' lang='grc' dir='ltr'>ὁποτέρα</span> <span class='ocrx_word' id='word_1_105' title='bbox 639 1539 845 1593; x_wconf 84' lang='grc' dir='ltr'>τούτων</span> <span class='ocrx_word' id='word_1_106' title='bbox 879 1539 1022 1613; x_wconf 81' lang='grc' dir='ltr'>ἀρχὴ</span> <span class='ocrx_word' id='word_1_107' title='bbox 1054 1534 1189 1594; x_wconf 77' lang='grc' dir='ltr'>οὖσα</span> <span class='ocrx_word' id='word_1_108' title='bbox 1227 1541 1327 1613; x_wconf 81' lang='grc' dir='ltr'>τῆς</span> <span class='ocrx_word' id='word_1_109' title='bbox 1350 1541 1564 1612; x_wconf 81' lang='grc' dir='ltr'>ἑτέρας,</span> <span class='ocrx_word' id='word_1_110' title='bbox 1594 1541 1672 1606; x_wconf 86' lang='grc' dir='ltr'>ὡς</span> <span class='ocrx_word' id='word_1_111' title='bbox 1698 1542 1837 1615; x_wconf 78' lang='grc' dir='ltr'>ἔφην</span> <span class='ocrx_word' id='word_1_112' title='bbox 1857 1561 1872 1577; x_wconf 91' lang='grc'><em>·</em></span> 
     </span>
     <span class='ocr_line' id='line_1_15' title="bbox 299 1629 1872 1716; baseline 0.004 -33"><span class='ocrx_word' id='word_1_113' title='bbox 299 1631 392 1683; x_wconf 73' lang='grc' dir='ltr'>καὶ</span> <span class='ocrx_word' id='word_1_114' title='bbox 413 1629 587 1695; x_wconf 77' lang='grc' dir='ltr'>οὕτως</span> <span class='ocrx_word' id='word_1_115' title='bbox 612 1631 677 1685; x_wconf 81' lang='grc' dir='ltr'>ὲκ</span> <span class='ocrx_word' id='word_1_116' title='bbox 713 1632 913 1696; x_wconf 76' lang='grc' dir='ltr'>παντὸς</span> <span class='ocrx_word' id='word_1_117' title='bbox 943 1631 1145 1703; x_wconf 81' lang='grc' dir='ltr'>τρόπου</span> <span class='ocrx_word' id='word_1_118' title='bbox 1169 1634 1262 1716; x_wconf 74' lang='grc' dir='ltr'>ἐπὶ</span> <span class='ocrx_word' id='word_1_119' title='bbox 1299 1633 1400 1706; x_wconf 82' lang='grc' dir='ltr'>τὴν</span> <span class='ocrx_word' id='word_1_120' title='bbox 1452 1635 1581 1705; x_wconf 79' lang='grc' dir='ltr'>μίαν</span> <span class='ocrx_word' id='word_1_121' title='bbox 1613 1635 1872 1691; x_wconf 89' lang='grc' dir='ltr'>ἀνακτέον</span> 
     </span>
     <span class='ocr_line' id='line_1_16' title="bbox 237 1714 1870 1800; baseline 0.006 -27"><span class='ocrx_word' id='word_1_122' title='bbox 237 1714 249 1730; x_wconf 89' lang='grc'><strong>’</strong></span> <span class='ocrx_word' id='word_1_123' title='bbox 300 1722 396 1793; x_wconf 78' lang='grc' dir='ltr'>τὴν</span> <span class='ocrx_word' id='word_1_124' title='bbox 421 1723 676 1789; x_wconf 78' lang='grc' dir='ltr'><strong>διάνοιαν,</strong></span> <span class='ocrx_word' id='word_1_125' title='bbox 710 1722 809 1796; x_wconf 78' lang='grc' dir='ltr'>τὴν</span> <span class='ocrx_word' id='word_1_126' title='bbox 834 1723 1229 1797; x_wconf 81' lang='grc' dir='ltr'><strong>εὑρισκομένην</strong></span> <span class='ocrx_word' id='word_1_127' title='bbox 1259 1724 1501 1797; x_wconf 80' lang='grc' dir='ltr'>πρώτην,</span> <span class='ocrx_word' id='word_1_128' title='bbox 1528 1727 1587 1793; x_wconf 79' lang='grc' dir='ltr'>ἐξ</span> <span class='ocrx_word' id='word_1_129' title='bbox 1607 1723 1676 1799; x_wconf 78' lang='grc' dir='ltr'>ἧς</span> <span class='ocrx_word' id='word_1_130' title='bbox 1716 1728 1809 1782; x_wconf 77' lang='grc' dir='ltr'>καὶ</span> <span class='ocrx_word' id='word_1_131' title='bbox 1836 1730 1870 1800; x_wconf 78' lang='grc' dir='ltr'>ὴ</span> 
     </span>
     <span class='ocr_line' id='line_1_17' title="bbox 297 1812 1871 1890; baseline 0.004 -25"><span class='ocrx_word' id='word_1_132' title='bbox 297 1812 545 1884; x_wconf 86' lang='grc' dir='ltr'>δευτέρα,</span> <span class='ocrx_word' id='word_1_133' title='bbox 575 1815 692 1885; x_wconf 72' lang='grc' dir='ltr'><strong>ἦτοι</strong></span> <span class='ocrx_word' id='word_1_134' title='bbox 716 1814 1051 1886; x_wconf 87' lang='grc' dir='ltr'><strong>ἀμφότεραι,</strong></span> <span class='ocrx_word' id='word_1_135' title='bbox 1085 1812 1267 1879; x_wconf 86' lang='grc' dir='ltr'>καθὼς</span> <span class='ocrx_word' id='word_1_136' title='bbox 1296 1815 1583 1881; x_wconf 75' lang='grc' dir='ltr'>δέδεικται,</span> <span class='ocrx_word' id='word_1_137' title='bbox 1612 1820 1690 1881; x_wconf 86' lang='grc' dir='ltr'>ὡς</span> <span class='ocrx_word' id='word_1_138' title='bbox 1714 1817 1871 1890; x_wconf 75' lang='grc' dir='ltr'>ἔφην.</span> 
     </span>
     <span class='ocr_line' id='line_1_18' title="bbox 310 1903 1876 1979; baseline 0.006 -25"><span class='ocrx_word' id='word_1_139' title='bbox 310 1903 696 1958; x_wconf 78' lang='grc' dir='ltr'><strong>Ἐπιτοαυτὸδὲ</strong></span> <span class='ocrx_word' id='word_1_140' title='bbox 716 1904 978 1960; x_wconf 88' lang='grc' dir='ltr'>ἀδύνατον</span> <span class='ocrx_word' id='word_1_141' title='bbox 995 1904 1096 1970; x_wconf 75' lang='grc' dir='ltr'>τὰς</span> <span class='ocrx_word' id='word_1_142' title='bbox 1118 1904 1213 1960; x_wconf 88' lang='grc' dir='ltr'>δύο</span> <span class='ocrx_word' id='word_1_143' title='bbox 1236 1905 1412 1978; x_wconf 82' lang='grc' dir='ltr'>ἀρχὰς</span> <span class='ocrx_word' id='word_1_144' title='bbox 1433 1907 1701 1979; x_wconf 80' lang='grc' dir='ltr'><strong>ὑπάρχειν</strong></span> <span class='ocrx_word' id='word_1_145' title='bbox 1715 1924 1730 1940; x_wconf 90' lang='grc'><em>·</em></span> <span class='ocrx_word' id='word_1_146' title='bbox 1758 1909 1876 1963; x_wconf 88' lang='grc' dir='ltr'>ἀλλ’</span> 
     </span>
    </p>
   </div>
   <div class='ocr_carea' id='block_1_10' title="bbox 1973 724 3557 1974">
    <p class='ocr_par' dir='ltr' id='par_1_11' title="bbox 1976 724 3545 873">
     <span class='ocr_line' id='line_1_19' title="bbox 1976 724 3545 795; baseline 0 -15"><span class='ocrx_word' id='word_1_147' title='bbox 1976 739 2134 780; x_wconf 84' lang='lat' dir='ltr'>suum</span> <span class='ocrx_word' id='word_1_148' title='bbox 2168 724 2431 780; x_wconf 74' lang='lat' dir='ltr'>Marcioni</span> <span class='ocrx_word' id='word_1_149' title='bbox 2448 726 2599 782; x_wconf 83' lang='lat' dir='ltr'>virus</span> <span class='ocrx_word' id='word_1_150' title='bbox 2623 724 2880 795; x_wconf 74' lang='lat' dir='ltr'>aspersit,</span> <span class='ocrx_word' id='word_1_151' title='bbox 2915 739 3078 795; x_wconf 92' lang='lat' dir='ltr'>quem</span> <span class='ocrx_word' id='word_1_152' title='bbox 3126 725 3288 781; x_wconf 88' lang='lat' dir='ltr'>etiam</span> <span class='ocrx_word' id='word_1_153' title='bbox 3331 741 3545 780; x_wconf 78' lang='lat' dir='ltr'>succes-</span> 
     </span>
     <span class='ocr_line' id='line_1_20' title="bbox 1977 817 2401 873; baseline -0.002 0"><span class='ocrx_word' id='word_1_154' title='bbox 1977 831 2158 873; x_wconf 80' lang='lat' dir='ltr'>sorem</span> <span class='ocrx_word' id='word_1_155' title='bbox 2189 817 2401 873; x_wconf 85' lang='lat' dir='ltr'>babuit.</span> 
     </span>
    </p>

    <p class='ocr_par' dir='ltr' id='par_1_12' title="bbox 1973 903 3557 1974">
     <span class='ocr_line' id='line_1_21' title="bbox 2046 903 3548 962; baseline 0.001 -4"><span class='ocrx_word' id='word_1_156' title='bbox 2046 903 2113 960; x_wconf 91' lang='lat' dir='ltr'>ll.</span> <span class='ocrx_word' id='word_1_157' title='bbox 2139 906 2336 962; x_wconf 83' lang='lat' dir='ltr'>Verum</span> <span class='ocrx_word' id='word_1_158' title='bbox 2374 920 2498 962; x_wconf 89' lang='lat' dir='ltr'>cum</span> <span class='ocrx_word' id='word_1_159' title='bbox 2546 921 2658 961; x_wconf 86' lang='lat' dir='ltr'>non</span> <span class='ocrx_word' id='word_1_160' title='bbox 2717 905 2903 961; x_wconf 88' lang='lat' dir='ltr'>minus</span> <span class='ocrx_word' id='word_1_161' title='bbox 2949 905 3161 962; x_wconf 79' lang='lat' dir='ltr'>caeten&#39;s</span> <span class='ocrx_word' id='word_1_162' title='bbox 3189 905 3416 962; x_wconf 85' lang='lat' dir='ltr'>baeresis</span> <span class='ocrx_word' id='word_1_163' title='bbox 3445 908 3548 962; x_wconf 86' lang='lat' dir='ltr'>ista</span> 
     </span>
     <span class='ocr_line' id='line_1_22' title="bbox 1977 996 3549 1068; baseline 0.001 -17"><span class='ocrx_word' id='word_1_164' title='bbox 1977 996 2311 1068; x_wconf 82' lang='lat' dir='ltr'>deprehendi</span> <span class='ocrx_word' id='word_1_165' title='bbox 2364 1012 2430 1054; x_wconf 93' lang='lat' dir='ltr'>ac</span> <span class='ocrx_word' id='word_1_166' title='bbox 2472 997 2727 1068; x_wconf 72' lang='lat' dir='ltr'>redargui</span> <span class='ocrx_word' id='word_1_167' title='bbox 2758 997 2921 1053; x_wconf 77' lang='lat' dir='ltr'>facile</span> <span class='ocrx_word' id='word_1_168' title='bbox 2975 996 3170 1066; x_wconf 88' lang='lat' dir='ltr'>possit,</span> <span class='ocrx_word' id='word_1_169' title='bbox 3212 1000 3402 1067; x_wconf 84' lang='lat' dir='ltr'>paucis</span> <span class='ocrx_word' id='word_1_170' title='bbox 3429 1013 3549 1067; x_wconf 80' lang='lat' dir='ltr'>quar</span> 
     </span>
     <span class='ocr_line' id='line_1_23' title="bbox 1975 1085 3550 1157; baseline 0.001 -16"><span class='ocrx_word' id='word_1_171' title='bbox 1975 1085 2046 1141; x_wconf 88' lang='lat' dir='ltr'>ad</span> <span class='ocrx_word' id='word_1_172' title='bbox 2064 1100 2184 1141; x_wconf 86' lang='lat' dir='ltr'>eam</span> <span class='ocrx_word' id='word_1_173' title='bbox 2212 1085 2488 1157; x_wconf 71' lang='lat' dir='ltr'>pertinent</span> <span class='ocrx_word' id='word_1_174' title='bbox 2513 1085 2869 1157; x_wconf 87' lang='lat' dir='ltr'>complectar,</span> <span class='ocrx_word' id='word_1_175' title='bbox 2892 1086 3120 1156; x_wconf 81' lang='lat' dir='ltr'>ejusque</span> <span class='ocrx_word' id='word_1_176' title='bbox 3138 1085 3451 1142; x_wconf 65' lang='lat' dir='ltr'>refellendae</span> <span class='ocrx_word' id='word_1_177' title='bbox 3482 1089 3550 1143; x_wconf 82' lang='lat' dir='ltr'>ab</span> 
     </span>
     <span class='ocr_line' id='line_1_24' title="bbox 1975 1173 3550 1246; baseline -0.001 -17"><span class='ocrx_word' id='word_1_178' title='bbox 1975 1174 2083 1231; x_wconf 88' lang='lat' dir='ltr'>illis</span> <span class='ocrx_word' id='word_1_179' title='bbox 2099 1174 2234 1246; x_wconf 82' lang='lat' dir='ltr'>ipsis</span> <span class='ocrx_word' id='word_1_180' title='bbox 2262 1191 2450 1232; x_wconf 90' lang='lat' dir='ltr'>eorum</span> <span class='ocrx_word' id='word_1_181' title='bbox 2478 1175 2712 1231; x_wconf 74' lang='lat' dir='ltr'>decretis</span> <span class='ocrx_word' id='word_1_182' title='bbox 2770 1173 2984 1229; x_wconf 90' lang='lat' dir='ltr'>initium</span> <span class='ocrx_word' id='word_1_183' title='bbox 3015 1187 3310 1229; x_wconf 85' lang='lat' dir='ltr'>arcessam.</span> <span class='ocrx_word' id='word_1_184' title='bbox 3339 1173 3550 1229; x_wconf 83' lang='lat' dir='ltr'>Etenim</span> 
     </span>
     <span class='ocr_line' id='line_1_25' title="bbox 1975 1264 3550 1337; baseline 0.001 -17"><span class='ocrx_word' id='word_1_185' title='bbox 1975 1264 2085 1320; x_wconf 92' lang='lat' dir='ltr'>duo</span> <span class='ocrx_word' id='word_1_186' title='bbox 2101 1265 2266 1322; x_wconf 88' lang='lat' dir='ltr'>simul</span> <span class='ocrx_word' id='word_1_187' title='bbox 2292 1281 2481 1323; x_wconf 91' lang='lat' dir='ltr'>rerum</span> <span class='ocrx_word' id='word_1_188' title='bbox 2514 1281 2637 1322; x_wconf 85' lang='lat' dir='ltr'>esse</span> <span class='ocrx_word' id='word_1_189' title='bbox 2676 1264 2948 1336; x_wconf 89' lang='lat' dir='ltr'>principia</span> <span class='ocrx_word' id='word_1_190' title='bbox 2979 1280 3326 1337; x_wconf 87' lang='lat' dir='ltr'>nequaquam</span> <span class='ocrx_word' id='word_1_191' title='bbox 3382 1278 3550 1336; x_wconf 79' lang='lat' dir='ltr'>posse</span> 
     </span>
     <span class='ocr_line' id='line_1_26' title="bbox 1976 1355 3552 1415; baseline -0.001 -4"><span class='ocrx_word' id='word_1_192' title='bbox 1976 1357 2325 1413; x_wconf 77' lang='lat' dir='ltr'>manifestum</span> <span class='ocrx_word' id='word_1_193' title='bbox 2366 1365 2473 1415; x_wconf 88' lang='lat' dir='ltr'>est.</span> <span class='ocrx_word' id='word_1_194' title='bbox 2515 1356 2657 1412; x_wconf 80' lang='lat' dir='ltr'>Nam</span> <span class='ocrx_word' id='word_1_195' title='bbox 2694 1364 2790 1412; x_wconf 89' lang='lat' dir='ltr'>ant</span> <span class='ocrx_word' id='word_1_196' title='bbox 2847 1355 2960 1411; x_wconf 86' lang='lat' dir='ltr'>duo</span> <span class='ocrx_word' id='word_1_197' title='bbox 2993 1357 3065 1413; x_wconf 89' lang='lat' dir='ltr'>ab</span> <span class='ocrx_word' id='word_1_198' title='bbox 3094 1371 3207 1413; x_wconf 91' lang='lat' dir='ltr'>uno</span> <span class='ocrx_word' id='word_1_199' title='bbox 3258 1363 3552 1412; x_wconf 83' lang='lat' dir='ltr'>manarunt</span> 
     </span>
     <span class='ocr_line' id='line_1_27' title="bbox 1974 1447 3551 1521; baseline -0.001 -17"><span class='ocrx_word' id='word_1_200' title='bbox 1974 1449 2177 1521; x_wconf 87' lang='lat' dir='ltr'>aliquo,</span> <span class='ocrx_word' id='word_1_201' title='bbox 2215 1457 2508 1506; x_wconf 88' lang='lat' dir='ltr'>autunum</span> <span class='ocrx_word' id='word_1_202' title='bbox 2560 1449 2865 1507; x_wconf 83' lang='lat' dir='ltr'>secundum</span> <span class='ocrx_word' id='word_1_203' title='bbox 2908 1457 3013 1513; x_wconf 87' lang='lat' dir='ltr'>est,</span> <span class='ocrx_word' id='word_1_204' title='bbox 3055 1449 3288 1504; x_wconf 89' lang='lat' dir='ltr'>alterum</span> <span class='ocrx_word' id='word_1_205' title='bbox 3322 1447 3551 1505; x_wconf 87' lang='lat' dir='ltr'>secundi</span> 
     </span>
     <span class='ocr_line' id='line_1_28' title="bbox 1976 1537 3553 1609; baseline -0.001 -17"><span class='ocrx_word' id='word_1_206' title='bbox 1976 1552 2143 1595; x_wconf 86' lang='lat' dir='ltr'>causa</span> <span class='ocrx_word' id='word_1_207' title='bbox 2206 1554 2400 1595; x_wconf 88' lang='lat' dir='ltr'>rursus</span> <span class='ocrx_word' id='word_1_208' title='bbox 2460 1553 2526 1595; x_wconf 90' lang='lat' dir='ltr'>ac</span> <span class='ocrx_word' id='word_1_209' title='bbox 2586 1537 2942 1609; x_wconf 88' lang='lat' dir='ltr'>principium.</span> <span class='ocrx_word' id='word_1_210' title='bbox 2982 1537 3349 1603; x_wconf 68' lang='lat' dir='ltr'>Quaerendum</span> <span class='ocrx_word' id='word_1_211' title='bbox 3387 1537 3553 1607; x_wconf 89' lang='lat' dir='ltr'>igitur</span> 
     </span>
     <span class='ocr_line' id='line_1_29' title="bbox 1973 1626 3557 1699; baseline 0.001 -16"><span class='ocrx_word' id='word_1_212' title='bbox 1973 1636 2080 1695; x_wconf 77' lang='lat' dir='ltr'>est,</span> <span class='ocrx_word' id='word_1_213' title='bbox 2109 1644 2360 1699; x_wconf 84' lang='lat' dir='ltr'>quaenam</span> <span class='ocrx_word' id='word_1_214' title='bbox 2393 1628 2677 1684; x_wconf 89' lang='lat' dir='ltr'>amborum</span> <span class='ocrx_word' id='word_1_215' title='bbox 2710 1643 2878 1685; x_wconf 88' lang='lat' dir='ltr'>causa</span> <span class='ocrx_word' id='word_1_216' title='bbox 2899 1628 2992 1692; x_wconf 87' lang='lat' dir='ltr'>sit,</span> <span class='ocrx_word' id='word_1_217' title='bbox 3035 1637 3130 1682; x_wconf 88' lang='lat' dir='ltr'>aut</span> <span class='ocrx_word' id='word_1_218' title='bbox 3158 1626 3304 1698; x_wconf 90' lang='lat' dir='ltr'>quod</span> <span class='ocrx_word' id='word_1_219' title='bbox 3337 1643 3403 1684; x_wconf 87' lang='lat' dir='ltr'>ex</span> <span class='ocrx_word' id='word_1_220' title='bbox 3444 1628 3557 1685; x_wconf 89' lang='lat' dir='ltr'>illis</span> 
     </span>
     <span class='ocr_line' id='line_1_30' title="bbox 1975 1717 3553 1789; baseline 0.001 -17"><span class='ocrx_word' id='word_1_221' title='bbox 1975 1719 2309 1789; x_wconf 88' lang='lat' dir='ltr'>principium</span> <span class='ocrx_word' id='word_1_222' title='bbox 2352 1718 2426 1775; x_wconf 79' lang='lat' dir='ltr'>sit</span> <span class='ocrx_word' id='word_1_223' title='bbox 2485 1717 2733 1782; x_wconf 87' lang='lat' dir='ltr'>alterius,</span> <span class='ocrx_word' id='word_1_224' title='bbox 2788 1723 2851 1773; x_wconf 85' lang='grc' dir='ltr'>ιιι</span> <span class='ocrx_word' id='word_1_225' title='bbox 2899 1717 3178 1785; x_wconf 81' lang='lat' dir='ltr'>diximus;</span> <span class='ocrx_word' id='word_1_226' title='bbox 3238 1717 3429 1788; x_wconf 89' lang='lat' dir='ltr'>sicque</span> <span class='ocrx_word' id='word_1_227' title='bbox 3482 1719 3553 1773; x_wconf 86' lang='lat' dir='ltr'>ad</span> 
     </span>
     <span class='ocr_line' id='line_1_31' title="bbox 1975 1809 3551 1882; baseline -0.001 -18"><span class='ocrx_word' id='word_1_228' title='bbox 1975 1826 2144 1865; x_wconf 92' lang='lat' dir='ltr'>unum</span> <span class='ocrx_word' id='word_1_229' title='bbox 2170 1810 2396 1865; x_wconf 87' lang='lat' dir='ltr'>omnino</span> <span class='ocrx_word' id='word_1_230' title='bbox 2436 1809 2723 1867; x_wconf 79' lang='lat' dir='ltr'>reserenda</span> <span class='ocrx_word' id='word_1_231' title='bbox 2777 1811 3059 1882; x_wconf 74' lang='lat' dir='ltr'>cogitatio,</span> <span class='ocrx_word' id='word_1_232' title='bbox 3114 1810 3263 1882; x_wconf 87' lang='lat' dir='ltr'>quod</span> <span class='ocrx_word' id='word_1_233' title='bbox 3314 1809 3551 1881; x_wconf 90' lang='lat' dir='ltr'>primum</span> 
     </span>
     <span class='ocr_line' id='line_1_32' title="bbox 1975 1901 3552 1974; baseline 0.001 -18"><span class='ocrx_word' id='word_1_234' title='bbox 1975 1901 2241 1965; x_wconf 89' lang='lat' dir='ltr'>occurrit,</span> <span class='ocrx_word' id='word_1_235' title='bbox 2266 1916 2298 1956; x_wconf 92' lang='lat' dir='ltr'>a</span> <span class='ocrx_word' id='word_1_236' title='bbox 2326 1916 2436 1972; x_wconf 91' lang='lat' dir='ltr'>quo</span> <span class='ocrx_word' id='word_1_237' title='bbox 2453 1902 2781 1974; x_wconf 88' lang='lat' dir='ltr'>secundum,</span> <span class='ocrx_word' id='word_1_238' title='bbox 2811 1913 2906 1960; x_wconf 90' lang='lat' dir='ltr'>aut</span> <span class='ocrx_word' id='word_1_239' title='bbox 2953 1904 3115 1959; x_wconf 81' lang='lat' dir='ltr'>ambo</span> <span class='ocrx_word' id='word_1_240' title='bbox 3162 1904 3254 1957; x_wconf 91' lang='lat' dir='ltr'>illa</span> <span class='ocrx_word' id='word_1_241' title='bbox 3281 1902 3552 1973; x_wconf 82' lang='lat' dir='ltr'>prollcisci</span> 
     </span>
    </p>
   </div>
   <div class='ocr_carea' id='block_1_11' title="bbox 293 1983 3555 2063">
    <p class='ocr_par' dir='ltr' id='par_1_13' title="bbox 293 1983 3555 2063">
     <span class='ocr_line' id='line_1_33' title="bbox 293 1983 3555 2063; baseline 0.002 -25"><span class='ocrx_word' id='word_1_242' title='bbox 293 1986 414 2039; x_wconf 73' lang='grc' dir='ltr'>οὐδὲ</span> <span class='ocrx_word' id='word_1_243' title='bbox 450 1986 797 2061; x_wconf 82' lang='grc' dir='ltr'><strong>διαφέρεσθαι</strong></span> <span class='ocrx_word' id='word_1_244' title='bbox 825 1987 921 2061; x_wconf 80' lang='grc' dir='ltr'>τὴν</span> <span class='ocrx_word' id='word_1_245' title='bbox 968 1990 1099 2061; x_wconf 82' lang='grc' dir='ltr'>μίαν</span> <span class='ocrx_word' id='word_1_246' title='bbox 1133 1989 1270 2061; x_wconf 82' lang='grc' dir='ltr'>πρὸς</span> <span class='ocrx_word' id='word_1_247' title='bbox 1299 1990 1399 2062; x_wconf 82' lang='grc' dir='ltr'>τὴν</span> <span class='ocrx_word' id='word_1_248' title='bbox 1438 1990 1605 2061; x_wconf 78' lang='grc' dir='ltr'>ἀλλην</span> <span class='ocrx_word' id='word_1_249' title='bbox 1627 1991 1871 2048; x_wconf 85' lang='grc' dir='ltr'>δυνατόν.</span> <span class='ocrx_word' id='word_1_250' title='bbox 1904 1983 1948 2037; x_wconf 87' lang='grc' dir='ltr'>Β</span> <span class='ocrx_word' id='word_1_251' title='bbox 1975 1989 2493 2047; x_wconf 85' lang='lat' dir='ltr'>demonstravimus.</span> <span class='ocrx_word' id='word_1_252' title='bbox 2549 1990 2670 2048; x_wconf 86' lang='lat' dir='ltr'>Duo</span> <span class='ocrx_word' id='word_1_253' title='bbox 2718 2008 2884 2063; x_wconf 85' lang='lat' dir='ltr'>porro</span> <span class='ocrx_word' id='word_1_254' title='bbox 2944 1992 3111 2049; x_wconf 86' lang='lat' dir='ltr'>simul</span> <span class='ocrx_word' id='word_1_255' title='bbox 3165 2000 3225 2046; x_wconf 87' lang='lat' dir='ltr'>ut</span> <span class='ocrx_word' id='word_1_256' title='bbox 3284 1991 3555 2063; x_wconf 87' lang='lat' dir='ltr'>principia</span> 
     </span>
    </p>
   </div>
   <div class='ocr_carea' id='block_1_12' title="bbox 288 2081 1877 3708">
    <p class='ocr_par' dir='ltr' id='par_1_14' title="bbox 288 2081 1877 3708">
     <span class='ocr_line' id='line_1_34' title="bbox 293 2081 1874 2157; baseline 0.001 -22"><span class='ocrx_word' id='word_1_257' title='bbox 293 2081 355 2136; x_wconf 80' lang='lat' dir='ltr'>El</span> <span class='ocrx_word' id='word_1_258' title='bbox 376 2083 487 2153; x_wconf 85' lang='grc' dir='ltr'>γὰρ</span> <span class='ocrx_word' id='word_1_259' title='bbox 513 2082 885 2156; x_wconf 80' lang='grc' dir='ltr'><strong>διαφέρονται,</strong></span> <span class='ocrx_word' id='word_1_260' title='bbox 920 2084 1030 2137; x_wconf 76' lang='grc' dir='ltr'>εἰσὶ</span> <span class='ocrx_word' id='word_1_261' title='bbox 1058 2083 1157 2153; x_wconf 87' lang='grc' dir='ltr'>μὲν</span> <span class='ocrx_word' id='word_1_262' title='bbox 1182 2082 1297 2138; x_wconf 90' lang='grc' dir='ltr'>δύο.</span> <span class='ocrx_word' id='word_1_263' title='bbox 1336 2082 1428 2154; x_wconf 86' lang='grc' dir='ltr'>Τῷ</span> <span class='ocrx_word' id='word_1_264' title='bbox 1452 2084 1509 2138; x_wconf 83' lang='grc' dir='ltr'>δὲ</span> <span class='ocrx_word' id='word_1_265' title='bbox 1537 2082 1632 2137; x_wconf 85' lang='grc' dir='ltr'>δύο</span> <span class='ocrx_word' id='word_1_266' title='bbox 1655 2082 1874 2157; x_wconf 79' lang='grc' dir='ltr'><strong>ἀριθμῷ</strong></span> 
     </span>
     <span class='ocr_line' id='line_1_35' title="bbox 293 2173 1872 2246; baseline 0.001 -21"><span class='ocrx_word' id='word_1_267' title='bbox 293 2173 692 2245; x_wconf 82' lang='grc' dir='ltr'><strong>εὑρισκόμεναι,</strong></span> <span class='ocrx_word' id='word_1_268' title='bbox 726 2174 819 2228; x_wconf 81' lang='grc' dir='ltr'>τὸν</span> <span class='ocrx_word' id='word_1_269' title='bbox 867 2174 964 2228; x_wconf 72' lang='grc' dir='ltr'>ἕνα</span> <span class='ocrx_word' id='word_1_270' title='bbox 1009 2173 1247 2246; x_wconf 79' lang='grc' dir='ltr'><strong>ἀριθμὸν</strong></span> <span class='ocrx_word' id='word_1_271' title='bbox 1287 2173 1722 2246; x_wconf 79' lang='grc' dir='ltr'><strong>ὑπερόεόηκασι.</strong></span> <span class='ocrx_word' id='word_1_272' title='bbox 1765 2173 1872 2228; x_wconf 85' lang='grc' dir='ltr'>Τοῦ</span> 
     </span>
     <span class='ocr_line' id='line_1_36' title="bbox 291 2263 1873 2337; baseline 0 -19"><span class='ocrx_word' id='word_1_273' title='bbox 291 2264 346 2317; x_wconf 85' lang='grc' dir='ltr'>δὲ</span> <span class='ocrx_word' id='word_1_274' title='bbox 382 2264 500 2329; x_wconf 80' lang='grc' dir='ltr'>ἑνὸς</span> <span class='ocrx_word' id='word_1_275' title='bbox 530 2265 623 2319; x_wconf 79' lang='grc' dir='ltr'>καὶ</span> <span class='ocrx_word' id='word_1_276' title='bbox 658 2264 875 2337; x_wconf 82' lang='grc' dir='ltr'>πρώτου</span> <span class='ocrx_word' id='word_1_277' title='bbox 918 2264 1151 2337; x_wconf 85' lang='grc' dir='ltr'><strong>ἀριθμοῦ</strong></span> <span class='ocrx_word' id='word_1_278' title='bbox 1192 2263 1549 2337; x_wconf 79' lang='grc' dir='ltr'>ζητουμένου,</span> <span class='ocrx_word' id='word_1_279' title='bbox 1583 2266 1640 2320; x_wconf 78' lang='grc' dir='ltr'>αἱ</span> <span class='ocrx_word' id='word_1_280' title='bbox 1675 2263 1771 2319; x_wconf 86' lang='grc' dir='ltr'>δύο</span> <span class='ocrx_word' id='word_1_281' title='bbox 1792 2263 1873 2336; x_wconf 81' lang='grc' dir='ltr'><strong>τῷ</strong></span> 
     </span>
     <span class='ocr_line' id='line_1_37' title="bbox 293 2355 1873 2429; baseline 0.001 -19"><span class='ocrx_word' id='word_1_282' title='bbox 293 2356 375 2411; x_wconf 74' lang='grc' dir='ltr'>ἑνὶ</span> <span class='ocrx_word' id='word_1_283' title='bbox 398 2356 614 2427; x_wconf 79' lang='grc' dir='ltr'><strong>ἀριθμῷ</strong></span> <span class='ocrx_word' id='word_1_284' title='bbox 650 2358 745 2410; x_wconf 72' lang='grc' dir='ltr'>καὶ</span> <span class='ocrx_word' id='word_1_285' title='bbox 791 2356 1050 2429; x_wconf 80' lang='grc' dir='ltr'>ἀνωτέρω</span> <span class='ocrx_word' id='word_1_286' title='bbox 1093 2357 1412 2411; x_wconf 79' lang='grc' dir='ltr'><strong>ὑπόκεινται</strong></span> <span class='ocrx_word' id='word_1_287' title='bbox 1448 2355 1528 2428; x_wconf 81' lang='grc' dir='ltr'>τῷ</span> <span class='ocrx_word' id='word_1_288' title='bbox 1570 2355 1733 2427; x_wconf 77' lang='grc' dir='ltr'>αἰτίῳ</span> <span class='ocrx_word' id='word_1_289' title='bbox 1762 2356 1873 2411; x_wconf 84' lang='grc' dir='ltr'>τῶν</span> 
     </span>
     <span class='ocr_line' id='line_1_38' title="bbox 294 2446 1873 2519; baseline 0.002 -21"><span class='ocrx_word' id='word_1_290' title='bbox 294 2446 389 2498; x_wconf 88' lang='grc' dir='ltr'>δύο</span> <span class='ocrx_word' id='word_1_291' title='bbox 416 2446 549 2499; x_wconf 81' lang='grc' dir='ltr'><strong>δντι.</strong></span> <span class='ocrx_word' id='word_1_292' title='bbox 603 2446 677 2499; x_wconf 84' lang='grc' dir='ltr'>Οὐ</span> <span class='ocrx_word' id='word_1_293' title='bbox 702 2446 812 2517; x_wconf 78' lang='grc' dir='ltr'>γὰρ</span> <span class='ocrx_word' id='word_1_294' title='bbox 853 2447 911 2500; x_wconf 75' lang='grc' dir='ltr'>αἱ</span> <span class='ocrx_word' id='word_1_295' title='bbox 941 2446 1034 2500; x_wconf 89' lang='grc' dir='ltr'>δύο</span> <span class='ocrx_word' id='word_1_296' title='bbox 1060 2448 1117 2501; x_wconf 76' lang='grc' dir='ltr'>αἱ</span> <span class='ocrx_word' id='word_1_297' title='bbox 1144 2449 1282 2519; x_wconf 89' lang='grc' dir='ltr'>μετά</span> <span class='ocrx_word' id='word_1_298' title='bbox 1302 2447 1401 2502; x_wconf 78' lang='grc' dir='ltr'>τὸν</span> <span class='ocrx_word' id='word_1_299' title='bbox 1426 2448 1526 2503; x_wconf 69' lang='grc' dir='ltr'>ἕνα</span> <span class='ocrx_word' id='word_1_300' title='bbox 1544 2446 1801 2519; x_wconf 79' lang='grc' dir='ltr'><strong>ἀριθμὸν,</strong></span> <span class='ocrx_word' id='word_1_301' title='bbox 1836 2446 1873 2519; x_wconf 70' lang='grc' dir='ltr'><strong>ἢ</strong></span> 
     </span>
     <span class='ocr_line' id='line_1_39' title="bbox 298 2536 1874 2611; baseline 0.002 -21"><span class='ocrx_word' id='word_1_302' title='bbox 298 2538 397 2607; x_wconf 78' lang='grc' dir='ltr'>τὴν</span> <span class='ocrx_word' id='word_1_303' title='bbox 432 2536 558 2607; x_wconf 86' lang='grc' dir='ltr'>μίαν</span> <span class='ocrx_word' id='word_1_304' title='bbox 586 2537 762 2610; x_wconf 82' lang='grc' dir='ltr'>ἀρχὴν</span> <span class='ocrx_word' id='word_1_305' title='bbox 787 2539 882 2593; x_wconf 76' lang='grc' dir='ltr'>καὶ</span> <span class='ocrx_word' id='word_1_306' title='bbox 908 2537 1153 2611; x_wconf 82' lang='grc' dir='ltr'>πρώτην,</span> <span class='ocrx_word' id='word_1_307' title='bbox 1187 2538 1355 2593; x_wconf 74' lang='grc' dir='ltr'><strong>αἰτίαι</strong></span> <span class='ocrx_word' id='word_1_308' title='bbox 1382 2539 1593 2593; x_wconf 76' lang='grc' dir='ltr'>ἑαυτῶν</span> <span class='ocrx_word' id='word_1_309' title='bbox 1617 2538 1874 2594; x_wconf 86' lang='grc' dir='ltr'><strong>δύνανται</strong></span> 
     </span>
     <span class='ocr_line' id='line_1_40' title="bbox 295 2627 1874 2702; baseline 0 -19"><span class='ocrx_word' id='word_1_310' title='bbox 295 2627 467 2684; x_wconf 77' lang='grc' dir='ltr'><strong>εἶναι·</strong></span> <span class='ocrx_word' id='word_1_311' title='bbox 512 2630 603 2685; x_wconf 83' lang='grc' dir='ltr'><strong>τοῦ</strong></span> <span class='ocrx_word' id='word_1_312' title='bbox 628 2629 808 2684; x_wconf 82' lang='grc' dir='ltr'><strong>ἑνικοῦ</strong></span> <span class='ocrx_word' id='word_1_313' title='bbox 856 2628 1093 2702; x_wconf 85' lang='grc' dir='ltr'><strong>ἀριθμοῦ</strong></span> <span class='ocrx_word' id='word_1_314' title='bbox 1125 2630 1221 2684; x_wconf 80' lang='grc' dir='ltr'>καὶ</span> <span class='ocrx_word' id='word_1_315' title='bbox 1249 2630 1529 2685; x_wconf 86' lang='grc' dir='ltr'>ἀνωτάτου</span> <span class='ocrx_word' id='word_1_316' title='bbox 1564 2629 1651 2685; x_wconf 79' lang='grc' dir='ltr'>ἀεὶ</span> <span class='ocrx_word' id='word_1_317' title='bbox 1679 2628 1874 2702; x_wconf 82' lang='grc' dir='ltr'>ζητου-</span> 
     </span>
     <span class='ocr_line' id='line_1_41' title="bbox 297 2719 1875 2796; baseline 0 -21"><span class='ocrx_word' id='word_1_318' title='bbox 297 2720 484 2793; x_wconf 85' lang='grc' dir='ltr'>μένου.</span> <span class='ocrx_word' id='word_1_319' title='bbox 516 2722 578 2775; x_wconf 86' lang='lat' dir='ltr'>El</span> <span class='ocrx_word' id='word_1_320' title='bbox 603 2722 711 2796; x_wconf 78' lang='grc' dir='ltr'>γὰρ</span> <span class='ocrx_word' id='word_1_321' title='bbox 745 2724 803 2776; x_wconf 81' lang='grc' dir='ltr'>αι</span> <span class='ocrx_word' id='word_1_322' title='bbox 838 2721 934 2776; x_wconf 88' lang='grc' dir='ltr'>δύο</span> <span class='ocrx_word' id='word_1_323' title='bbox 959 2720 1348 2795; x_wconf 76' lang='grc' dir='ltr'><strong>εὑρεθήσονται</strong></span> <span class='ocrx_word' id='word_1_324' title='bbox 1390 2722 1520 2792; x_wconf 80' lang='grc' dir='ltr'><strong>μιᾶς</strong></span> <span class='ocrx_word' id='word_1_325' title='bbox 1546 2719 1709 2793; x_wconf 75' lang='grc' dir='ltr'>οὔσης</span> <span class='ocrx_word' id='word_1_326' title='bbox 1735 2738 1875 2790; x_wconf 83' lang='grc' dir='ltr'>συμ·</span> 
     </span>
     <span class='ocr_line' id='line_1_42' title="bbox 298 2812 1875 2885; baseline 0.001 -22"><span class='ocrx_word' id='word_1_327' title='bbox 298 2812 522 2879; x_wconf 85' lang='grc' dir='ltr'>φωνίας,</span> <span class='ocrx_word' id='word_1_328' title='bbox 565 2814 658 2866; x_wconf 76' lang='grc' dir='ltr'>καὶ</span> <span class='ocrx_word' id='word_1_329' title='bbox 702 2813 1117 2885; x_wconf 78' lang='grc' dir='ltr'><strong>συγχαίρουσαι,</strong></span> <span class='ocrx_word' id='word_1_330' title='bbox 1157 2814 1254 2867; x_wconf 80' lang='grc' dir='ltr'>καὶ</span> <span class='ocrx_word' id='word_1_331' title='bbox 1293 2812 1678 2884; x_wconf 79' lang='grc' dir='ltr'><strong>συμφωνοῦσαι</strong></span> <span class='ocrx_word' id='word_1_332' title='bbox 1709 2812 1875 2885; x_wconf 79' lang='grc' dir='ltr'>ἀλλή-</span> 
     </span>
     <span class='ocr_line' id='line_1_43' title="bbox 293 2902 1877 2977; baseline 0.001 -23"><span class='ocrx_word' id='word_1_333' title='bbox 293 2903 433 2966; x_wconf 83' lang='grc' dir='ltr'><strong>λαις,</strong></span> <span class='ocrx_word' id='word_1_334' title='bbox 463 2905 520 2957; x_wconf 81' lang='grc' dir='ltr'>ὲν</span> <span class='ocrx_word' id='word_1_335' title='bbox 547 2904 626 2975; x_wconf 78' lang='grc' dir='ltr'><strong>τῷ</strong></span> <span class='ocrx_word' id='word_1_336' title='bbox 655 2905 759 2977; x_wconf 72' lang='grc' dir='ltr'>τὴν</span> <span class='ocrx_word' id='word_1_337' title='bbox 790 2904 892 2977; x_wconf 72' lang='grc' dir='ltr'>μὲν</span> <span class='ocrx_word' id='word_1_338' title='bbox 920 2904 1050 2975; x_wconf 83' lang='grc' dir='ltr'>μίαν</span> <span class='ocrx_word' id='word_1_339' title='bbox 1075 2903 1416 2976; x_wconf 84' lang='grc' dir='ltr'><strong>παραμένειν</strong></span> <span class='ocrx_word' id='word_1_340' title='bbox 1443 2904 1541 2973; x_wconf 78' lang='grc' dir='ltr'>τῆς</span> <span class='ocrx_word' id='word_1_341' title='bbox 1572 2902 1763 2974; x_wconf 82' lang='grc' dir='ltr'>ἑτέρας</span> <span class='ocrx_word' id='word_1_342' title='bbox 1786 2903 1877 2955; x_wconf 71' lang='grc' dir='ltr'>εὖ·</span> 
     </span>
     <span class='ocr_line' id='line_1_44' title="bbox 290 2991 1877 3066; baseline -0.002 -19"><span class='ocrx_word' id='word_1_343' title='bbox 290 2992 578 3065; x_wconf 77' lang='grc' dir='ltr'>δοκούσης,</span> <span class='ocrx_word' id='word_1_344' title='bbox 612 2994 707 3049; x_wconf 76' lang='grc' dir='ltr'>καὶ</span> <span class='ocrx_word' id='word_1_345' title='bbox 735 2995 836 3066; x_wconf 84' lang='grc' dir='ltr'>τῆς</span> <span class='ocrx_word' id='word_1_346' title='bbox 872 2994 1041 3065; x_wconf 83' lang='grc' dir='ltr'>ἀλλης</span> <span class='ocrx_word' id='word_1_347' title='bbox 1072 2994 1131 3048; x_wconf 85' lang='grc' dir='ltr'>δὲ</span> <span class='ocrx_word' id='word_1_348' title='bbox 1174 2991 1496 3066; x_wconf 84' lang='grc' dir='ltr'><strong>χαιρούσης,</strong></span> <span class='ocrx_word' id='word_1_349' title='bbox 1535 2993 1601 3064; x_wconf 70' lang='grc' dir='ltr'><strong>τῇ</strong></span> <span class='ocrx_word' id='word_1_350' title='bbox 1634 2991 1732 3063; x_wconf 83' lang='grc' dir='ltr'>τῆς</span> <span class='ocrx_word' id='word_1_351' title='bbox 1760 2991 1877 3045; x_wconf 77' lang='grc' dir='ltr'>ἐτέ-</span> 
     </span>
     <span class='ocr_line' id='line_1_45' title="bbox 291 3082 1873 3159; baseline -0.003 -19"><span class='ocrx_word' id='word_1_352' title='bbox 291 3102 392 3156; x_wconf 86' lang='grc' dir='ltr'>ρας</span> <span class='ocrx_word' id='word_1_353' title='bbox 406 3083 709 3159; x_wconf 75' lang='grc' dir='ltr'>συζυγῑᾳ,η</span> <span class='ocrx_word' id='word_1_354' title='bbox 729 3086 917 3149; x_wconf 80' lang='grc' dir='ltr'><strong>στάσις</strong></span> <span class='ocrx_word' id='word_1_355' title='bbox 930 3086 1013 3149; x_wconf 81' lang='grc' dir='ltr'>τίς</span> <span class='ocrx_word' id='word_1_356' title='bbox 1031 3087 1180 3139; x_wconf 77' lang='grc' dir='ltr'><strong>ἐστιν</strong></span> <span class='ocrx_word' id='word_1_357' title='bbox 1195 3083 1470 3155; x_wconf 83' lang='grc' dir='ltr'>ἀναμέσον</span> <span class='ocrx_word' id='word_1_358' title='bbox 1486 3082 1812 3155; x_wconf 73' lang='grc' dir='ltr'>ἀμφοτέρων</span> <span class='ocrx_word' id='word_1_359' title='bbox 1829 3084 1873 3137; x_wconf 76' lang='lat'>’3</span> 
     </span>
     <span class='ocr_line' id='line_1_46' title="bbox 289 3173 1875 3247; baseline -0.001 -18"><span class='ocrx_word' id='word_1_360' title='bbox 289 3173 356 3229; x_wconf 71' lang='lat' dir='ltr'>nt</span> <span class='ocrx_word' id='word_1_361' title='bbox 401 3174 459 3230; x_wconf 76' lang='grc' dir='ltr'>δὲ</span> <span class='ocrx_word' id='word_1_362' title='bbox 512 3176 865 3243; x_wconf 75' lang='grc' dir='ltr'><strong>στασιάζουσι</strong></span> <span class='ocrx_word' id='word_1_363' title='bbox 924 3176 1020 3230; x_wconf 72' lang='grc' dir='ltr'>καὶ</span> <span class='ocrx_word' id='word_1_364' title='bbox 1077 3175 1350 3247; x_wconf 75' lang='grc' dir='ltr'><strong>ἰσχύουσιν</strong></span> <span class='ocrx_word' id='word_1_365' title='bbox 1401 3176 1518 3247; x_wconf 80' lang='grc' dir='ltr'>ἀμα</span> <span class='ocrx_word' id='word_1_366' title='bbox 1566 3174 1875 3246; x_wconf 89' lang='grc' dir='ltr'><strong>ἀμφότεραι</strong></span> 
     </span>
     <span class='ocr_line' id='line_1_47' title="bbox 292 3263 1874 3343; baseline -0.002 -22"><span class='ocrx_word' id='word_1_367' title='bbox 292 3266 428 3337; x_wconf 75' lang='grc' dir='ltr'><strong>πρὸς</strong></span> <span class='ocrx_word' id='word_1_368' title='bbox 459 3269 694 3343; x_wconf 77' lang='grc' dir='ltr'>ἀλλήλας</span> <span class='ocrx_word' id='word_1_369' title='bbox 728 3270 821 3323; x_wconf 76' lang='grc' dir='ltr'>ἐπ’</span> <span class='ocrx_word' id='word_1_370' title='bbox 851 3268 993 3341; x_wconf 76' lang='grc' dir='ltr'>ἴσης,</span> <span class='ocrx_word' id='word_1_371' title='bbox 1038 3268 1224 3322; x_wconf 81' lang='grc' dir='ltr'><strong>οὐκέτι</strong></span> <span class='ocrx_word' id='word_1_372' title='bbox 1255 3266 1489 3339; x_wconf 81' lang='grc' dir='ltr'><strong>Χριστὸς</strong></span> <span class='ocrx_word' id='word_1_373' title='bbox 1520 3266 1553 3319; x_wconf 89' lang='grc' dir='ltr'>ό</span> <span class='ocrx_word' id='word_1_374' title='bbox 1578 3263 1748 3320; x_wconf 79' lang='grc' dir='ltr'>ἐλθὼν</span> <span class='ocrx_word' id='word_1_375' title='bbox 1784 3264 1874 3319; x_wconf 68' lang='grc' dir='ltr'>διὰ</span> 
     </span>
     <span class='ocr_line' id='line_1_48' title="bbox 289 3355 1876 3433; baseline -0.003 -20"><span class='ocrx_word' id='word_1_376' title='bbox 289 3358 390 3432; x_wconf 74' lang='grc' dir='ltr'>τὴν</span> <span class='ocrx_word' id='word_1_377' title='bbox 418 3359 670 3433; x_wconf 76' lang='grc' dir='ltr'>ἀθέτησιν</span> <span class='ocrx_word' id='word_1_378' title='bbox 693 3361 796 3433; x_wconf 85' lang='grc' dir='ltr'>τῆς</span> <span class='ocrx_word' id='word_1_379' title='bbox 820 3362 950 3432; x_wconf 77' lang='grc' dir='ltr'><strong>μιᾶς</strong></span> <span class='ocrx_word' id='word_1_380' title='bbox 976 3360 1263 3432; x_wconf 81' lang='grc' dir='ltr'><strong>δυνήσεται</strong></span> <span class='ocrx_word' id='word_1_381' title='bbox 1296 3357 1598 3413; x_wconf 83' lang='grc' dir='ltr'><strong>καταλῦσαι</strong></span> <span class='ocrx_word' id='word_1_382' title='bbox 1617 3356 1715 3429; x_wconf 76' lang='grc' dir='ltr'>τὴν</span> <span class='ocrx_word' id='word_1_383' title='bbox 1742 3355 1876 3410; x_wconf 86' lang='grc' dir='ltr'>ταύ-</span> 
     </span>
     <span class='ocr_line' id='line_1_49' title="bbox 293 3446 1875 3525; baseline -0.004 -19"><span class='ocrx_word' id='word_1_384' title='bbox 293 3467 394 3523; x_wconf 84' lang='grc' dir='ltr'>της</span> <span class='ocrx_word' id='word_1_385' title='bbox 410 3451 716 3524; x_wconf 73' lang='grc' dir='ltr'>τυραννίδα,</span> <span class='ocrx_word' id='word_1_386' title='bbox 737 3452 904 3525; x_wconf 81' lang='grc' dir='ltr'>αὐτῆς</span> <span class='ocrx_word' id='word_1_387' title='bbox 923 3451 1276 3523; x_wconf 85' lang='grc' dir='ltr'>ἀντεχούσης,</span> <span class='ocrx_word' id='word_1_388' title='bbox 1300 3450 1395 3504; x_wconf 79' lang='grc' dir='ltr'>καὶ</span> <span class='ocrx_word' id='word_1_389' title='bbox 1412 3448 1718 3520; x_wconf 83' lang='grc' dir='ltr'>δυναμένης</span> <span class='ocrx_word' id='word_1_390' title='bbox 1739 3446 1875 3521; x_wconf 82' lang='grc' dir='ltr'>πρὸς</span> 
     </span>
     <span class='ocr_line' id='line_1_50' title="bbox 292 3537 1871 3616; baseline -0.002 -19"><span class='ocrx_word' id='word_1_391' title='bbox 292 3537 394 3614; x_wconf 68' lang='grc' dir='ltr'>τὴν</span> <span class='ocrx_word' id='word_1_392' title='bbox 428 3539 543 3597; x_wconf 74' lang='grc' dir='ltr'>ἅνω</span> <span class='ocrx_word' id='word_1_393' title='bbox 579 3541 811 3616; x_wconf 67' lang='grc' dir='ltr'>ἀόρατον</span> <span class='ocrx_word' id='word_1_394' title='bbox 858 3544 958 3600; x_wconf 72' lang='grc' dir='ltr'>καὶ</span> <span class='ocrx_word' id='word_1_395' title='bbox 996 3542 1443 3614; x_wconf 79' lang='grc' dir='ltr'>ἀκατονόμαστον</span> <span class='ocrx_word' id='word_1_396' title='bbox 1486 3538 1871 3609; x_wconf 80' lang='grc' dir='ltr'><strong>ἀγωνίζεσθαι,</strong></span> 
     </span>
     <span class='ocr_line' id='line_1_51' title="bbox 288 3619 1777 3708; baseline -0.003 -22"><span class='ocrx_word' id='word_1_397' title='bbox 288 3631 533 3706; x_wconf 81' lang='grc' dir='ltr'>ἀντέχειν</span> <span class='ocrx_word' id='word_1_398' title='bbox 566 3652 627 3690; x_wconf 83' lang='grc' dir='ltr'><strong>τε</strong></span> <span class='ocrx_word' id='word_1_399' title='bbox 664 3619 762 3692; x_wconf 77' lang='grc' dir='ltr'>καὶ</span> <span class='ocrx_word' id='word_1_400' title='bbox 795 3635 1064 3708; x_wconf 81' lang='grc' dir='ltr'>μηδέποτε</span> <span class='ocrx_word' id='word_1_401' title='bbox 1102 3632 1363 3690; x_wconf 88' lang='grc' dir='ltr'><strong>δύνασθαι</strong></span> <span class='ocrx_word' id='word_1_402' title='bbox 1392 3628 1777 3686; x_wconf 81' lang='grc' dir='ltr'><strong>καταλύεσθαι.</strong></span> 
     </span>
    </p>
   </div>
   <div class='ocr_carea' id='block_1_13' title="bbox 1971 2079 3608 3706">
    <p class='ocr_par' dir='ltr' id='par_1_15' title="bbox 1971 2079 3608 3706">
     <span class='ocr_line' id='line_1_52' title="bbox 1975 2079 3556 2156; baseline -0.001 -18"><span class='ocrx_word' id='word_1_403' title='bbox 1975 2080 2108 2146; x_wconf 84' lang='lat' dir='ltr'>sint,</span> <span class='ocrx_word' id='word_1_404' title='bbox 2141 2079 2260 2136; x_wconf 81' lang='lat' dir='ltr'>lieri</span> <span class='ocrx_word' id='word_1_405' title='bbox 2294 2083 2515 2152; x_wconf 87' lang='lat' dir='ltr'>penitus</span> <span class='ocrx_word' id='word_1_406' title='bbox 2549 2097 2659 2139; x_wconf 90' lang='lat' dir='ltr'>non</span> <span class='ocrx_word' id='word_1_407' title='bbox 2683 2090 2865 2156; x_wconf 84' lang='lat' dir='ltr'>potest</span> <span class='ocrx_word' id='word_1_408' title='bbox 2888 2101 2905 2151; x_wconf 83' lang='lat'><strong>;</strong></span> <span class='ocrx_word' id='word_1_409' title='bbox 2928 2083 3026 2139; x_wconf 88' lang='lat' dir='ltr'>sed</span> <span class='ocrx_word' id='word_1_410' title='bbox 3052 2098 3156 2138; x_wconf 91' lang='lat' dir='ltr'>nec</span> <span class='ocrx_word' id='word_1_411' title='bbox 3184 2098 3354 2137; x_wconf 90' lang='lat' dir='ltr'>unum</span> <span class='ocrx_word' id='word_1_412' title='bbox 3377 2087 3556 2153; x_wconf 82' lang='lat' dir='ltr'>potest</span> 
     </span>
     <span class='ocr_line' id='line_1_53' title="bbox 1973 2169 3557 2243; baseline -0.001 -15"><span class='ocrx_word' id='word_1_413' title='bbox 1973 2169 2045 2228; x_wconf 77' lang='lat' dir='ltr'>ab</span> <span class='ocrx_word' id='word_1_414' title='bbox 2076 2170 2247 2228; x_wconf 78' lang='lat' dir='ltr'>altem</span> <span class='ocrx_word' id='word_1_415' title='bbox 2276 2171 2519 2230; x_wconf 76' lang='lat' dir='ltr'>differre.</span> <span class='ocrx_word' id='word_1_416' title='bbox 2542 2171 2599 2228; x_wconf 90' lang='lat' dir='ltr'>Si</span> <span class='ocrx_word' id='word_1_417' title='bbox 2634 2173 2780 2230; x_wconf 86' lang='lat' dir='ltr'>enim</span> <span class='ocrx_word' id='word_1_418' title='bbox 2804 2172 3088 2240; x_wconf 75' lang='lat' dir='ltr'>differunt,</span> <span class='ocrx_word' id='word_1_419' title='bbox 3115 2172 3226 2228; x_wconf 90' lang='lat' dir='ltr'>duo</span> <span class='ocrx_word' id='word_1_420' title='bbox 3249 2172 3361 2227; x_wconf 85' lang='lat' dir='ltr'>sint</span> <span class='ocrx_word' id='word_1_421' title='bbox 3389 2185 3557 2243; x_wconf 86' lang='lat' dir='ltr'>opor·</span> 
     </span>
     <span class='ocr_line' id='line_1_54' title="bbox 1974 2259 3554 2335; baseline 0.002 -21"><span class='ocrx_word' id='word_1_422' title='bbox 1974 2268 2074 2315; x_wconf 89' lang='lat' dir='ltr'>tet.</span> <span class='ocrx_word' id='word_1_423' title='bbox 2106 2259 2228 2317; x_wconf 86' lang='lat' dir='ltr'>Duo</span> <span class='ocrx_word' id='word_1_424' title='bbox 2249 2277 2378 2319; x_wconf 82' lang='lat' dir='ltr'>vero</span> <span class='ocrx_word' id='word_1_425' title='bbox 2405 2263 2453 2319; x_wconf 87' lang='lat' dir='ltr'>si</span> <span class='ocrx_word' id='word_1_426' title='bbox 2480 2272 2858 2329; x_wconf 84' lang='lat' dir='ltr'>numerentur,</span> <span class='ocrx_word' id='word_1_427' title='bbox 2901 2264 3232 2335; x_wconf 73' lang='lat' dir='ltr'>singularem</span> <span class='ocrx_word' id='word_1_428' title='bbox 3264 2278 3554 2319; x_wconf 79' lang='lat' dir='ltr'>numerum</span> 
     </span>
     <span class='ocr_line' id='line_1_55' title="bbox 1973 2353 3553 2427; baseline 0.003 -18"><span class='ocrx_word' id='word_1_429' title='bbox 1973 2353 2264 2409; x_wconf 84' lang='lat' dir='ltr'>excedunt.</span> <span class='ocrx_word' id='word_1_430' title='bbox 2296 2353 2434 2410; x_wconf 86' lang='lat' dir='ltr'>Cum</span> <span class='ocrx_word' id='word_1_431' title='bbox 2466 2364 2645 2412; x_wconf 89' lang='lat' dir='ltr'>autem</span> <span class='ocrx_word' id='word_1_432' title='bbox 2669 2356 2869 2412; x_wconf 85' lang='lat' dir='ltr'>unicus</span> <span class='ocrx_word' id='word_1_433' title='bbox 2897 2355 3000 2412; x_wconf 88' lang='lat' dir='ltr'>iste</span> <span class='ocrx_word' id='word_1_434' title='bbox 3033 2370 3099 2411; x_wconf 91' lang='lat' dir='ltr'>ac</span> <span class='ocrx_word' id='word_1_435' title='bbox 3119 2356 3332 2427; x_wconf 87' lang='lat' dir='ltr'>primus</span> <span class='ocrx_word' id='word_1_436' title='bbox 3361 2370 3553 2413; x_wconf 83' lang='lat' dir='ltr'>nume·</span> 
     </span>
     <span class='ocr_line' id='line_1_56' title="bbox 1971 2447 3557 2519; baseline 0.002 -21"><span class='ocrx_word' id='word_1_437' title='bbox 1971 2458 2069 2500; x_wconf 87' lang='lat' dir='ltr'>rus</span> <span class='ocrx_word' id='word_1_438' title='bbox 2100 2454 2400 2515; x_wconf 79' lang='lat' dir='ltr'>quaeratur,</span> <span class='ocrx_word' id='word_1_439' title='bbox 2439 2447 2598 2517; x_wconf 72' lang='lat'>301</span> <span class='ocrx_word' id='word_1_440' title='bbox 2620 2448 2734 2504; x_wconf 92' lang='lat' dir='ltr'>duo</span> <span class='ocrx_word' id='word_1_441' title='bbox 2768 2448 2860 2503; x_wconf 87' lang='lat' dir='ltr'>illa</span> <span class='ocrx_word' id='word_1_442' title='bbox 2888 2447 3156 2519; x_wconf 87' lang='lat' dir='ltr'>principia</span> <span class='ocrx_word' id='word_1_443' title='bbox 3207 2448 3302 2502; x_wconf 87' lang='lat' dir='ltr'>uni</span> <span class='ocrx_word' id='word_1_444' title='bbox 3362 2462 3426 2503; x_wconf 92' lang='lat' dir='ltr'>ac</span> <span class='ocrx_word' id='word_1_445' title='bbox 3458 2462 3557 2503; x_wconf 88' lang='lat' dir='ltr'>su-</span> 
     </span>
     <span class='ocr_line' id='line_1_57' title="bbox 1973 2537 3552 2611; baseline 0 -21"><span class='ocrx_word' id='word_1_446' title='bbox 1973 2552 2161 2607; x_wconf 86' lang='lat' dir='ltr'>premo</span> <span class='ocrx_word' id='word_1_447' title='bbox 2193 2537 2577 2609; x_wconf 71' lang='lat' dir='ltr'>subjicientur,</span> <span class='ocrx_word' id='word_1_448' title='bbox 2605 2554 2638 2595; x_wconf 81' lang='grc' dir='ltr'>ι</span> <span class='ocrx_word' id='word_1_449' title='bbox 2672 2555 2782 2611; x_wconf 87' lang='lat' dir='ltr'>quo</span> <span class='ocrx_word' id='word_1_450' title='bbox 2818 2540 2966 2597; x_wconf 82' lang='lat' dir='ltr'>velut</span> <span class='ocrx_word' id='word_1_451' title='bbox 3006 2554 3038 2594; x_wconf 92' lang='lat' dir='ltr'>a</span> <span class='ocrx_word' id='word_1_452' title='bbox 3071 2553 3242 2594; x_wconf 87' lang='lat' dir='ltr'>causa</span> <span class='ocrx_word' id='word_1_453' title='bbox 3275 2537 3394 2593; x_wconf 93' lang='lat' dir='ltr'>duo</span> <span class='ocrx_word' id='word_1_454' title='bbox 3418 2537 3552 2592; x_wconf 86' lang='lat' dir='ltr'>reli-</span> 
     </span>
     <span class='ocr_line' id='line_1_58' title="bbox 1974 2627 3608 2702; baseline 0.001 -21"><span class='ocrx_word' id='word_1_455' title='bbox 1974 2642 2082 2698; x_wconf 90' lang='lat' dir='ltr'>qua</span> <span class='ocrx_word' id='word_1_456' title='bbox 2102 2629 2398 2701; x_wconf 81' lang='lat' dir='ltr'>pendeant.</span> <span class='ocrx_word' id='word_1_457' title='bbox 2425 2627 2615 2702; x_wconf 85' lang='lat' dir='ltr'>Neque</span> <span class='ocrx_word' id='word_1_458' title='bbox 2628 2633 2775 2687; x_wconf 88' lang='lat' dir='ltr'>enim</span> <span class='ocrx_word' id='word_1_459' title='bbox 2812 2630 2923 2686; x_wconf 87' lang='lat' dir='ltr'>duo</span> <span class='ocrx_word' id='word_1_460' title='bbox 2937 2631 3030 2686; x_wconf 85' lang='lat' dir='ltr'>ilia</span> <span class='ocrx_word' id='word_1_461' title='bbox 3062 2638 3186 2700; x_wconf 88' lang='lat' dir='ltr'>post</span> <span class='ocrx_word' id='word_1_462' title='bbox 3222 2628 3556 2699; x_wconf 81' lang='lat' dir='ltr'>singularem</span> <span class='ocrx_word' id='word_1_463' title='bbox 3582 2683 3608 2699; x_wconf 66' lang='grc'>,</span> 
     </span>
     <span class='ocr_line' id='line_1_59' title="bbox 1974 2720 3549 2795; baseline 0 -20"><span class='ocrx_word' id='word_1_464' title='bbox 1974 2733 2284 2786; x_wconf 89' lang='lat' dir='ltr'>numerum,</span> <span class='ocrx_word' id='word_1_465' title='bbox 2319 2731 2483 2793; x_wconf 89' lang='lat' dir='ltr'>atque</span> <span class='ocrx_word' id='word_1_466' title='bbox 2530 2724 2761 2779; x_wconf 91' lang='lat' dir='ltr'>unicum</span> <span class='ocrx_word' id='word_1_467' title='bbox 2807 2722 3160 2795; x_wconf 89' lang='lat' dir='ltr'>primumque</span> <span class='ocrx_word' id='word_1_468' title='bbox 3216 2720 3549 2792; x_wconf 89' lang='lat' dir='ltr'>principium</span> 
     </span>
     <span class='ocr_line' id='line_1_60' title="bbox 1972 2810 3555 2883; baseline -0.001 -16"><span class='ocrx_word' id='word_1_469' title='bbox 1972 2811 2060 2867; x_wconf 89' lang='lat' dir='ltr'>sui</span> <span class='ocrx_word' id='word_1_470' title='bbox 2087 2825 2211 2867; x_wconf 86' lang='lat' dir='ltr'>esse</span> <span class='ocrx_word' id='word_1_471' title='bbox 2247 2825 2414 2866; x_wconf 84' lang='lat' dir='ltr'>causa</span> <span class='ocrx_word' id='word_1_472' title='bbox 2443 2821 2676 2883; x_wconf 86' lang='lat' dir='ltr'>possunt</span> <span class='ocrx_word' id='word_1_473' title='bbox 2700 2812 2973 2882; x_wconf 87' lang='lat' dir='ltr'>ipsorum,</span> <span class='ocrx_word' id='word_1_474' title='bbox 2999 2826 3124 2867; x_wconf 91' lang='lat' dir='ltr'>cum</span> <span class='ocrx_word' id='word_1_475' title='bbox 3154 2810 3452 2881; x_wconf 87' lang='lat' dir='ltr'>singularis</span> <span class='ocrx_word' id='word_1_476' title='bbox 3488 2823 3555 2865; x_wconf 80' lang='lat' dir='ltr'>ac</span> 
     </span>
     <span class='ocr_line' id='line_1_61' title="bbox 1975 2898 3552 2972; baseline -0.001 -16"><span class='ocrx_word' id='word_1_477' title='bbox 1975 2916 2266 2971; x_wconf 85' lang='lat' dir='ltr'>supremus</span> <span class='ocrx_word' id='word_1_478' title='bbox 2284 2901 2644 2959; x_wconf 85' lang='lat' dir='ltr'>nihilominus</span> <span class='ocrx_word' id='word_1_479' title='bbox 2678 2917 2942 2958; x_wconf 86' lang='lat' dir='ltr'>numerus</span> <span class='ocrx_word' id='word_1_480' title='bbox 2985 2901 3318 2972; x_wconf 78' lang='lat' dir='ltr'>inquiratur.</span> <span class='ocrx_word' id='word_1_481' title='bbox 3349 2898 3552 2971; x_wconf 79' lang='lat' dir='ltr'>Finga-</span> 
     </span>
     <span class='ocr_line' id='line_1_62' title="bbox 1976 2991 3557 3066; baseline 0 -19"><span class='ocrx_word' id='word_1_482' title='bbox 1976 2992 2267 3048; x_wconf 88' lang='lat' dir='ltr'>musenim</span> <span class='ocrx_word' id='word_1_483' title='bbox 2301 2991 2572 3066; x_wconf 81' lang='lat' dir='ltr'>ejusmodi</span> <span class='ocrx_word' id='word_1_484' title='bbox 2629 3009 2758 3050; x_wconf 85' lang='lat' dir='ltr'>esse</span> <span class='ocrx_word' id='word_1_485' title='bbox 2806 2994 2916 3049; x_wconf 81' lang='lat' dir='ltr'>duo</span> <span class='ocrx_word' id='word_1_486' title='bbox 2946 3003 3011 3048; x_wconf 90' lang='lat' dir='ltr'>ut</span> <span class='ocrx_word' id='word_1_487' title='bbox 3063 2994 3209 3049; x_wconf 88' lang='lat' dir='ltr'>inter</span> <span class='ocrx_word' id='word_1_488' title='bbox 3259 3008 3382 3049; x_wconf 82' lang='lat' dir='ltr'>sese</span> <span class='ocrx_word' id='word_1_489' title='bbox 3422 3006 3557 3048; x_wconf 89' lang='lat' dir='ltr'>con-</span> 
     </span>
     <span class='ocr_line' id='line_1_63' title="bbox 1974 3083 3559 3157; baseline 0.001 -19"><span class='ocrx_word' id='word_1_490' title='bbox 1974 3083 2233 3148; x_wconf 83' lang='lat' dir='ltr'>sentiant,</span> <span class='ocrx_word' id='word_1_491' title='bbox 2257 3099 2322 3139; x_wconf 88' lang='lat' dir='ltr'>ac</span> <span class='ocrx_word' id='word_1_492' title='bbox 2352 3085 2718 3142; x_wconf 84' lang='lat' dir='ltr'>communiter</span> <span class='ocrx_word' id='word_1_493' title='bbox 2747 3084 3042 3157; x_wconf 84' lang='lat' dir='ltr'>gaudeant,</span> <span class='ocrx_word' id='word_1_494' title='bbox 3080 3084 3297 3154; x_wconf 79' lang='lat' dir='ltr'>sibique</span> <span class='ocrx_word' id='word_1_495' title='bbox 3323 3097 3559 3154; x_wconf 74' lang='lat' dir='ltr'>consen·</span> 
     </span>
     <span class='ocr_line' id='line_1_64' title="bbox 1975 3173 3551 3233; baseline 0.002 -6"><span class='ocrx_word' id='word_1_496' title='bbox 1975 3180 2136 3230; x_wconf 88' lang='lat' dir='ltr'>tanea</span> <span class='ocrx_word' id='word_1_497' title='bbox 2186 3173 2300 3229; x_wconf 85' lang='lat' dir='ltr'>sint</span> <span class='ocrx_word' id='word_1_498' title='bbox 2326 3174 2594 3233; x_wconf 75' lang='lat' dir='ltr'>invicem:</span> <span class='ocrx_word' id='word_1_499' title='bbox 2623 3175 2700 3231; x_wconf 91' lang='lat' dir='ltr'>ita</span> <span class='ocrx_word' id='word_1_500' title='bbox 2736 3184 2798 3233; x_wconf 91' lang='lat' dir='ltr'>ut</span> <span class='ocrx_word' id='word_1_501' title='bbox 2826 3191 2937 3232; x_wconf 90' lang='lat' dir='ltr'>uno</span> <span class='ocrx_word' id='word_1_502' title='bbox 2974 3176 3190 3232; x_wconf 83' lang='lat' dir='ltr'>volente</span> <span class='ocrx_word' id='word_1_503' title='bbox 3230 3188 3296 3230; x_wconf 85' lang='lat' dir='ltr'>ac</span> <span class='ocrx_word' id='word_1_504' title='bbox 3342 3174 3551 3230; x_wconf 84' lang='lat' dir='ltr'>libente</span> 
     </span>
     <span class='ocr_line' id='line_1_65' title="bbox 1976 3264 3558 3341; baseline 0.002 -22"><span class='ocrx_word' id='word_1_505' title='bbox 1976 3264 2250 3321; x_wconf 66' lang='lat' dir='ltr'>adhaereat</span> <span class='ocrx_word' id='word_1_506' title='bbox 2286 3267 2518 3324; x_wconf 86' lang='lat' dir='ltr'>alterum</span> <span class='ocrx_word' id='word_1_507' title='bbox 2549 3287 2566 3338; x_wconf 77' lang='lat'>3</span> <span class='ocrx_word' id='word_1_508' title='bbox 2609 3270 2863 3341; x_wconf 85' lang='lat' dir='ltr'>etipsum</span> <span class='ocrx_word' id='word_1_509' title='bbox 2903 3283 3122 3340; x_wconf 88' lang='lat' dir='ltr'>quoque</span> <span class='ocrx_word' id='word_1_510' title='bbox 3152 3268 3381 3325; x_wconf 87' lang='lat' dir='ltr'>alterius</span> <span class='ocrx_word' id='word_1_511' title='bbox 3422 3281 3558 3322; x_wconf 89' lang='lat' dir='ltr'>con·</span> 
     </span>
     <span class='ocr_line' id='line_1_66' title="bbox 1977 3357 3563 3431; baseline 0.003 -21"><span class='ocrx_word' id='word_1_512' title='bbox 1977 3357 2263 3427; x_wconf 81' lang='lat' dir='ltr'>junctione</span> <span class='ocrx_word' id='word_1_513' title='bbox 2305 3359 2645 3427; x_wconf 86' lang='lat' dir='ltr'>delectetur,</span> <span class='ocrx_word' id='word_1_514' title='bbox 2687 3374 2938 3431; x_wconf 79' lang='lat' dir='ltr'>quaenam</span> <span class='ocrx_word' id='word_1_515' title='bbox 2995 3375 3119 3417; x_wconf 84' lang='lat' dir='ltr'>esse</span> <span class='ocrx_word' id='word_1_516' title='bbox 3170 3367 3352 3430; x_wconf 83' lang='lat' dir='ltr'>potest</span> <span class='ocrx_word' id='word_1_517' title='bbox 3415 3360 3563 3414; x_wconf 77' lang='lat' dir='ltr'>inter</span> 
     </span>
     <span class='ocr_line' id='line_1_67' title="bbox 1984 3449 3561 3520; baseline 0.001 -16"><span class='ocrx_word' id='word_1_518' title='bbox 1984 3456 2276 3520; x_wconf 76' lang='lat' dir='ltr'>utrumque</span> <span class='ocrx_word' id='word_1_519' title='bbox 2320 3450 2635 3507; x_wconf 74' lang='lat' dir='ltr'>dissensio?</span> <span class='ocrx_word' id='word_1_520' title='bbox 2695 3449 2793 3506; x_wconf 92' lang='lat' dir='ltr'>Sin</span> <span class='ocrx_word' id='word_1_521' title='bbox 2834 3458 3027 3506; x_wconf 91' lang='lat' dir='ltr'>mutuo</span> <span class='ocrx_word' id='word_1_522' title='bbox 3069 3449 3445 3516; x_wconf 82' lang='lat' dir='ltr'>reluctantur,</span> <span class='ocrx_word' id='word_1_523' title='bbox 3493 3464 3561 3506; x_wconf 84' lang='lat' dir='ltr'>ac</span> 
     </span>
     <span class='ocr_line' id='line_1_68' title="bbox 1983 3540 3557 3613; baseline 0 -16"><span class='ocrx_word' id='word_1_524' title='bbox 1983 3541 2086 3597; x_wconf 86' lang='lat' dir='ltr'>sibi</span> <span class='ocrx_word' id='word_1_525' title='bbox 2109 3542 2394 3613; x_wconf 69' lang='lat' dir='ltr'>aequaliter</span> <span class='ocrx_word' id='word_1_526' title='bbox 2427 3542 2717 3610; x_wconf 86' lang='lat' dir='ltr'>resistunt,</span> <span class='ocrx_word' id='word_1_527' title='bbox 2777 3557 2887 3599; x_wconf 91' lang='lat' dir='ltr'>non</span> <span class='ocrx_word' id='word_1_528' title='bbox 2920 3542 3122 3613; x_wconf 86' lang='lat' dir='ltr'>poterit</span> <span class='ocrx_word' id='word_1_529' title='bbox 3152 3540 3427 3606; x_wconf 85' lang='lat' dir='ltr'>Christus,</span> <span class='ocrx_word' id='word_1_530' title='bbox 3456 3540 3557 3613; x_wconf 82' lang='lat' dir='ltr'>qul</span> 
     </span>
     <span class='ocr_line' id='line_1_69' title="bbox 1981 3631 3557 3706; baseline 0.001 -19"><span class='ocrx_word' id='word_1_531' title='bbox 1981 3632 2049 3687; x_wconf 89' lang='lat' dir='ltr'>ad</span> <span class='ocrx_word' id='word_1_532' title='bbox 2063 3632 2295 3688; x_wconf 88' lang='lat' dir='ltr'>alterum</span> <span class='ocrx_word' id='word_1_533' title='bbox 2309 3633 2763 3706; x_wconf 84' lang='lat' dir='ltr'>exstinguendum</span> <span class='ocrx_word' id='word_1_534' title='bbox 2780 3632 3037 3696; x_wconf 86' lang='lat' dir='ltr'>accessit,</span> <span class='ocrx_word' id='word_1_535' title='bbox 3055 3632 3399 3703; x_wconf 80' lang='lat' dir='ltr'>tyrannicum</span> <span class='ocrx_word' id='word_1_536' title='bbox 3439 3631 3557 3701; x_wconf 82' lang='lat' dir='ltr'>ejus</span> 
     </span>
    </p>
   </div>
   <div class='ocr_carea' id='block_1_14' title="bbox 290 3720 3561 3890">
    <p class='ocr_par' dir='ltr' id='par_1_16' title="bbox 290 3720 3561 3890">
     <span class='ocr_line' id='line_1_70' title="bbox 290 3720 3561 3796; baseline 0 -17"><span class='ocrx_word' id='word_1_537' title='bbox 290 3724 630 3781; x_wconf 89' lang='lat' dir='ltr'>dominatum</span> <span class='ocrx_word' id='word_1_538' title='bbox 658 3734 940 3782; x_wconf 83' lang='lat' dir='ltr'>evertere:</span> <span class='ocrx_word' id='word_1_539' title='bbox 965 3732 1155 3795; x_wconf 87' lang='lat' dir='ltr'>utpote</span> <span class='ocrx_word' id='word_1_540' title='bbox 1188 3725 1339 3795; x_wconf 89' lang='lat' dir='ltr'>quod</span> <span class='ocrx_word' id='word_1_541' title='bbox 1367 3723 1570 3777; x_wconf 85' lang='lat' dir='ltr'>acriter</span> <span class='ocrx_word' id='word_1_542' title='bbox 1594 3722 1850 3788; x_wconf 87' lang='lat' dir='ltr'>obsistat,</span> <span class='ocrx_word' id='word_1_543' title='bbox 1883 3730 1940 3778; x_wconf 87' lang='lat' dir='ltr'>et</span> <span class='ocrx_word' id='word_1_544' title='bbox 1999 3724 2268 3781; x_wconf 85' lang='lat' dir='ltr'>adversus</span> <span class='ocrx_word' id='word_1_545' title='bbox 2315 3740 2633 3796; x_wconf 88' lang='lat' dir='ltr'>supremum</span> <span class='ocrx_word' id='word_1_546' title='bbox 2683 3724 2837 3793; x_wconf 87' lang='lat' dir='ltr'>illud,</span> <span class='ocrx_word' id='word_1_547' title='bbox 2894 3721 3040 3795; x_wconf 91' lang='lat' dir='ltr'>quod</span> <span class='ocrx_word' id='word_1_548' title='bbox 3082 3736 3186 3776; x_wconf 90' lang='lat' dir='ltr'>nec</span> <span class='ocrx_word' id='word_1_549' title='bbox 3231 3720 3423 3788; x_wconf 85' lang='lat' dir='ltr'>videri,</span> <span class='ocrx_word' id='word_1_550' title='bbox 3455 3736 3561 3779; x_wconf 74' lang='lat' dir='ltr'>nec</span> 
     </span>
     <span class='ocr_line' id='line_1_71' title="bbox 294 3814 2623 3890; baseline -0.003 -10"><span class='ocrx_word' id='word_1_551' title='bbox 294 3822 567 3879; x_wconf 88' lang='lat' dir='ltr'>nominari</span> <span class='ocrx_word' id='word_1_552' title='bbox 600 3827 804 3889; x_wconf 86' lang='lat' dir='ltr'>potest,</span> <span class='ocrx_word' id='word_1_553' title='bbox 863 3820 947 3872; x_wconf 89' lang='lat' dir='ltr'>sic</span> <span class='ocrx_word' id='word_1_554' title='bbox 993 3823 1219 3887; x_wconf 81' lang='lat' dir='ltr'>pugnet,</span> <span class='ocrx_word' id='word_1_555' title='bbox 1247 3830 1314 3869; x_wconf 92' lang='lat' dir='ltr'>ac</span> <span class='ocrx_word' id='word_1_556' title='bbox 1337 3814 1663 3885; x_wconf 72' lang='lat' dir='ltr'>refragetur,</span> <span class='ocrx_word' id='word_1_557' title='bbox 1699 3815 1850 3870; x_wconf 87' lang='lat' dir='ltr'>nulla</span> <span class='ocrx_word' id='word_1_558' title='bbox 1877 3828 1937 3874; x_wconf 91' lang='lat' dir='ltr'>ut</span> <span class='ocrx_word' id='word_1_559' title='bbox 1959 3818 2011 3873; x_wconf 83' lang='lat' dir='ltr'>vi</span> <span class='ocrx_word' id='word_1_560' title='bbox 2033 3817 2194 3889; x_wconf 80' lang='lat' dir='ltr'>dejici</span> <span class='ocrx_word' id='word_1_561' title='bbox 2211 3832 2334 3875; x_wconf 84' lang='lat' dir='ltr'>sese</span> <span class='ocrx_word' id='word_1_562' title='bbox 2365 3817 2623 3890; x_wconf 82' lang='lat' dir='ltr'>patiatur.</span> 
     </span>
    </p>
   </div>
   <div class='ocr_carea' id='block_1_15' title="bbox 293 3908 1880 4260">
    <p class='ocr_par' dir='ltr' id='par_1_17' title="bbox 293 3908 1880 4260">
     <span class='ocr_line' id='line_1_72' title="bbox 361 3908 1880 3990; baseline -0.003 -21"><span class='ocrx_word' id='word_1_563' title='bbox 361 3915 435 3969; x_wconf 78' lang='grc' dir='ltr'>Γ.</span> <span class='ocrx_word' id='word_1_564' title='bbox 478 3913 644 3982; x_wconf 73' lang='grc' dir='ltr'><strong>’Λέγει</strong></span> <span class='ocrx_word' id='word_1_565' title='bbox 689 3912 746 3965; x_wconf 82' lang='grc' dir='ltr'>δὲ</span> <span class='ocrx_word' id='word_1_566' title='bbox 787 3914 816 3965; x_wconf 89' lang='grc' dir='ltr'>ό</span> <span class='ocrx_word' id='word_1_567' title='bbox 864 3911 1072 3983; x_wconf 67' lang='grc' dir='ltr'><strong>ἠλίθιος</strong></span> <span class='ocrx_word' id='word_1_568' title='bbox 1117 3910 1213 3964; x_wconf 72' lang='grc' dir='ltr'>καὶ</span> <span class='ocrx_word' id='word_1_569' title='bbox 1257 3908 1349 3963; x_wconf 78' lang='grc' dir='ltr'>τὸν</span> <span class='ocrx_word' id='word_1_570' title='bbox 1390 3910 1582 3990; x_wconf 41' lang='grc' dir='ltr'>νόμον,</span> <span class='ocrx_word' id='word_1_571' title='bbox 1608 3910 1704 3965; x_wconf 79' lang='grc' dir='ltr'>καὶ</span> <span class='ocrx_word' id='word_1_572' title='bbox 1748 3911 1880 3976; x_wconf 83' lang='grc' dir='ltr'>τοὺς</span> 
     </span>
     <span class='ocr_line' id='line_1_73' title="bbox 293 3993 1879 4078; baseline -0.002 -19"><span class='ocrx_word' id='word_1_573' title='bbox 293 4008 581 4078; x_wconf 75' lang='grc' dir='ltr'>προφήτας</span> <span class='ocrx_word' id='word_1_574' title='bbox 612 4004 711 4075; x_wconf 78' lang='grc' dir='ltr'>τῆς</span> <span class='ocrx_word' id='word_1_575' title='bbox 744 4000 954 4073; x_wconf 79' lang='grc' dir='ltr'>φαύλης</span> <span class='ocrx_word' id='word_1_576' title='bbox 990 4002 1085 4055; x_wconf 78' lang='grc' dir='ltr'>καὶ</span> <span class='ocrx_word' id='word_1_577' title='bbox 1115 3998 1362 4064; x_wconf 77' lang='grc' dir='ltr'>ἐναντίας</span> <span class='ocrx_word' id='word_1_578' title='bbox 1398 3993 1537 4054; x_wconf 75' lang='grc' dir='ltr'><strong>εἶναι</strong></span> <span class='ocrx_word' id='word_1_579' title='bbox 1564 4000 1758 4073; x_wconf 84' lang='grc' dir='ltr'>ἀρχῆς,</span> <span class='ocrx_word' id='word_1_580' title='bbox 1785 4002 1879 4056; x_wconf 75' lang='grc' dir='ltr'>τὸν</span> 
     </span>
     <span class='ocr_line' id='line_1_74' title="bbox 297 4087 1880 4167; baseline -0.002 -16"><span class='ocrx_word' id='word_1_581' title='bbox 297 4098 353 4151; x_wconf 76' lang='grc' dir='ltr'>δὲ</span> <span class='ocrx_word' id='word_1_582' title='bbox 381 4095 612 4167; x_wconf 78' lang='grc' dir='ltr'><strong>Χριστὸν</strong></span> <span class='ocrx_word' id='word_1_583' title='bbox 644 4094 744 4167; x_wconf 77' lang='grc' dir='ltr'>τῆς</span> <span class='ocrx_word' id='word_1_584' title='bbox 789 4092 1019 4165; x_wconf 82' lang='grc' dir='ltr'>ἀγαθῆς.</span> <span class='ocrx_word' id='word_1_585' title='bbox 1068 4092 1240 4148; x_wconf 81' lang='grc' dir='ltr'>Πόθεν</span> <span class='ocrx_word' id='word_1_586' title='bbox 1282 4087 1377 4147; x_wconf 80' lang='grc' dir='ltr'>οὖν</span> <span class='ocrx_word' id='word_1_587' title='bbox 1418 4091 1469 4145; x_wconf 80' lang='grc' dir='ltr'>οἱ</span> <span class='ocrx_word' id='word_1_588' title='bbox 1507 4093 1781 4165; x_wconf 82' lang='grc' dir='ltr'><strong>προφῆται</strong></span> <span class='ocrx_word' id='word_1_589' title='bbox 1810 4093 1880 4148; x_wconf 71' lang='grc' dir='ltr'><strong>τὰ</strong></span> 
     </span>
     <span class='ocr_line' id='line_1_75' title="bbox 299 4182 1878 4260; baseline -0.003 -18"><span class='ocrx_word' id='word_1_590' title='bbox 299 4189 379 4252; x_wconf 77' lang='grc' dir='ltr'>εἰς</span> <span class='ocrx_word' id='word_1_591' title='bbox 407 4187 640 4260; x_wconf 81' lang='grc' dir='ltr'><strong>Χριστὸν</strong></span> <span class='ocrx_word' id='word_1_592' title='bbox 665 4186 1026 4257; x_wconf 86' lang='grc' dir='ltr'>τετυπωμένα</span> <span class='ocrx_word' id='word_1_593' title='bbox 1064 4182 1549 4258; x_wconf 78' lang='grc' dir='ltr'>προανεφώνησαν,</span> <span class='ocrx_word' id='word_1_594' title='bbox 1586 4186 1636 4239; x_wconf 71' lang='grc' dir='ltr'>ει</span> <span class='ocrx_word' id='word_1_595' title='bbox 1669 4185 1745 4257; x_wconf 83' lang='grc' dir='ltr'>μὴ</span> <span class='ocrx_word' id='word_1_596' title='bbox 1778 4185 1878 4256; x_wconf 81' lang='grc' dir='ltr'>μία</span> 
     </span>
    </p>
   </div>
   <div class='ocr_carea' id='block_1_16' title="bbox 1949 3909 3565 4266">
    <p class='ocr_par' dir='ltr' id='par_1_18' title="bbox 1984 3909 3564 4168">
     <span class='ocr_line' id='line_1_76' title="bbox 2055 3909 3562 3981; baseline -0.003 -12"><span class='ocrx_word' id='word_1_597' title='bbox 2055 3911 2144 3969; x_wconf 89' lang='lat' dir='ltr'>Ill.</span> <span class='ocrx_word' id='word_1_598' title='bbox 2185 3912 2344 3981; x_wconf 88' lang='lat' dir='ltr'>Quod</span> <span class='ocrx_word' id='word_1_599' title='bbox 2399 3922 2584 3969; x_wconf 87' lang='lat' dir='ltr'>autem</span> <span class='ocrx_word' id='word_1_600' title='bbox 2623 3911 2852 3967; x_wconf 89' lang='lat' dir='ltr'>insanus</span> <span class='ocrx_word' id='word_1_601' title='bbox 2899 3910 2989 3967; x_wconf 89' lang='lat' dir='ltr'>ille</span> <span class='ocrx_word' id='word_1_602' title='bbox 3041 3912 3209 3981; x_wconf 80' lang='lat' dir='ltr'>legem</span> <span class='ocrx_word' id='word_1_603' title='bbox 3236 3923 3299 3963; x_wconf 87' lang='lat' dir='ltr'>ac</span> <span class='ocrx_word' id='word_1_604' title='bbox 3325 3909 3562 3981; x_wconf 75' lang='lat' dir='ltr'>propbe-</span> 
     </span>
     <span class='ocr_line' id='line_1_77' title="bbox 1984 4001 3564 4071; baseline -0.003 -10"><span class='ocrx_word' id='word_1_605' title='bbox 1984 4016 2070 4063; x_wconf 87' lang='lat' dir='ltr'>tas</span> <span class='ocrx_word' id='word_1_606' title='bbox 2113 4006 2388 4062; x_wconf 77' lang='lat' dir='ltr'>existimat</span> <span class='ocrx_word' id='word_1_607' title='bbox 2429 4020 2463 4060; x_wconf 90' lang='lat' dir='ltr'>a</span> <span class='ocrx_word' id='word_1_608' title='bbox 2503 4003 2762 4061; x_wconf 88' lang='lat' dir='ltr'>deteriori</span> <span class='ocrx_word' id='word_1_609' title='bbox 2797 4018 2863 4059; x_wconf 90' lang='lat' dir='ltr'>ac</span> <span class='ocrx_word' id='word_1_610' title='bbox 2891 4001 3179 4060; x_wconf 83' lang='lat' dir='ltr'>contrario</span> <span class='ocrx_word' id='word_1_611' title='bbox 3207 4016 3332 4058; x_wconf 81' lang='lat' dir='ltr'>esse</span> <span class='ocrx_word' id='word_1_612' title='bbox 3355 4002 3564 4071; x_wconf 89' lang='lat' dir='ltr'>princi·</span> 
     </span>
     <span class='ocr_line' id='line_1_78' title="bbox 1984 4092 3560 4168; baseline -0.002 -16"><span class='ocrx_word' id='word_1_613' title='bbox 1984 4097 2098 4168; x_wconf 90' lang='lat' dir='ltr'>pio,</span> <span class='ocrx_word' id='word_1_614' title='bbox 2132 4111 2164 4151; x_wconf 90' lang='lat' dir='ltr'>a</span> <span class='ocrx_word' id='word_1_615' title='bbox 2197 4096 2422 4153; x_wconf 88' lang='lat' dir='ltr'>meliore</span> <span class='ocrx_word' id='word_1_616' title='bbox 2470 4111 2602 4153; x_wconf 84' lang='lat' dir='ltr'>vero</span> <span class='ocrx_word' id='word_1_617' title='bbox 2651 4093 2968 4162; x_wconf 79' lang='lat' dir='ltr'>Christum3</span> <span class='ocrx_word' id='word_1_618' title='bbox 3029 4092 3074 4148; x_wconf 88' lang='lat' dir='ltr'>si</span> <span class='ocrx_word' id='word_1_619' title='bbox 3120 4092 3175 4147; x_wconf 95' lang='lat' dir='ltr'>id</span> <span class='ocrx_word' id='word_1_620' title='bbox 3221 4106 3412 4148; x_wconf 83' lang='lat' dir='ltr'>verum</span> <span class='ocrx_word' id='word_1_621' title='bbox 3453 4100 3560 4157; x_wconf 82' lang='lat' dir='ltr'>est,</span> 
     </span>
    </p>

    <p class='ocr_par' dir='ltr' id='par_1_19' title="bbox 1949 4183 3565 4266">
     <span class='ocr_line' id='line_1_79' title="bbox 1949 4183 3565 4266; baseline -0.002 -21"><span class='ocrx_word' id='word_1_622' title='bbox 1949 4189 2261 4266; x_wconf 26' lang='lat' dir='ltr'>‘quomodo</span> <span class='ocrx_word' id='word_1_623' title='bbox 2311 4205 2437 4262; x_wconf 83' lang='lat' dir='ltr'>quae</span> <span class='ocrx_word' id='word_1_624' title='bbox 2492 4188 2564 4245; x_wconf 88' lang='lat' dir='ltr'>ad</span> <span class='ocrx_word' id='word_1_625' title='bbox 2610 4185 2888 4244; x_wconf 86' lang='lat' dir='ltr'>Christum</span> <span class='ocrx_word' id='word_1_626' title='bbox 2943 4183 3246 4239; x_wconf 84' lang='lat' dir='ltr'>attinebant</span> <span class='ocrx_word' id='word_1_627' title='bbox 3286 4184 3565 4256; x_wconf 68' lang='lat' dir='ltr'>propheto</span> 
     </span>
    </p>
   </div>
   <div class='ocr_carea' id='block_1_17' title="bbox 297 4274 3568 5355">
    <p class='ocr_par' dir='ltr' id='par_1_20' title="bbox 297 4274 3568 5355">
     <span class='ocr_line' id='line_1_80' title="bbox 297 4274 3562 4352; baseline -0.001 -19"><span class='ocrx_word' id='word_1_628' title='bbox 297 4275 368 4352; x_wconf 76' lang='grc' dir='ltr'>ἦν</span> <span class='ocrx_word' id='word_1_629' title='bbox 400 4280 497 4333; x_wconf 79' lang='grc' dir='ltr'>καὶ</span> <span class='ocrx_word' id='word_1_630' title='bbox 533 4280 568 4351; x_wconf 78' lang='grc' dir='ltr'>η</span> <span class='ocrx_word' id='word_1_631' title='bbox 614 4278 754 4351; x_wconf 81' lang='grc' dir='ltr'>αὐτὴ</span> <span class='ocrx_word' id='word_1_632' title='bbox 793 4277 1041 4350; x_wconf 85' lang='grc' dir='ltr'><strong>δύναμις,</strong></span> <span class='ocrx_word' id='word_1_633' title='bbox 1087 4279 1122 4349; x_wconf 81' lang='grc' dir='ltr'>η</span> <span class='ocrx_word' id='word_1_634' title='bbox 1158 4276 1438 4349; x_wconf 79' lang='grc' dir='ltr'>λαλήσασα</span> <span class='ocrx_word' id='word_1_635' title='bbox 1482 4280 1541 4332; x_wconf 75' lang='grc' dir='ltr'>ἐν</span> <span class='ocrx_word' id='word_1_636' title='bbox 1584 4275 1735 4348; x_wconf 86' lang='grc' dir='ltr'>νόμῳ</span> <span class='ocrx_word' id='word_1_637' title='bbox 1785 4276 1880 4330; x_wconf 79' lang='grc' dir='ltr'>καὶ</span> <span class='ocrx_word' id='word_1_638' title='bbox 1982 4282 2150 4337; x_wconf 87' lang='lat' dir='ltr'>certis</span> <span class='ocrx_word' id='word_1_639' title='bbox 2186 4280 2491 4352; x_wconf 80' lang='lat' dir='ltr'>figurarum</span> <span class='ocrx_word' id='word_1_640' title='bbox 2526 4278 2827 4337; x_wconf 81' lang='lat' dir='ltr'>involucris</span> <span class='ocrx_word' id='word_1_641' title='bbox 2860 4275 3076 4333; x_wconf 86' lang='lat' dir='ltr'>obtecta</span> <span class='ocrx_word' id='word_1_642' title='bbox 3100 4274 3379 4331; x_wconf 82' lang='lat' dir='ltr'>vaticinati</span> <span class='ocrx_word' id='word_1_643' title='bbox 3409 4282 3562 4340; x_wconf 84' lang='lat' dir='ltr'>sunt.</span> 
     </span>
     <span class='ocr_line' id='line_1_81' title="bbox 298 4363 3563 4444; baseline -0.002 -20"><span class='ocrx_word' id='word_1_644' title='bbox 298 4372 358 4426; x_wconf 81' lang='grc' dir='ltr'>ὲν</span> <span class='ocrx_word' id='word_1_645' title='bbox 408 4371 714 4444; x_wconf 78' lang='grc' dir='ltr'><strong>προφήταις</strong></span> <span class='ocrx_word' id='word_1_646' title='bbox 759 4370 854 4424; x_wconf 78' lang='grc' dir='ltr'>καὶ</span> <span class='ocrx_word' id='word_1_647' title='bbox 893 4368 1277 4439; x_wconf 52' lang='lat' dir='ltr'>mansuetu</span> <span class='ocrx_word' id='word_1_648' title='bbox 1326 4367 1578 4439; x_wconf 73' lang='grc' dir='ltr'><strong>καθάπερ</strong></span> <span class='ocrx_word' id='word_1_649' title='bbox 1606 4366 1782 4435; x_wconf 83' lang='grc' dir='ltr'><strong>λέγει·</strong></span> <span class='ocrx_word' id='word_1_650' title='bbox 1826 4365 1880 4418; x_wconf 89' lang='grc' dir='ltr'>Ὀ</span> <span class='ocrx_word' id='word_1_651' title='bbox 1987 4368 2097 4425; x_wconf 88' lang='lat' dir='ltr'>nisi</span> <span class='ocrx_word' id='word_1_652' title='bbox 2134 4383 2243 4424; x_wconf 86' lang='lat' dir='ltr'>una</span> <span class='ocrx_word' id='word_1_653' title='bbox 2288 4370 2592 4440; x_wconf 88' lang='lat' dir='ltr'>eademque</span> <span class='ocrx_word' id='word_1_654' title='bbox 2627 4369 2713 4444; x_wconf 64' lang='lat' dir='ltr'>yis</span> <span class='ocrx_word' id='word_1_655' title='bbox 2759 4372 2927 4433; x_wconf 86' lang='lat' dir='ltr'>esset,</span> <span class='ocrx_word' id='word_1_656' title='bbox 2969 4380 3093 4436; x_wconf 86' lang='lat' dir='ltr'>quae</span> <span class='ocrx_word' id='word_1_657' title='bbox 3121 4365 3180 4419; x_wconf 87' lang='lat' dir='ltr'>in</span> <span class='ocrx_word' id='word_1_658' title='bbox 3210 4363 3328 4435; x_wconf 85' lang='lat' dir='ltr'>lege</span> <span class='ocrx_word' id='word_1_659' title='bbox 3358 4364 3563 4435; x_wconf 87' lang='lat' dir='ltr'>paritet·</span> 
     </span>
     <span class='ocr_line' id='line_1_82' title="bbox 297 4452 3560 4531; baseline -0.003 -13"><span class='ocrx_word' id='word_1_660' title='bbox 297 4462 505 4519; x_wconf 65' lang='grc' dir='ltr'>λαλῶν</span> <span class='ocrx_word' id='word_1_661' title='bbox 542 4462 615 4516; x_wconf 78' lang='grc' dir='ltr'>ὲν</span> <span class='ocrx_word' id='word_1_662' title='bbox 656 4461 782 4529; x_wconf 85' lang='grc' dir='ltr'>τοῖς</span> <span class='ocrx_word' id='word_1_663' title='bbox 811 4461 1147 4531; x_wconf 75' lang='grc' dir='ltr'><strong>προφήταις</strong></span> <span class='ocrx_word' id='word_1_664' title='bbox 1193 4458 1325 4514; x_wconf 79' lang='grc' dir='ltr'>ὶδοὺ</span> <span class='ocrx_word' id='word_1_665' title='bbox 1363 4459 1623 4529; x_wconf 78' lang='grc' dir='ltr'><strong>πάρειμι,</strong></span> <span class='ocrx_word' id='word_1_666' title='bbox 1673 4457 1769 4512; x_wconf 77' lang='grc' dir='ltr'>καὶ</span> <span class='ocrx_word' id='word_1_667' title='bbox 1812 4456 1885 4511; x_wconf 85' lang='grc' dir='ltr'>τὰ</span> <span class='ocrx_word' id='word_1_668' title='bbox 1989 4474 2054 4516; x_wconf 90' lang='lat' dir='ltr'>ac</span> <span class='ocrx_word' id='word_1_669' title='bbox 2097 4459 2305 4531; x_wconf 82' lang='lat' dir='ltr'>prophe</span> <span class='ocrx_word' id='word_1_670' title='bbox 2319 4460 2410 4524; x_wconf 85' lang='lat' dir='ltr'>tis,</span> <span class='ocrx_word' id='word_1_671' title='bbox 2461 4470 2626 4531; x_wconf 87' lang='lat' dir='ltr'>atque</span> <span class='ocrx_word' id='word_1_672' title='bbox 2657 4455 2966 4528; x_wconf 84' lang='lat' dir='ltr'>Evangeliis</span> <span class='ocrx_word' id='word_1_673' title='bbox 2999 4456 3182 4511; x_wconf 89' lang='lat' dir='ltr'>locuta</span> <span class='ocrx_word' id='word_1_674' title='bbox 3209 4455 3320 4511; x_wconf 79' lang='lat' dir='ltr'>sit?</span> <span class='ocrx_word' id='word_1_675' title='bbox 3355 4452 3560 4522; x_wconf 83' lang='lat' dir='ltr'>Quem·</span> 
     </span>
     <span class='ocr_line' id='line_1_83' title="bbox 297 4547 3565 4625; baseline -0.006 -5"><span class='ocrx_word' id='word_1_676' title='bbox 297 4555 446 4625; x_wconf 73' lang='grc' dir='ltr'>ἑξῆς·</span> <span class='ocrx_word' id='word_1_677' title='bbox 475 4554 648 4609; x_wconf 69' lang='grc' dir='ltr'>Πόθεν</span> <span class='ocrx_word' id='word_1_678' title='bbox 682 4554 740 4608; x_wconf 75' lang='grc' dir='ltr'>δὲ</span> <span class='ocrx_word' id='word_1_679' title='bbox 780 4553 876 4607; x_wconf 69' lang='grc' dir='ltr'>καὶ</span> <span class='ocrx_word' id='word_1_680' title='bbox 905 4555 934 4606; x_wconf 79' lang='grc' dir='ltr'><strong>ὁ</strong></span> <span class='ocrx_word' id='word_1_681' title='bbox 964 4550 1169 4624; x_wconf 77' lang='grc' dir='ltr'><strong>Κύριος</strong></span> <span class='ocrx_word' id='word_1_682' title='bbox 1196 4552 1255 4604; x_wconf 79' lang='grc' dir='ltr'>ὲν</span> <span class='ocrx_word' id='word_1_683' title='bbox 1290 4548 1369 4620; x_wconf 77' lang='grc' dir='ltr'><strong>τῷ</strong></span> <span class='ocrx_word' id='word_1_684' title='bbox 1397 4548 1712 4619; x_wconf 80' lang='grc' dir='ltr'>Εὑαγγελίῳ</span> <span class='ocrx_word' id='word_1_685' title='bbox 1746 4563 1883 4620; x_wconf 82' lang='grc' dir='ltr'><strong>προ·</strong></span> <span class='ocrx_word' id='word_1_686' title='bbox 1988 4551 2280 4607; x_wconf 88' lang='lat' dir='ltr'>admodum</span> <span class='ocrx_word' id='word_1_687' title='bbox 2334 4550 2512 4605; x_wconf 87' lang='lat' dir='ltr'>dicit:</span> <span class='ocrx_word' id='word_1_688' title='bbox 2545 4549 2650 4615; x_wconf 72' lang='lat' dir='ltr'>Qui</span> <span class='ocrx_word' id='word_1_689' title='bbox 2701 4548 2955 4620; x_wconf 75' lang='lat' dir='ltr'>loquebar</span> <span class='ocrx_word' id='word_1_690' title='bbox 3004 4550 3058 4605; x_wconf 80' lang='lat' dir='ltr'>in</span> <span class='ocrx_word' id='word_1_691' title='bbox 3099 4547 3363 4617; x_wconf 72' lang='lat' dir='ltr'>prophetis</span> <span class='ocrx_word' id='word_1_692' title='bbox 3389 4585 3406 4611; x_wconf 88' lang='lat'>,</span> <span class='ocrx_word' id='word_1_693' title='bbox 3446 4560 3565 4601; x_wconf 75' lang='lat' dir='ltr'>ecoe</span> 
     </span>
     <span class='ocr_line' id='line_1_84' title="bbox 298 4635 3564 4715; baseline -0.002 -15"><span class='ocrx_word' id='word_1_694' title='bbox 298 4645 563 4715; x_wconf 80' lang='grc' dir='ltr'><strong>ανεφώνει</strong></span> <span class='ocrx_word' id='word_1_695' title='bbox 585 4683 601 4708; x_wconf 89' lang='grc'><strong>,</strong></span> <span class='ocrx_word' id='word_1_696' title='bbox 663 4644 837 4713; x_wconf 84' lang='grc' dir='ltr'>λέγων</span> <span class='ocrx_word' id='word_1_697' title='bbox 859 4661 882 4703; x_wconf 71' lang='lat'>2</span> <span class='ocrx_word' id='word_1_698' title='bbox 922 4644 994 4697; x_wconf 81' lang='lat' dir='ltr'>El</span> <span class='ocrx_word' id='word_1_699' title='bbox 1046 4641 1295 4697; x_wconf 81' lang='grc' dir='ltr'><strong>Μωῦσεῖ</strong></span> <span class='ocrx_word' id='word_1_700' title='bbox 1344 4640 1723 4705; x_wconf 77' lang='grc' dir='ltr'><strong>ἐπιστεύετε,</strong></span> <span class='ocrx_word' id='word_1_701' title='bbox 1784 4638 1885 4694; x_wconf 76' lang='grc' dir='ltr'>καὶ</span> <span class='ocrx_word' id='word_1_702' title='bbox 1915 4643 1962 4703; x_wconf 83' lang='lat' dir='ltr'>D</span> <span class='ocrx_word' id='word_1_703' title='bbox 1989 4640 2179 4697; x_wconf 73' lang='lat' dir='ltr'>adsum</span> <span class='ocrx_word' id='word_1_704' title='bbox 2207 4640 2259 4707; x_wconf 76' lang='lat'>⁸,</span> <span class='ocrx_word' id='word_1_705' title='bbox 2296 4648 2407 4698; x_wconf 90' lang='lat' dir='ltr'>etc.</span> <span class='ocrx_word' id='word_1_706' title='bbox 2454 4637 2727 4695; x_wconf 84' lang='lat' dir='ltr'>Praeterea</span> <span class='ocrx_word' id='word_1_707' title='bbox 2769 4654 2866 4693; x_wconf 90' lang='lat' dir='ltr'>cur</span> <span class='ocrx_word' id='word_1_708' title='bbox 2894 4638 3160 4694; x_wconf 82' lang='lat' dir='ltr'>Dominus</span> <span class='ocrx_word' id='word_1_709' title='bbox 3186 4638 3244 4690; x_wconf 92' lang='lat' dir='ltr'>in</span> <span class='ocrx_word' id='word_1_710' title='bbox 3272 4635 3564 4707; x_wconf 82' lang='lat' dir='ltr'>Evangelio</span> 
     </span>
     <span class='ocr_line' id='line_1_85' title="bbox 297 4726 3564 4808; baseline -0.003 -16"><span class='ocrx_word' id='word_1_711' title='bbox 297 4738 425 4808; x_wconf 75' lang='grc' dir='ltr'>ἐμοὶ</span> <span class='ocrx_word' id='word_1_712' title='bbox 453 4736 533 4792; x_wconf 81' lang='grc' dir='ltr'>ἂν</span> <span class='ocrx_word' id='word_1_713' title='bbox 555 4737 903 4791; x_wconf 75' lang='grc' dir='ltr'><strong>ἐπιστεύετε</strong></span> <span class='ocrx_word' id='word_1_714' title='bbox 920 4748 936 4764; x_wconf 85' lang='grc'><em>·</em></span> <span class='ocrx_word' id='word_1_715' title='bbox 964 4733 1196 4799; x_wconf 77' lang='grc' dir='ltr'>ἐκεῖνος</span> <span class='ocrx_word' id='word_1_716' title='bbox 1221 4735 1331 4803; x_wconf 74' lang='grc' dir='ltr'>γὰρ</span> <span class='ocrx_word' id='word_1_717' title='bbox 1358 4732 1492 4803; x_wconf 75' lang='grc' dir='ltr'><strong>περὶ</strong></span> <span class='ocrx_word' id='word_1_718' title='bbox 1533 4732 1680 4803; x_wconf 80' lang='grc' dir='ltr'>ἐμοῦ</span> <span class='ocrx_word' id='word_1_719' title='bbox 1712 4732 1885 4803; x_wconf 59' lang='lat' dir='ltr'>§wa-</span> <span class='ocrx_word' id='word_1_720' title='bbox 1989 4732 2350 4806; x_wconf 66' lang='lat' dir='ltr'>praedicaret?</span> <span class='ocrx_word' id='word_1_721' title='bbox 2382 4729 2444 4787; x_wconf 79' lang='lat' dir='ltr'>Si</span> <span class='ocrx_word' id='word_1_722' title='bbox 2472 4728 2648 4801; x_wconf 68' lang='lat' dir='ltr'>Moysi</span> <span class='ocrx_word' id='word_1_723' title='bbox 2682 4726 2983 4793; x_wconf 74' lang='lat' dir='ltr'>crederetis,</span> <span class='ocrx_word' id='word_1_724' title='bbox 3014 4726 3298 4783; x_wconf 72' lang='lat' dir='ltr'>crederetis</span> <span class='ocrx_word' id='word_1_725' title='bbox 3329 4726 3564 4796; x_wconf 73' lang='lat' dir='ltr'>forsitans</span> 
     </span>
     <span class='ocr_line' id='line_1_86' title="bbox 297 4818 3563 4899; baseline -0.006 -6"><span class='ocrx_word' id='word_1_726' title='bbox 297 4832 417 4899; x_wconf 64' lang='grc' dir='ltr'>ψεὲ</span> <span class='ocrx_word' id='word_1_727' title='bbox 454 4826 563 4883; x_wconf 73' lang='grc' dir='ltr'>Καὶ</span> <span class='ocrx_word' id='word_1_728' title='bbox 607 4825 780 4881; x_wconf 81' lang='grc' dir='ltr'>πολλά</span> <span class='ocrx_word' id='word_1_729' title='bbox 834 4843 925 4898; x_wconf 81' lang='grc' dir='ltr'>μοι</span> <span class='ocrx_word' id='word_1_730' title='bbox 978 4825 1094 4879; x_wconf 75' lang='grc' dir='ltr'><strong>ἔστι</strong></span> <span class='ocrx_word' id='word_1_731' title='bbox 1146 4825 1277 4895; x_wconf 76' lang='grc' dir='ltr'><strong>περὶ</strong></span> <span class='ocrx_word' id='word_1_732' title='bbox 1319 4823 1633 4896; x_wconf 84' lang='grc' dir='ltr'><strong>μαρτυριῶν</strong></span> <span class='ocrx_word' id='word_1_733' title='bbox 1680 4823 1881 4893; x_wconf 84' lang='grc' dir='ltr'><strong>λέγειν,</strong></span> <span class='ocrx_word' id='word_1_734' title='bbox 1988 4836 2038 4883; x_wconf 79' lang='lat' dir='ltr'>et</span> <span class='ocrx_word' id='word_1_735' title='bbox 2070 4825 2238 4882; x_wconf 74' lang='lat' dir='ltr'>mihi.-</span> <span class='ocrx_word' id='word_1_736' title='bbox 2267 4824 2333 4880; x_wconf 78' lang='lat' dir='ltr'>de</span> <span class='ocrx_word' id='word_1_737' title='bbox 2358 4823 2602 4880; x_wconf 67' lang='lat' dir='ltr'>maenius</span> <span class='ocrx_word' id='word_1_738' title='bbox 2647 4821 2739 4877; x_wconf 76' lang='lat' dir='ltr'>ille</span> <span class='ocrx_word' id='word_1_739' title='bbox 2780 4820 2992 4891; x_wconf 78' lang='lat' dir='ltr'>scripsit</span> <span class='ocrx_word' id='word_1_740' title='bbox 3017 4821 3062 4875; x_wconf 87' lang='lat'>⁸.</span> <span class='ocrx_word' id='word_1_741' title='bbox 3109 4818 3275 4876; x_wconf 83' lang='lat' dir='ltr'>Plura</span> <span class='ocrx_word' id='word_1_742' title='bbox 3308 4818 3563 4890; x_wconf 87' lang='lat' dir='ltr'>equidem</span> 
     </span>
     <span class='ocr_line' id='line_1_87' title="bbox 299 4910 3563 4991; baseline -0.004 -12"><span class='ocrx_word' id='word_1_743' title='bbox 299 4919 485 4984; x_wconf 82' lang='grc' dir='ltr'>’καθὼς</span> <span class='ocrx_word' id='word_1_744' title='bbox 540 4918 866 4991; x_wconf 72' lang='grc' dir='ltr'>συναγείρας</span> <span class='ocrx_word' id='word_1_745' title='bbox 917 4917 1113 4988; x_wconf 77' lang='grc' dir='ltr'>σχολὴν</span> <span class='ocrx_word' id='word_1_746' title='bbox 1166 4914 1347 4986; x_wconf 78' lang='grc' dir='ltr'>ἐαυτῷ</span> <span class='ocrx_word' id='word_1_747' title='bbox 1397 4916 1652 4987; x_wconf 74' lang='grc' dir='ltr'>ἐποίησεν</span> <span class='ocrx_word' id='word_1_748' title='bbox 1702 4916 1731 4967; x_wconf 80' lang='grc' dir='ltr'><strong>ὁ</strong></span> <span class='ocrx_word' id='word_1_749' title='bbox 1790 4914 1887 4968; x_wconf 75' lang='grc' dir='ltr'>ἐπὶ</span> <span class='ocrx_word' id='word_1_750' title='bbox 1991 4919 2059 4975; x_wconf 91' lang='lat' dir='ltr'>de</span> <span class='ocrx_word' id='word_1_751' title='bbox 2083 4916 2358 4989; x_wconf 70' lang='lat' dir='ltr'>eiusmodi</span> <span class='ocrx_word' id='word_1_752' title='bbox 2387 4914 2721 4974; x_wconf 85' lang='lat' dir='ltr'>testimoniis</span> <span class='ocrx_word' id='word_1_753' title='bbox 2745 4913 2801 4969; x_wconf 89' lang='lat' dir='ltr'>in</span> <span class='ocrx_word' id='word_1_754' title='bbox 2824 4912 3065 4969; x_wconf 89' lang='lat' dir='ltr'>medium</span> <span class='ocrx_word' id='word_1_755' title='bbox 3095 4910 3292 4968; x_wconf 74' lang='lat' dir='ltr'>afferre</span> <span class='ocrx_word' id='word_1_756' title='bbox 3319 4924 3563 4983; x_wconf 83' lang='lat' dir='ltr'>possem.</span> 
     </span>
     <span class='ocr_line' id='line_1_88' title="bbox 304 5001 3565 5083; baseline -0.001 -20"><span class='ocrx_word' id='word_1_757' title='bbox 304 5011 690 5083; x_wconf 72' lang='grc' dir='ltr'><strong>συγκυρήματι</strong></span> <span class='ocrx_word' id='word_1_758' title='bbox 727 5009 950 5081; x_wconf 79' lang='grc' dir='ltr'>πονηρῷ</span> <span class='ocrx_word' id='word_1_759' title='bbox 988 5007 1068 5079; x_wconf 79' lang='grc' dir='ltr'>τῷ</span> <span class='ocrx_word' id='word_1_760' title='bbox 1104 5008 1294 5079; x_wconf 82' lang='grc' dir='ltr'>κόσμῳ</span> <span class='ocrx_word' id='word_1_761' title='bbox 1326 5006 1753 5078; x_wconf 75' lang='grc' dir='ltr'>ὲπιὸλαστήσας,</span> <span class='ocrx_word' id='word_1_762' title='bbox 1792 5005 1888 5059; x_wconf 66' lang='grc' dir='ltr'>καὶ</span> <span class='ocrx_word' id='word_1_763' title='bbox 1991 5010 2192 5082; x_wconf 76' lang='lat' dir='ltr'>quibus</span> <span class='ocrx_word' id='word_1_764' title='bbox 2237 5007 2596 5065; x_wconf 77' lang='lat' dir='ltr'>accumulatis</span> <span class='ocrx_word' id='word_1_765' title='bbox 2625 5006 2868 5063; x_wconf 83' lang='lat' dir='ltr'>scholam</span> <span class='ocrx_word' id='word_1_766' title='bbox 2900 5004 2994 5061; x_wconf 80' lang='lat' dir='ltr'>ille</span> <span class='ocrx_word' id='word_1_767' title='bbox 3024 5005 3129 5062; x_wconf 83' lang='lat' dir='ltr'>sibi</span> <span class='ocrx_word' id='word_1_768' title='bbox 3158 5001 3435 5068; x_wconf 75' lang='lat' dir='ltr'>conflavit,</span> <span class='ocrx_word' id='word_1_769' title='bbox 3466 5003 3565 5075; x_wconf 79' lang='lat' dir='ltr'>qui</span> 
     </span>
     <span class='ocr_line' id='line_1_89' title="bbox 304 5092 3568 5172; baseline -0.004 -7"><span class='ocrx_word' id='word_1_770' title='bbox 304 5100 584 5172; x_wconf 66' lang='grc' dir='ltr'><strong>πλανῆσαι·</strong></span> <span class='ocrx_word' id='word_1_771' title='bbox 625 5098 750 5163; x_wconf 72' lang='grc' dir='ltr'>τοὺς</span> <span class='ocrx_word' id='word_1_772' title='bbox 783 5099 873 5152; x_wconf 77' lang='grc' dir='ltr'>ὕπ’</span> <span class='ocrx_word' id='word_1_773' title='bbox 915 5097 1078 5152; x_wconf 74' lang='grc' dir='ltr'>αὺτοῦ</span> <span class='ocrx_word' id='word_1_774' title='bbox 1111 5092 1580 5167; x_wconf 57' lang='grc' dir='ltr'>ἆῑεπλᾱνημένθυς·</span> <span class='ocrx_word' id='word_1_775' title='bbox 1617 5092 1888 5166; x_wconf 75' lang='grc' dir='ltr'>Παρελεύ-</span> <span class='ocrx_word' id='word_1_776' title='bbox 1994 5098 2199 5156; x_wconf 76' lang='lat' dir='ltr'>infelici</span> <span class='ocrx_word' id='word_1_777' title='bbox 2251 5098 2495 5171; x_wconf 86' lang='lat' dir='ltr'>quodam</span> <span class='ocrx_word' id='word_1_778' title='bbox 2545 5099 2661 5155; x_wconf 78' lang='lat' dir='ltr'>fato</span> <span class='ocrx_word' id='word_1_779' title='bbox 2707 5113 3055 5155; x_wconf 85' lang='lat' dir='ltr'>communem</span> <span class='ocrx_word' id='word_1_780' title='bbox 3102 5095 3172 5151; x_wconf 89' lang='lat' dir='ltr'>ad</span> <span class='ocrx_word' id='word_1_781' title='bbox 3207 5095 3359 5153; x_wconf 83' lang='lat' dir='ltr'>orbis</span> <span class='ocrx_word' id='word_1_782' title='bbox 3388 5094 3568 5166; x_wconf 84' lang='lat' dir='ltr'>perni-</span> 
     </span>
     <span class='ocr_line' id='line_1_90' title="bbox 307 5184 3566 5263; baseline -0.002 -16"><span class='ocrx_word' id='word_1_783' title='bbox 307 5208 474 5263; x_wconf 85' lang='grc' dir='ltr'><strong>σομαι</strong></span> <span class='ocrx_word' id='word_1_784' title='bbox 510 5191 568 5248; x_wconf 77' lang='grc' dir='ltr'>δὲ</span> <span class='ocrx_word' id='word_1_785' title='bbox 618 5191 713 5246; x_wconf 76' lang='grc' dir='ltr'>καὶ</span> <span class='ocrx_word' id='word_1_786' title='bbox 753 5189 977 5261; x_wconf 86' lang='grc' dir='ltr'>ταύτην,</span> <span class='ocrx_word' id='word_1_787' title='bbox 1001 5189 1133 5243; x_wconf 79' lang='grc' dir='ltr'>ὡσεὶ</span> <span class='ocrx_word' id='word_1_788' title='bbox 1178 5186 1421 5259; x_wconf 82' lang='grc' dir='ltr'>μέμυκος</span> <span class='ocrx_word' id='word_1_789' title='bbox 1453 5188 1475 5219; x_wconf 82' lang='lat'>²</span> <span class='ocrx_word' id='word_1_790' title='bbox 1502 5187 1597 5241; x_wconf 74' lang='grc' dir='ltr'>καὶ</span> <span class='ocrx_word' id='word_1_791' title='bbox 1634 5201 1891 5256; x_wconf 84' lang='grc' dir='ltr'>πεμφρη-</span> <span class='ocrx_word' id='word_1_792' title='bbox 1992 5189 2132 5245; x_wconf 89' lang='lat' dir='ltr'>ciem</span> <span class='ocrx_word' id='word_1_793' title='bbox 2160 5188 2416 5257; x_wconf 83' lang='lat' dir='ltr'>effloruit,</span> <span class='ocrx_word' id='word_1_794' title='bbox 2469 5204 2533 5246; x_wconf 90' lang='lat' dir='ltr'>ac</span> <span class='ocrx_word' id='word_1_795' title='bbox 2560 5197 2860 5246; x_wconf 85' lang='lat' dir='ltr'>sectatores</span> <span class='ocrx_word' id='word_1_796' title='bbox 2900 5202 3035 5243; x_wconf 88' lang='lat' dir='ltr'>suos</span> <span class='ocrx_word' id='word_1_797' title='bbox 3072 5185 3130 5241; x_wconf 87' lang='lat' dir='ltr'>in</span> <span class='ocrx_word' id='word_1_798' title='bbox 3166 5184 3415 5241; x_wconf 77' lang='lat' dir='ltr'>fraudem</span> <span class='ocrx_word' id='word_1_799' title='bbox 3456 5184 3566 5241; x_wconf 86' lang='lat' dir='ltr'>im·</span> 
     </span>
     <span class='ocr_line' id='line_1_91' title="bbox 305 5274 3566 5355; baseline 0.001 -19"><span class='ocrx_word' id='word_1_800' title='bbox 305 5282 454 5347; x_wconf 88' lang='grc' dir='ltr'>δόνος</span> <span class='ocrx_word' id='word_1_801' title='bbox 490 5281 601 5355; x_wconf 77' lang='lat'><strong>(6¹)</strong></span> <span class='ocrx_word' id='word_1_802' title='bbox 644 5282 752 5337; x_wconf 82' lang='grc' dir='ltr'>τῶν</span> <span class='ocrx_word' id='word_1_803' title='bbox 797 5282 1121 5337; x_wconf 77' lang='grc' dir='ltr'><strong>όδυνοπιοιῶν</strong></span> <span class='ocrx_word' id='word_1_804' title='bbox 1166 5284 1231 5335; x_wconf 78' lang='grc' dir='ltr'>ἐκ</span> <span class='ocrx_word' id='word_1_805' title='bbox 1284 5280 1547 5333; x_wconf 82' lang='grc' dir='ltr'><strong>πετεινῶν</strong></span> <span class='ocrx_word' id='word_1_806' title='bbox 1602 5274 1888 5331; x_wconf 80' lang='grc' dir='ltr'>κνωδάλων</span> <span class='ocrx_word' id='word_1_807' title='bbox 1994 5281 2153 5351; x_wconf 81' lang='lat' dir='ltr'>pulit.</span> <span class='ocrx_word' id='word_1_808' title='bbox 2205 5280 2314 5338; x_wconf 80' lang='lat' dir='ltr'>sed</span> <span class='ocrx_word' id='word_1_809' title='bbox 2342 5283 2485 5339; x_wconf 78' lang='lat' dir='ltr'>lianc</span> <span class='ocrx_word' id='word_1_810' title='bbox 2528 5298 2633 5355; x_wconf 75' lang='lat' dir='ltr'>ego</span> <span class='ocrx_word' id='word_1_811' title='bbox 2673 5296 2892 5354; x_wconf 84' lang='lat' dir='ltr'>quoque</span> <span class='ocrx_word' id='word_1_812' title='bbox 2934 5279 3368 5351; x_wconf 72' lang='lat' dir='ltr'>praetermittam,</span> <span class='ocrx_word' id='word_1_813' title='bbox 3418 5288 3566 5353; x_wconf 76' lang='lat' dir='ltr'>post·</span> 
     </span>
    </p>
   </div>
   <div class='ocr_carea' id='block_1_18' title="bbox 382 5391 3261 5490">
    <p class='ocr_par' dir='ltr' id='par_1_21' title="bbox 382 5391 3261 5490">
     <span class='ocr_line' id='line_1_92' title="bbox 382 5391 3261 5490; baseline 0 -18"><span class='ocrx_word' id='word_1_814' title='bbox 382 5420 400 5450; x_wconf 87' lang='lat'>¹</span> <span class='ocrx_word' id='word_1_815' title='bbox 426 5416 489 5473; x_wconf 73' lang='lat' dir='ltr'>F.</span> <span class='ocrx_word' id='word_1_816' title='bbox 521 5419 578 5490; x_wconf 74' lang='grc' dir='ltr'>ἦ.</span> <span class='ocrx_word' id='word_1_817' title='bbox 651 5420 673 5450; x_wconf 88' lang='lat'><strong>¹</strong></span> <span class='ocrx_word' id='word_1_818' title='bbox 699 5417 835 5475; x_wconf 87' lang='lat' dir='ltr'>Cum</span> <span class='ocrx_word' id='word_1_819' title='bbox 857 5391 1282 5489; x_wconf 81' lang='lat' dir='ltr'>interrogatione</span> <span class='ocrx_word' id='word_1_820' title='bbox 1305 5416 1407 5487; x_wconf 89' lang='lat' dir='ltr'>leg.</span> <span class='ocrx_word' id='word_1_821' title='bbox 1443 5414 1797 5486; x_wconf 80' lang='grc' dir='ltr'>ἀμφοτέρων;</span> <span class='ocrx_word' id='word_1_822' title='bbox 1867 5413 1890 5445; x_wconf 80' lang='lat'>⁸</span> <span class='ocrx_word' id='word_1_823' title='bbox 1925 5412 1990 5470; x_wconf 75' lang='lat' dir='ltr'>F.</span> <span class='ocrx_word' id='word_1_824' title='bbox 2020 5418 2330 5489; x_wconf 84' lang='grc' dir='ltr'>μύρμηκος.</span> <span class='ocrx_word' id='word_1_825' title='bbox 2406 5419 2431 5451; x_wconf 77' lang='lat'>⁸</span> <span class='ocrx_word' id='word_1_826' title='bbox 2454 5416 2558 5476; x_wconf 89' lang='lat' dir='ltr'>lsa.</span> <span class='ocrx_word' id='word_1_827' title='bbox 2597 5435 2694 5487; x_wconf 78' lang='grc' dir='ltr'><strong>ιιι,</strong></span> <span class='ocrx_word' id='word_1_828' title='bbox 2718 5418 2772 5473; x_wconf 84' lang='grc' dir='ltr'>θ.</span> <span class='ocrx_word' id='word_1_829' title='bbox 2849 5417 2871 5449; x_wconf 86' lang='lat'>⁸</span> <span class='ocrx_word' id='word_1_830' title='bbox 2895 5414 3050 5471; x_wconf 81' lang='lat' dir='ltr'>Joan.</span> <span class='ocrx_word' id='word_1_831' title='bbox 3081 5430 3136 5481; x_wconf 76' lang='lat' dir='ltr'>v,</span> <span class='ocrx_word' id='word_1_832' title='bbox 3169 5415 3261 5472; x_wconf 63' lang='lat'>⁴6.</span> 
     </span>
    </p>
   </div>
   <div class='ocr_carea' id='block_1_19' title="bbox 310 5528 3570 5897">
    <p class='ocr_par' dir='ltr' id='par_1_22' title="bbox 310 5528 3570 5867">
     <span class='ocr_line' id='line_1_93' title="bbox 382 5528 3564 5605; baseline -0.001 -17"><span class='ocrx_word' id='word_1_833' title='bbox 382 5531 495 5602; x_wconf 73' lang='lat' dir='ltr'>(et)</span> <span class='ocrx_word' id='word_1_834' title='bbox 539 5534 697 5588; x_wconf 80' lang='grc' dir='ltr'>Ὧσεὶ</span> <span class='ocrx_word' id='word_1_835' title='bbox 738 5535 1027 5605; x_wconf 80' lang='grc' dir='ltr'>μέμυκος,</span> <span class='ocrx_word' id='word_1_836' title='bbox 1086 5532 1185 5586; x_wconf 71' lang='grc' dir='ltr'>καὶ</span> <span class='ocrx_word' id='word_1_837' title='bbox 1231 5528 1670 5602; x_wconf 73' lang='grc' dir='ltr'>πεμφρηδόνος.</span> <span class='ocrx_word' id='word_1_838' title='bbox 1729 5528 1883 5595; x_wconf 89' lang='lat' dir='ltr'>Quod</span> <span class='ocrx_word' id='word_1_839' title='bbox 1993 5528 2129 5587; x_wconf 78' lang='lat' dir='ltr'>vide</span> <span class='ocrx_word' id='word_1_840' title='bbox 2157 5531 2520 5588; x_wconf 85' lang='lat' dir='ltr'>Scholiasten.</span> <span class='ocrx_word' id='word_1_841' title='bbox 2549 5530 2653 5598; x_wconf 83' lang='lat' dir='ltr'>Qui</span> <span class='ocrx_word' id='word_1_842' title='bbox 2687 5529 2936 5602; x_wconf 77' lang='grc' dir='ltr'>βέμδυκα</span> <span class='ocrx_word' id='word_1_843' title='bbox 2962 5530 3280 5602; x_wconf 80' lang='grc' dir='ltr'><strong>σφηκοειδὲς</strong></span> <span class='ocrx_word' id='word_1_844' title='bbox 3309 5531 3564 5601; x_wconf 81' lang='lat' dir='ltr'>quiddam</span> 
     </span>
     <span class='ocr_line' id='line_1_94' title="bbox 312 5599 3569 5674; baseline -0.002 -14"><span class='ocrx_word' id='word_1_845' title='bbox 312 5604 507 5661; x_wconf 85' lang='lat' dir='ltr'>insecti</span> <span class='ocrx_word' id='word_1_846' title='bbox 535 5620 710 5674; x_wconf 86' lang='lat' dir='ltr'>genus</span> <span class='ocrx_word' id='word_1_847' title='bbox 754 5605 827 5658; x_wconf 86' lang='lat' dir='ltr'>sit</span> <span class='ocrx_word' id='word_1_848' title='bbox 868 5604 1049 5674; x_wconf 77' lang='grc' dir='ltr'>μέμυξ</span> <span class='ocrx_word' id='word_1_849' title='bbox 1082 5602 1315 5657; x_wconf 78' lang='lat' dir='ltr'>viderint</span> <span class='ocrx_word' id='word_1_850' title='bbox 1361 5600 1582 5655; x_wconf 82' lang='lat' dir='ltr'>eruditi.</span> <span class='ocrx_word' id='word_1_851' title='bbox 1627 5599 1892 5668; x_wconf 87' lang='lat' dir='ltr'>Suspicor</span> <span class='ocrx_word' id='word_1_852' title='bbox 1992 5617 2115 5657; x_wconf 87' lang='lat' dir='ltr'>esse</span> <span class='ocrx_word' id='word_1_853' title='bbox 2141 5602 2295 5666; x_wconf 88' lang='lat' dir='ltr'>dicit,</span> <span class='ocrx_word' id='word_1_854' title='bbox 2325 5602 2492 5674; x_wconf 84' lang='grc' dir='ltr'>μέλαν</span> <span class='ocrx_word' id='word_1_855' title='bbox 2523 5602 2660 5655; x_wconf 84' lang='grc' dir='ltr'>κατὰ</span> <span class='ocrx_word' id='word_1_856' title='bbox 2689 5603 2789 5672; x_wconf 82' lang='grc' dir='ltr'>τὴν</span> <span class='ocrx_word' id='word_1_857' title='bbox 2814 5602 3026 5671; x_wconf 76' lang='grc' dir='ltr'><strong>χροιὰν,</strong></span> <span class='ocrx_word' id='word_1_858' title='bbox 3054 5601 3263 5672; x_wconf 87' lang='grc' dir='ltr'>κέντρῳ</span> <span class='ocrx_word' id='word_1_859' title='bbox 3289 5601 3569 5673; x_wconf 84' lang='grc' dir='ltr'>χρώμενον</span> 
     </span>
     <span class='ocr_line' id='line_1_95' title="bbox 311 5670 3570 5745; baseline -0.001 -18"><span class='ocrx_word' id='word_1_860' title='bbox 311 5677 420 5744; x_wconf 67' lang='lat' dir='ltr'>leg.</span> <span class='ocrx_word' id='word_1_861' title='bbox 453 5673 726 5745; x_wconf 74' lang='grc' dir='ltr'>βέμδυκος</span> <span class='ocrx_word' id='word_1_862' title='bbox 756 5691 770 5704; x_wconf 88' lang='grc'>·</span> <span class='ocrx_word' id='word_1_863' title='bbox 806 5674 951 5742; x_wconf 88' lang='lat' dir='ltr'>quod</span> <span class='ocrx_word' id='word_1_864' title='bbox 989 5673 1311 5727; x_wconf 84' lang='lat' dir='ltr'>vocabulum</span> <span class='ocrx_word' id='word_1_865' title='bbox 1341 5686 1466 5725; x_wconf 89' lang='lat' dir='ltr'>cum</span> <span class='ocrx_word' id='word_1_866' title='bbox 1492 5670 1895 5741; x_wconf 82' lang='lat' dir='ltr'>pempliredone</span> <span class='ocrx_word' id='word_1_867' title='bbox 1991 5673 2068 5735; x_wconf 84' lang='grc' dir='ltr'>ὠς</span> <span class='ocrx_word' id='word_1_868' title='bbox 2088 5673 2138 5735; x_wconf 78' lang='grc' dir='ltr'>οἱ</span> <span class='ocrx_word' id='word_1_869' title='bbox 2167 5673 2393 5743; x_wconf 84' lang='grc' dir='ltr'><strong>σφῆκες.</strong></span> <span class='ocrx_word' id='word_1_870' title='bbox 2431 5671 2536 5729; x_wconf 88' lang='lat' dir='ltr'>Sed</span> <span class='ocrx_word' id='word_1_871' title='bbox 2573 5680 2628 5727; x_wconf 86' lang='lat' dir='ltr'>et</span> <span class='ocrx_word' id='word_1_872' title='bbox 2653 5672 2753 5745; x_wconf 81' lang='grc' dir='ltr'>τὴν</span> <span class='ocrx_word' id='word_1_873' title='bbox 2799 5671 3127 5745; x_wconf 80' lang='grc' dir='ltr'>τενθρηνην,</span> <span class='ocrx_word' id='word_1_874' title='bbox 3179 5672 3296 5728; x_wconf 82' lang='lat' dir='ltr'>sive</span> <span class='ocrx_word' id='word_1_875' title='bbox 3343 5670 3570 5741; x_wconf 75' lang='grc' dir='ltr'>τενθρη-</span> 
     </span>
     <span class='ocr_line' id='line_1_96' title="bbox 310 5739 3563 5867; baseline -0 -68"><span class='ocrx_word' id='word_1_876' title='bbox 310 5744 601 5816; x_wconf 86' lang='lat' dir='ltr'>conjungit</span> <span class='ocrx_word' id='word_1_877' title='bbox 631 5744 903 5802; x_wconf 78' lang='lat' dir='ltr'>Nicander</span> <span class='ocrx_word' id='word_1_878' title='bbox 936 5742 1181 5813; x_wconf 77' lang='lat' dir='ltr'>Alexiph.</span> <span class='ocrx_word' id='word_1_879' title='bbox 1210 5759 1263 5807; x_wconf 82' lang='lat' dir='ltr'>v,</span> <span class='ocrx_word' id='word_1_880' title='bbox 1297 5742 1401 5797; x_wconf 78' lang='lat'>185</span> <span class='ocrx_word' id='word_1_881' title='bbox 1432 5759 1448 5798; x_wconf 79' lang='grc' dir='ltr'>ι</span> <span class='ocrx_word' id='word_1_882' title='bbox 1991 5741 2185 5867; x_wconf 55' lang='grc' dir='ltr'><strong>δόνῗὴιι</strong></span> <span class='ocrx_word' id='word_1_883' title='bbox 2235 5744 2510 5800; x_wconf 83' lang='lat' dir='ltr'>nonnullis</span> <span class='ocrx_word' id='word_1_884' title='bbox 2559 5741 2806 5815; x_wconf 78' lang='grc' dir='ltr'>βέμδυκα</span> <span class='ocrx_word' id='word_1_885' title='bbox 2851 5742 3055 5801; x_wconf 80' lang='lat' dir='ltr'>vocari.</span> <span class='ocrx_word' id='word_1_886' title='bbox 3081 5741 3208 5798; x_wconf 79' lang='lat' dir='ltr'>uaec</span> <span class='ocrx_word' id='word_1_887' title='bbox 3255 5739 3563 5813; x_wconf 73' lang='lat' dir='ltr'>Stephanus</span> 
     </span>
    </p>

    <p class='ocr_par' dir='ltr' id='par_1_23' title="bbox 1222 5826 2362 5897">
     <span class='ocr_line' id='line_1_97' title="bbox 1222 5826 2362 5897; baseline 0.003 -31"><span class='ocrx_word' id='word_1_888' title='bbox 1222 5831 1514 5887; x_wconf 52' lang='grc' dir='ltr'><strong><em>Μέ.ιισσαι</em></strong></span> <span class='ocrx_word' id='word_1_889' title='bbox 1532 5872 1547 5897; x_wconf 62' lang='lat'><strong>.</strong></span> <span class='ocrx_word' id='word_1_890' title='bbox 1994 5826 2048 5866; x_wconf 73' lang='lat' dir='ltr'>&#39;n</span> <span class='ocrx_word' id='word_1_891' title='bbox 2150 5827 2362 5869; x_wconf 55' lang='lat' dir='ltr'>esauron</span> 
     </span>
    </p>
   </div>
   <div class='ocr_carea' id='block_1_20' title="bbox 317 5902 1891 5978">
    <p class='ocr_par' dir='ltr' id='par_1_24' title="bbox 317 5902 1891 5978">
     <span class='ocr_line' id='line_1_98' title="bbox 317 5902 1891 5978; baseline -0.004 -16"><span class='ocrx_word' id='word_1_892' title='bbox 317 5906 705 5978; x_wconf 71' lang='grc' dir='ltr'>Πεμφρηδὼν,</span> <span class='ocrx_word' id='word_1_893' title='bbox 736 5903 971 5977; x_wconf 66' lang='grc' dir='ltr'>σφῆκές</span> <span class='ocrx_word' id='word_1_894' title='bbox 1009 5920 1071 5959; x_wconf 78' lang='grc' dir='ltr'><strong>τε</strong></span> <span class='ocrx_word' id='word_1_895' title='bbox 1112 5903 1211 5960; x_wconf 74' lang='grc' dir='ltr'>καὶ</span> <span class='ocrx_word' id='word_1_896' title='bbox 1260 5904 1329 5957; x_wconf 78' lang='grc' dir='ltr'>ὲκ</span> <span class='ocrx_word' id='word_1_897' title='bbox 1353 5902 1655 5971; x_wconf 78' lang='grc' dir='ltr'>,Βέμδυκες</span> <span class='ocrx_word' id='word_1_898' title='bbox 1690 5903 1891 5972; x_wconf 72' lang='grc' dir='ltr'><strong>δρειαι.</strong></span> 
     </span>
    </p>
   </div>
  </div>
 </body>
</html>
