3850 6517
295 503 435 562 tm

992 486 1366 561 ont‘zttsus
1403 502 1747 562 nAEREsEs
1784 503 1914 561 Lm.
1953 504 2017 562 11.
2056 504 2223 563 ΤΟΠ.
2263 506 2305 562 t.
2328 506 2694 564 -ttAEttt-28.
2731 506 2912 564 thv.

3431 508 3574 567 ”78

294 616 465 681 έσεως
492 613 648 685 ἀφνω
682 614 741 683 ἐξ
769 613 1001 689 οὐρανοῦ
1027 616 1475 683 καταπνεύσασα,
1537 619 1791 692 καθάπερ
1824 620 1883 675 ἐν
1910 624 1962 682 A
1987 619 2111 674 dam
2154 633 2288 674 aura
2319 629 2542 690 repente
2582 620 2804 676 coelitus
2850 619 3131 691 aspirans,
3164 621 3268 686 sic,
3307 629 3572 693 tanquam

298 708 451 779 μέσῳ
482 707 816 778 νηχομένους
843 707 1073 777 πελάγει
1098 749 1116 776 ,
1173 712 1253 774 είς
1285 711 1457 782 ὅρμον
1498 712 1748 783 ἀκύμονα
1788 712 1886 768 καὶ

295 799 571 867 ἀπόδειξιν
601 800 1033 873 ἀποκαταστήσῃ
1061 801 1497 875 ἀσφαλεστέραν.

548 891 703 958 'Eme
731 885 850 945 ὧδε
884 891 952 945 τὸ
975 891 1159 962 μέρος
1188 891 1307 947 τῶν
1327 893 1640 951 Μεθοδίου.

363 978 481 1034 ΞΡ.
522 981 707 1037 Ταῦτα
743 983 846 1054 μὲν
890 981 983 1039 οὗν
1021 987 1170 1040 ἐστιν
1202 986 1311 1040 ἀπὸ
1350 987 1548 1059 μέρους
1598 988 1723 1043 καθ’
1774 986 1885 1059 είρ-

298 1071 397 1140 μὸν
425 1071 535 1127 τῶν
567 1073 675 1128 ὑπὸ
700 1073 796 1128 τοῦ
832 1076 1141 1148 μακαρίτου
1174 1078 1439 1133 Μεθοδίου
1469 1079 1616 1149 (46),
1657 1079 1753 1133 τοῦ
1785 1077 1882 1132 καὶ

294 1161 588 1216 Εύδουλίου
609 1205 625 1229 ,
668 1168 798 1239 περὶ
842 1167 938 1221 τοῦ
983 1170 1388 1240 προειρημένου
1435 1171 1744 1242 Ὦριγένους
1784 1169 1881 1224 καὶ

293 1252 397 1321 τῆς
426 1253 593 1307 αὑτοῦ
620 1255 711 1310 διὰ
734 1259 1055 1330 σοφιστικῆς
1086 1258 1303 1329 πλάνης
1329 1261 1696 1324 κακοπιστίας
1719 1264 1776 1316 ἐν
1799 1261 1880 1333 τῷ

295 1341 445 1413 αὐτῷ
474 1344 605 1416 περὶ
637 1346 989 1411 ἀναστάσεως
1018 1347 1184 1418 λόγῳ.
1216 1349 1285 1402 ’Δ
1309 1348 1545 1404 ἐνταῦθα
1570 1350 1883 1422 παραθέμε-

295 1447 377 1483 νοι
452 1433 652 1499 ἱκανῶς
719 1434 869 1506 ἐχειν
927 1436 1262 1508 ἐνομίσαμεν
1317 1438 1456 1509 πρὸς
1511 1438 1613 1501 τὰς
1669 1439 1880 1494 ἐκείνω

295 1523 565 1596 φλυαρίας
587 1563 603 1589 ,
637 1526 734 1579 καὶ
762 1527 863 1597 τῆς
901 1525 1068 1581 αὐτοῦ
1105 1528 1423 1599 ἀνατροπῆς
1451 1530 1470 1561 ¹
1507 1527 1608 1600 τῆς
1645 1529 1754 1583 τῶν
1782 1530 1879 1585 ἀν-

294 1615 528 1686 θρώπων
561 1616 706 1689 ζωῆς
745 1618 816 1672 δι’
863 1619 1203 1675 ἐπιπλάστου
1252 1619 1353 1691 (ἐξ)
1403 1620 1724 1691 Ἑλληνικῆς
1772 1622 1882 1676 δει-

295 1708 634 1779 σιδαιμονίας
672 1710 770 1765 καὶ
820 1711 1167 1784 κακοηθείας.
1215 1711 1396 1767 Πολλά
1442 1713 1554 1784 γὰρ
1585 1714 1680 1767 καὶ
1718 1713 1883 1785 ἔτερα

292 1798 352 1851 ἐν
381 1802 448 1871 τῇ
480 1801 609 1872 περὶ
643 1801 742 1872 τῆς
775 1801 1087 1867 ὑποθέσεως
1115 1802 1408 1874 ἀκολουθίᾳ
1444 1802 1524 1873 τῷ
1552 1803 1883 1875 προειρημέ-

293 1905 371 1959 νῳ
399 1888 651 1960 Μεθοδίῳ
672 1889 829 1961 ἀνδρὶ
868 1889 1035 1962 λογίῳ
1072 1892 1208 1955 δντι,
1242 1891 1339 1946 καὶ
1369 1891 1576 1964 σφόδρα
1615 1894 1746 1964 περὶ
1776 1893 1879 1965 τῆς

1985 712 2041 767 in
2083 712 2197 767 alto
2226 712 2570 783 navigantes.
2604 713 2967 785 tranquillum
3007 714 3076 769 ad
3120 720 3447 787 postumae
3479 710 3572 765 lir-

1983 803 2213 859 miorem
2238 804 2758 859 demonstrationem
2782 805 3039 875 appellat.

2421 892 2693 949 Hactenus
2720 910 2785 949 ex
2805 894 3097 949 Πειίιοάίο.

2052 980 2239 1038 ant.
2281 983 2459 1054 Atque
2486 985 2602 1040 baec
2643 995 2773 1041 sunt
2809 1002 2842 1043 e
2872 988 3015 1041 beati
3059 984 3342 1053 Methodii,
3371 983 3465 1055 qui
3504 990 3562 1040 et

1982 1072 2254 1131 Eubulius
2279 1076 2461 1133 dictus
2488 1084 2595 1141 est,
2627 1078 2849 1148 scriptis
2885 1078 3080 1134 ordine
3106 1078 3386 1146 decerpta.
3429 1092 3555 1146 quae

1982 1160 2052 1217 de
2081 1162 2337 1231 Origene,
2369 1162 2776 1233 depravataque
2810 1160 3064 1233 origenis
3105 1162 3211 1218 lide
3242 1161 3567 1233 sophisticis

1982 1255 2428 1310 cavillationibus
2456 1256 2733 1326 implicata
2764 1255 2821 1309 in
2846 1256 3037 1311 eodem
3065 1256 3134 1311 de
3161 1254 3571 1311 resurrectione

1981 1346 2126 1401 libro
2163 1345 2449 1402 disseruit.
2486 1345 2645 1417 591
2681 1345 2814 1412 Quae
2844 1345 2950 1401 boc
2982 1348 3105 1402 loco
3138 1345 3418 1417 proposita
3448 1343 3567 1399 suf-

1981 1433 2145 1491 ficere
2177 1442 2371 1491 contra
2424 1434 2576 1489 illius
2631 1449 2806 1504 nugas
2858 1434 3173 1505 putavimus
3233 1433 3569 1503 impiamque

1982 1525 2316 1590 doctrinam,
2365 1539 2476 1595 qua
2546 1525 2771 1580 humani
2830 1524 3045 1595 generis
3112 1524 3279 1578 vitam
3324 1518 3565 1578 ascititia

1980 1618 2076 1673 illa
2115 1616 2402 1689 gentilium
2430 1617 2825 1686 superstitione
2856 1624 3025 1686 atque
3055 1612 3406 1684 improbitate
3439 1625 3568 1668 cor-

1981 1709 2151 1780 rupit.
2185 1708 2254 1762 Et
2284 1723 2598 1779 quanquam
2637 1707 2745 1762 alia
2778 1693 3039 1778 pleraque
3077 1706 3220 1762 idem
3275 1720 3554 1777 argumen-

1981 1805 2100 1855 tum
2132 1798 2443 1855 bietbodins
2472 1798 2566 1854 ille
2595 1797 2681 1852 vir
2711 1802 2961 1869 apprime
3002 1797 3199 1852 doctus
3236 1798 3570 1853 acerrimus-

1981 1904 2090 1961 que
2135 1889 2386 1945 veritatis
2432 1896 2702 1959 patronus
2748 1889 2803 1943 in
2833 1888 3025 1944 eodem
3052 1889 3197 1943 libro
3245 1887 3566 1957 disputarit,

292 1978 552 2051 ἀληθείας
585 1982 980 2052 ἀγωνισαμένῳ
1032 1982 1302 2054 εἰρημένα
1350 1983 1566 2053 εἴρηται
1588 2022 1605 2048 ,
1657 1984 1880 2049 πάντως
1909 1983 1955 2039 8
1980 1981 2212 2037 totidem
2234 1979 2370 2048 lere,
2396 1987 2535 2050 quot
2567 1994 2598 2033 a
2636 1978 2800 2034 nobis
2824 1979 3070 2049 excerpti
3097 1985 3250 2042 sunt,
3289 1966 3563 2042 versibus,

295 2088 397 2125 που
424 2072 522 2126 καὶ
545 2072 653 2144 έπη
687 2073 923 2128 τοσαῦτα
956 2074 1069 2146 (47)
1101 2075 1267 2146 ἔτερα
1286 2091 1300 2106 ·
1343 2074 1461 2129 ἀλλ’
1492 2074 1683 2147 ἐπειδὴ
1716 2078 1889 2145 ἐπηγ.

293 2163 592 2236 γειλάμεθα
619 2165 743 2220 καθ’
769 2166 1008 2238 ἐκάστην
1034 2167 1246 2238 αἵρεσιν
1283 2166 1442 2236 ὀλίγα
1471 2168 1611 2239 πρὸς
1638 2167 1739 2238 τὴν
1777 2167 1881 2221 αύ-
1919 2176 1935 2184 ·

292 2254 390 2324 τῆς
439 2256 752 2329 ἀνατροπὴν
789 2257 972 2328 λέγειν
1005 2260 1101 2328 (οὐ
1139 2260 1250 2330 γάρ
1284 2262 1427 2317 εἰσιν
1469 2259 1723 2330 ὀλίγαι),
1773 2258 1882 2322 ἕως

292 2336 394 2396 ὧδε
443 2346 509 2398 ἐκ
535 2348 634 2414 τῆς
687 2347 854 2400 αὐτοῦ
901 2350 1284 2418 πραγματείας
1317 2351 1691 2423 παραθέμενοι
1720 2347 1882 2421 ἠρκέ-

293 2434 523 2505 σθημεν.
566 2435 755 2505 Ὀλίγα
802 2434 861 2489 δὲ
916 2438 1013 2490 καὶ
1062 2439 1219 2492 αὐτοὶ
1255 2441 1356 2509 τῆς
1406 2441 1565 2511 ήμῶν
1604 2439 1880 2509 πτωχείας

183 2562 194 2570 -
292 2525 373 2589 εἰς
396 2526 494 2598 τὴν
521 2525 694 2598 αὐτὴν
722 2527 819 2581 τοῦ
852 2527 1049 2602 ἀνδρὸς
1077 2531 1347 2603 φλυαρίαν
1374 2530 1457 2584 έτι
1497 2530 1875 2602 προσθέμενοι,

293 2617 721 2690 καταπαύσομεν
744 2620 835 2674 τὸν
878 2623 1001 2676 κατ’
1031 2622 1198 2677 αὐτοῦ
1230 2621 1446 2693 ἀγῶνα,
1475 2622 1556 2689 τῷ
1595 2622 1717 2693 Θεῷ
1743 2624 1881 2677 ἀπο-

291 2707 583 2774 δεδωκότες
620 2709 683 2765 τὸ
719 2709 974 2781 βραὸεἴον
1001 2711 1081 2783 τῷ
1122 2711 1387 2783 νικοποιῷ
1408 2752 1423 2778 ,
1463 2713 1559 2766 καὶ
1583 2712 1684 2783 τὴν
1712 2709 1878 2765 αὑτοῦ

303 2800 629 2873 Ἐκκλησίαν
688 2805 757 2874 τῇ
821 2803 928 2875 ίδία
980 2803 1146 2859 αὐτοῦ
1204 2803 1583 2876 φιλανθρωπίᾳ
1644 2803 1878 2857 πάντοτε

292 2891 598 2964 στέμμασιν
656 2894 1049 2965 ἀμαραντίνοις
1111 2894 1582 2965 κατακοσμοῦντι,
1625 2896 1738 2956 τοῖς
1776 2893 1877 2964 τῆς

293 2983 554 3056 ἀληθείας
602 2986 976 3057 κηρύγμασιν.
1044 2985 1305 3057 Δέξωμεν
1346 2986 1531 3040 τοίνυν
1572 2984 1669 3039 καὶ
1721 2985 1878 3040 αὐτοὶ

290 3076 431 3146 πρὸς
464 3076 629 3130 αὐτὸν
666 3078 808 3130 κατὰ
844 3076 1096 3148 δύναμιν.

357 3167 613 3234 Φάσκεις,
646 3162 694 3222 ὦ
717 3162 893 3235 οὗτος,
924 3171 1001 3233 ὡς
1032 3169 1130 3223 καὶ
1170 3168 1284 3224 ἀνω
1319 3185 1411 3239 μοι
1449 3167 1873 3238 προδεδήλωται,

289 3260 812 3332 ἐπισκωμματίζων,
848 3263 932 3315 ὅτι
956 3261 1049 3334 Μὴ
1078 3261 1187 3334 ἀρα
1218 3260 1552 3334 βυρσοδέψης
1576 3256 1644 3331 ἦν
1668 3262 1697 3314 ὁ
1718 3261 1871 3324 Θεὸς,

1983 2072 2344 2128 nibilominus
2374 2085 2499 2125 cum
2531 2070 2584 2125 id
2626 2069 2787 2125 initio
2811 2069 3206 2139 receperimus,
3231 2068 3289 2122 in
3317 2081 3567 2138 unaqua-

1983 2179 2092 2234 que
2117 2162 2406 2218 tractanda
2452 2160 2648 2217 baeresi
2679 2174 2856 2231 pauca
2899 2175 3004 2215 nos
3037 2158 3106 2213 ad
3136 2158 3259 2229 ejus
3308 2156 3568 2213 confuta-

1983 2259 2185 2313 tionem
2226 2270 2354 2311 esse
2382 2255 2631 2310 dicturos
2669 2254 2824 2325 (sunt
2865 2253 3016 2309 enim
3049 2266 3281 2316 numero
3313 2250 3566 2321 complu-

1982 2350 2118 2413 res),
2152 2345 2290 2402 satis
2328 2360 2454 2401 esse
2488 2342 2749 2400 duximus
2792 2346 3076 2415 bucusque
3104 2358 3174 2398 ex
3207 2342 3356 2398 illius
3401 2356 3572 2413 opere

1984 2438 2359 2494 transtulisse.
2396 2437 2581 2504 Quare
2604 2436 2694 2491 ubi
2729 2435 2996 2492 adversus
3032 2435 3277 2492 bominis
3311 2433 3568 2491 incondi-

1981 2537 2094 2585 tam
2121 2530 2510 2601 loquacitatem
2551 2527 2818 2583 nonnulla
2863 2528 3044 2583 adbuc
3071 2543 3136 2582 ex
3165 2526 3347 2597 inopia
3381 2538 3569 2582 nostra

1981 2620 2507 2692 deprompserimus,
2547 2618 2826 2690 pugnandi
2856 2617 3121 2673 adversus
3155 2618 3308 2673 illum
3344 2617 3570 2673 modum

1979 2710 2279 2778 faciemus3
2313 2719 2606 2782 postquam
2646 2710 2862 2764 auctori
2899 2710 3144 2765 victorize
3182 2708 3293 2764 Deo
3322 2709 3568 2764 victorin

1979 2802 2264 2871 praemium
2298 2815 2366 2856 ac
2392 2802 2563 2858 decus
2602 2802 2992 2870 obtulerimus,
3026 2803 3125 2873 qui
3167 2817 3268 2872 pro
3299 2801 3570 2872 singulari

1979 2891 2323 2947 humanitate
2349 2907 2450 2948 sua
2480 2892 2844 2947 amarantinis
2885 2902 3151 2964 perpetuo
3175 2893 3421 2956 coronis,
3463 2891 3569 2948 boc

1977 2992 2065 3040 est
2098 2984 2351 3040 veritatis
2389 2984 2760 3055 dogmatibus,
2787 2984 3093 3040 Ecclesiam
3132 2993 3380 3040 exornat.
3415 2982 3572 3041 Nune

1977 3091 2107 3148 ergo
2140 3075 2408 3133 adversus
2437 3075 2690 3133 eumdem
2724 3091 2824 3145 pro
2848 3076 3056 3132 viribus
3085 3076 3450 3146 disputemus.

2048 3167 2131 3223 Tu
2152 3169 2341 3239 igitur,
2381 3169 2458 3223 mi
2507 3168 2693 3232 bomo,
2730 3182 2828 3239 per
2859 3167 3047 3237 iocum
3090 3168 3207 3223 baec
3236 3168 3400 3227 nobis
3438 3168 3574 3240 obji-

1978 3260 2081 3325 cis,
2113 3269 2172 3314 ut
2198 3260 2359 3316 initio
2387 3260 2761 3324 meminimus,
2792 3266 3111 3314 utrumnam
3147 3261 3313 3331 peilio
3345 3261 3570 3334 quidam

291 3350 377 3405 ἵνα
409 3352 641 3423 χιτῶνας
671 3352 1031 3424 δερματίνους
1076 3356 1188 3417 τοίς
1221 3355 1353 3425 περὶ
1379 3352 1471 3405 τὸν
1517 3352 1690 3422 Ἀδὰμ
1718 3353 1876 3422 ποιή·
1900 3325 1946 3384 c
1980 3351 2124 3409 Deus
2141 3362 2309 3418 esset,
2345 3361 2404 3408 ut
2431 3364 2676 3410 scorteas
2706 3351 2923 3409 tunicas
2947 3352 3158 3408 Adamo
3184 3354 3415 3424 ejusque
3437 3368 3573 3408 con·

291 3461 381 3516 σῃ,
420 3444 647 3515 μηδέπω
674 3443 829 3508 ζώων
854 3444 1201 3517 τεθυμένων;
1225 3447 1289 3499 Εἰ
1324 3446 1383 3499 δὲ
1422 3446 1518 3499 καὶ
1542 3444 1710 3515 ἐτύθη
1736 3444 1874 3509 ζῶα,

288 3539 389 3592 ούκ
419 3533 581 3610 ἦσαν,
614 3541 767 3610 φησὶ,
799 3540 1029 3610 χιτῶνες
1059 3539 1396 3611 δερμάτινοι,
1428 3537 1567 3591 ἀλλά
1593 3538 1654 3590 τὸ
1685 3539 1877 3607 γήϊνον

288 3630 316 3683 ὃ
353 3630 712 3702 περικείμεθα
754 3632 934 3696 σῶμα.
976 3629 1089 3679 Καὶ
1118 3627 1453 3694 πανταχόθεν
1491 3627 1773 3697 ἐλέγχεται
1808 3630 1876 3701 τῇ

288 3723 384 3776 τοῦ
405 3720 652 3772 διαθολου
680 3716 892 3783 ἐπινοίᾳ
918 3714 1014 3767 καὶ
1030 3715 1098 3784 τῇ
1129 3713 1222 3767 τοῦ
1239 3714 1415 3785 ὄφεως
1444 3717 1709 3790 δολιὰιητι
1739 3736 1881 3791 παρ·

292 3802 626 3870 ακολουθῶν,
657 3803 862 3876 φθορὰν
891 3802 1152 3868 ἀπιστίας
1202 3807 1270 3878 τῇ
1306 3806 1683 3881 άνθρωπύτητι
1708 3811 1878 3883 ἐργα-

295 3897 540 3968 ζόμενος,
584 3897 681 3951 καὶ
719 3898 821 3970 τὴν
851 3896 1000 3951 Εὔαν
1038 3897 1503 3972 ἐξαπατήσαντος,
1544 3902 1638 3955 καὶ
1669 3904 1756 3956 ἀεὶ
1778 3902 1880 3968 τάς

293 3991 531 4055 διανοίας
552 3989 660 4045 τῶν
689 3992 964 4065 ἀκεραίων
995 3991 1185 4063 ψυχῶν
1213 3994 1280 4064 τῇ
1318 3994 1627 4066 πανουργίᾳ
1667 3996 1725 4049 ἐν
1759 3997 1880 4059 ταῖς

293 4083 472 4138 αὐτῶν
507 4082 768 4147 διανοίαις
800 4083 1302 4156 παραφθείραντος.
1337 4085 1567 4157 Ἴδωμεν
1599 4087 1800 4151 τοίνυν,
1828 4088 1879 4141 εί

292 4176 514 4230 δύναται
540 4175 608 4229 τά
641 4176 746 4229 ὑπὸ
776 4176 871 4231 σοῦ
901 4176 1170 4249 εἰρημένα
1200 4176 1346 4247 ἔχειν
1372 4178 1586 4243 στάσιν,
1613 4178 1725 4242 ὡς’
1755 4194 1882 4232 τοσ·

294 4267 435 4323 αὔτα
469 4268 767 4339 μοχθήσας,
803 4268 899 4322 καὶ
923 4271 1003 4333 εἰς
1032 4270 1210 4340 μάτην
1240 4270 1440 4333 ἐλάσας
1472 4270 1565 4324 τὸν
1599 4273 1729 4343 περὶ
1754 4286 1880 4324 τοσ-

293 4361 465 4416 ούτων
492 4361 688 4431 βίόλων
712 4362 1036 4432 συγγραφῆς
1058 4360 1265 4430 ἀγῶνα.
1296 4363 1360 4417 Εἰ
1383 4364 1491 4435 γάρ
1510 4365 1659 4417 ἐστιν
1678 4363 1881 4434 ἀληθὲς

294 4455 324 4509 ὃ
366 4453 496 4526 περὶ
543 4454 636 4508 σοῦ
683 4453 869 4526 ᾄδεται
910 4453 1047 4525 (48),
1097 4454 1179 4507 ὅτι
1219 4454 1619 4525 ἑξακισχιλίους
1664 4456 1880 4526 βίὸλους

298 4545 639 4616 συνεγράψω,
679 4539 725 4599 ὦ
766 4544 1119 4615 ματαιοπόνε,
1151 4546 1247 4600 καὶ
1289 4547 1381 4599 τὸν
1417 4547 1595 4600 πάντα
1631 4548 1880 4618 κάματον

1975 3446 2093 3517 jugi
2141 3445 2368 3511 faceret,
2405 3460 2533 3500 cum
2588 3445 2799 3500 nullum
2841 3442 3020 3500 adbuc
3066 3444 3374 3515 jugulatum
3423 3448 3571 3497 essct

1980 3534 2226 3588 animal?
2272 3536 2349 3589 Ac
2401 3536 2621 3589 tametsi
2672 3540 2908 3588 mactata
2959 3551 3083 3591 esse
3124 3533 3319 3593 demus
3364 3533 3569 3609 aliqua,

1979 3636 2090 3678 non
2119 3629 2323 3686 tamen,
2356 3623 2553 3692 inquit,
2586 3622 2656 3677 de
2687 3621 2931 3691 pelliceis
2956 3624 3182 3688 tunicis,
3227 3626 3324 3681 sed
3355 3626 3424 3683 de
3455 3636 3571 3683 tcr·

1980 3730 2136 3779 reno,
2177 3714 2326 3786 quod
2362 3730 2467 3770 nos
2496 3714 2688 3781 ambit,
2721 3729 2952 3783 corpore
2980 3715 3302 3786 accipienda
3337 3719 3454 3772 haec
3487 3720 3569 3773 vi-

1980 3808 2200 3865 dentur.
2239 3807 2299 3863 ln
2326 3822 2441 3879 quo
2469 3807 2618 3863 omni
2660 3822 2729 3862 ex
2773 3815 2930 3877 parte
2974 3807 3178 3863 diaboli
3217 3807 3463 3863 fraudem
3506 3824 3572 3866 ac

1982 3903 2256 3973 serpentis
2281 3901 2635 3957 calliditatem
2662 3900 2865 3954 imitari
2892 3900 3264 3964 convincitur,
3300 3909 3466 3970 atque
3495 3901 3569 3956 ita

1982 3994 2226 4048 humano
2248 3992 2436 4064 generi
2455 3992 2794 4048 infidelitatis
2809 3992 3178 4062 corruptelam
3198 3993 3568 4051 consciscere.

1981 4082 2455 4151 Quemadmodum
2482 4090 2538 4138 et
2570 4084 2737 4138 Evam
2763 4090 2926 4138 antea
2957 4097 3186 4153 serpens
3218 4082 3308 4137 ille
3329 4082 3567 4154 decepit,

1983 4192 2047 4233 ac
2077 4177 2477 4248 simpliciorum
2512 4176 2796 4231 bominum
2824 4175 3038 4231 animos
3077 4176 3321 4231 versutia
3363 4191 3462 4231 sua
3506 4190 3572 4233 ac

1982 4269 2292 4325 calliditate
2337 4269 2623 4341 pervertit.
2653 4267 2952 4323 Videamus
2994 4267 3164 4338 igitur
3199 4276 3383 4323 utrum
3423 4279 3573 4326 stare

1983 4376 2106 4433 quae
2134 4369 2265 4417 sunt
2294 4376 2326 4415 a
2356 4369 2410 4416 te
2437 4360 2584 4415 dicta
2619 4360 2851 4431 possint,
2881 4375 3008 4415 cum
3038 4367 3324 4430 tantopere
3351 4342 3574 4417 labora-

1982 4454 2080 4515 ris.
2126 4468 2191 4506 ac
2234 4452 2440 4507 frustra
2483 4461 2594 4506 tam
2644 4451 2875 4507 infinitis
2910 4451 3282 4507 voluminibus
3330 4453 3573 4510 conscri-

1984 4544 2180 4600 bendis
2221 4544 2498 4616 quoddam
2549 4546 2649 4600 tibi
2687 4555 2965 4600 certamen
3003 4545 3286 4601 indixeris.
3323 4545 3380 4601 Si
3423 4547 3571 4603 enim

297 4639 378 4700 εἰς
412 4637 615 4707 ψόγους
661 4638 755 4690 καὶ
797 4638 984 4700 δόλους
1027 4639 1388 4721 ματαιότητος
1426 4635 1712 4702 ἀναλώσας
1745 4656 1877 4707 σφο-
1908 4652 2175 4718 Dverum
2216 4643 2322 4701 est,
2369 4636 2519 4707 quod
2568 4636 2638 4692 de
2683 4647 2737 4692 te
2779 4638 3112 4707 percrebuit,
3157 4652 3252 4693 sex
3305 4638 3571 4694 librorum

295 4727 438 4799 δρῶς
473 4728 566 4780 καὶ
606 4727 782 4790 κενῶς
812 4727 910 4798 τὴν
951 4726 1051 4799 σήν
1084 4727 1350 4797 ἐργασίαν
1395 4728 1762 4799 καταστήσας,
1792 4728 1882 4782 διά
1991 4729 2163 4785 millia
2196 4744 2227 4783 a
2281 4739 2332 4784 te
2365 4744 2487 4785 esse
2527 4729 2865 4801 conscripta,
2906 4744 2941 4785 o
2976 4729 3194 4797 infelix,
3233 4734 3326 4803 qui
3368 4733 3574 4790 inanis-

297 4816 405 4869 τῶν
447 4816 760 4884 ἀναγκαίων
811 4808 886 4869 ὧν
932 4815 1345 4887 παρεχάραξας,
1403 4817 1723 4872 ἀνέλπιστον
1781 4818 1882 4889 τῆς

299 4909 570 4982 ἐμπορίας
601 4926 694 4964 σου
724 4910 817 4963 τὸν
849 4909 1094 4980 κάματον
1124 4910 1515 4982 περιεποιήσω.
1553 4911 1615 4963 Εἰ
1645 4910 1752 4982 γὰρ
1778 4912 1881 4965 οὐκ

298 5001 582 5055 ἀνίσταται
631 4993 695 5053 τὸ
732 4999 913 5072 σῶμα,
956 5001 1078 5055 οὐδὲ
1123 5003 1156 5073 ή
1193 5001 1338 5073 ψυχή
1373 5018 1426 5055 τι
1455 5002 1876 5074 κληρονομήσει.

296 5094 414 5150 Μία
442 5093 551 5166 γὰρ
580 5094 675 5146 καὶ
713 5094 745 5166 η
775 5093 915 5164 αὐτὴ
956 5092 1210 5147 κοινωνία
1254 5092 1349 5146 τοῦ
1390 5109 1450 5146 τε
1484 5092 1736 5163 σώματος
1782 5092 1879 5148 καὶ

297 5188 397 5258 τῆς
428 5185 629 5257 ψυχῆς,
675 5186 769 5238 καὶ
813 5183 912 5256 μία
947 5184 1197 5256 ἐργασία.
1242 5183 1564 5239 ’Δνάστασιν
1593 5184 1650 5237 δὲ
1677 5184 1879 5256 παλιμ-

374 5339 390 5371 ¹
424 5336 488 5397 F.
516 5340 617 5414 τὴν
642 5337 807 5394 αὑτοῦ
829 5339 1163 5410 ἀνατροπὴν.
1239 5341 1261 5372 ¹
1292 5335 1356 5393 F.
1399 5332 1465 5393 ὦ.

377 5492 489 5563 (AR)
528 5494 663 5549 Ὑπὸ
693 5496 800 5551 τοῦ
816 5494 1149 5565 μακαρίτου
1176 5495 1488 5551 Μεθοδίου.
1515 5496 1741 5554 Notabis
1768 5497 1880 5554 Me-

305 5562 550 5616 lltotlinm
583 5565 689 5615 alio
716 5569 937 5620 nomine
974 5568 1044 5619 di«
1066 5576 1177 5618 tum
1215 5565 1528 5621 Eubulium.

376 5632 489 5703 (47)
526 5632 770 5699 Πάντως
799 5651 918 5687 που
963 5640 1058 5691 καὶ
1096 5636 1209 5703 ἔπη
1250 5636 1535 5693 τοσαῦτα.
1565 5638 1721 5708 ,Ἔπη
1753 5644 1883 5692 sunt

308 5705 490 5764 verba,
523 5719 631 5756 non
660 5719 874 5759 versus.
1410 5741 1414 5744 -

375 5773 489 5841 (⁴8)
522 5775 591 5826 El
613 5772 721 5841 γάρ
741 5774 913 5827 ἐστιν
932 5773 1155 5838 ἀληθὲς
1174 5770 1206 5826 ὃ
1223 5774 1353 5843 περὶ
1377 5776 1491 5829 σοῦ
1513 5775 1733 5844 ᾄδεται.
1780 5775 1878 5833 llic

306 5842 395 5897 ille
448 5843 601 5895 locus
635 5849 739 5903 est,
774 5857 841 5898 ex
873 5859 984 5914 quo
1026 5843 1257 5899 Rutinus
1285 5845 1535 5915 origenis
1574 5847 1877 5911 adamator‚

307 5921 362 5967 et
385 5911 453 5967 ab
486 5910 817 5983 llieronymo
856 5922 1018 5985 atque
1042 5913 1345 5984 Epiphanio
1364 5916 1433 5970 ob
1462 5915 1516 5971 id
1542 5916 1772 5985 alienus,
1794 5933 1878 5974 as·

1990 4823 2128 4877 sime
2155 4822 2471 4887 desudat-is,
2505 4837 2570 4877 ac
2591 4831 2826 4879 conatus
2848 4831 2975 4879 tuos
3006 4839 3200 4882 omnes
3225 4833 3376 4882 tanta
3400 4828 3571 4884 animi

1988 4915 2343 4970 contentione
2399 4914 2454 4969 in
2483 4914 2916 4985 vituperationes
2970 4931 3036 4971 ae
3062 4919 3391 4975 vanissimas
3423 4918 3573 4975 l'rau·

1986 5004 2084 5061 des
2109 5006 2490 5077 insumpseris,
2528 5022 2755 5078 operam
2786 5008 3021 5081 denique
3055 5018 3204 5065 tuam
3232 5010 3439 5067 frustra
3473 5027 3572 5083 po·-

1987 5099 2190 5163 sueris,
2227 5099 2487 5154 nimirum
2518 5100 2813 5171 praecipuis
2845 5102 2955 5157 iliis
2988 5118 3053 5157 ac
3088 5104 3420 5159 necessariis
3449 5104 3569 5160 lidei

1986 5188 2259 5259 capitibus
2306 5190 2695 5262 depravandis.
2745 5192 3095 5264 desperatum
3157 5208 3221 5247 ac
3256 5192 3437 5252 tructu
3477 5212 3572 5254 ca-

1982 5499 2202 5554 serebat
2230 5497 2852 5574 EpiphaninmJactasse
2879 5513 2975 5555 sex
3009 5498 3272 5555 librorum
3297 5505 3461 5558 millia
3494 5504 3565 5559 ab

1980 5568 2215 5639 Origene
2246 5572 2558 5639 conscripta
2587 5585 2646 5625 se
2675 5569 2895 5639 legisse.
2925 5569 3079 5635 Quod
3114 5573 3464 5642 nugacissimi
3495 5587 3562 5628 ae

1978 5639 2264 5694 vanissimi
2329 5640 2569 5694 bominis
2621 5647 2992 5694 commentum
3047 5640 3246 5697 refellit
3294 5643 3494 5698 Hieron
3533 5669 3563 5684 -

1979 5724 2104 5765 mus
2137 5709 2294 5775 Apol.
2330 5726 2367 5764 n
2401 5710 2456 5764 in
2486 5709 2760 5765 eumdem.
2793 5708 3078 5779 Nusquam
3108 5714 3254 5769 enim
3287 5721 3383 5768 aut
3411 5716 3483 5767 dc
3498 5658 3564 5766 {i-

1978 5778 2201 5834 brorum
2240 5794 2471 5834 numero
2507 5778 2793 5833 affirmavit
2824 5780 2867 5835 E
2908 5782 3183 5851 ἰρὴιιιιίιιε,
3216 5794 3303 5836 aut
3335 5783 3557 5837 totidem

1977 5864 2008 5902 a
2038 5865 2099 5905 se
2137 5850 2311 5904 lectos
2338 5848 2708 5905 confirmavit.
2765 5850 2867 5904 Ad«
2893 5852 2932 5906 it
2960 5850 3178 5908 llieron.
3211 5851 3281 5910 de
3304 5852 3559 5925 origenis

1976 5917 2196 5992 scriptis
2227 5918 2442 5976 Eusebii
2476 5919 2874 5981 testimonium.
