3850 6517
229 376 333 439 ¹63

944 377 1290 438 emmanu
1329 334 1779 437 nescim-ruit
1826 379 1916 435 An
1958 378 2264 436 Acinetum
2310 378 2396 433 ετ
2439 376 2752 438 nautum.

3363 388 3469 447 ¹⁶6

204 496 531 571 ειρημένων.
573 495 953 560 Πεπουζιανοὶ.
983 495 1077 550 καὶ
1101 495 1524 559 Κοῖντιλλιανοὶ,
1551 488 1634 558 οἷς
1662 510 1786 547 συν·
1818 499 1860 554 Α
1888 494 1982 562 qui
2011 501 2065 546 et
2091 494 2368 556 lleleesaei‚
2399 492 2782 559 Theodotiani,
2814 493 3314 566 Melchisedeciani,
3343 502 3472 561 Bar-

205 594 462 649 ἀπτονται
498 589 890 659 Ἀοτοτυρῐται.
926 584 1604 658 Τεσσαρεσκαιδεκατῖται,
1642 586 1692 638 οί
1718 583 1780 637 τὸ

205 683 395 753 Πάσχα
421 681 550 746 μίαν
579 678 789 751 ἡμέραν
808 676 903 731 τοῦ
927 675 1081 741 ἔτους
1114 676 1395 740 ποιοῦντες
1413 693 1429 707 ·
1461 675 1699 744 Ἀλογοι,
1730 674 1779 728 ol

202 771 263 826 τὸ
282 770 610 840 Εὑαγγέλιον
647 769 896 823 Ἰωάννου
919 768 1017 822 καὶ
1047 766 1145 838 τὴν
1185 765 1554 836 Ἀποκάλυψιν
1594 767 1669 838 μὴ
1695 764 1773 819 δε·

202 860 450 930 χόμενει·
512 857 846 928 Ἀδαμιανοὶ,
897 855 1190 927 Σαμψαῑοι,
1233 857 1282 908 οι
1315 856 1410 908 καὶ
1457 853 1780 917 Ἐλκεσαῖοι,

201 949 561 1011 Θεοδοσιανοὶ,
596 947 1093 1021 Μελχισεδεκιανοὶ,
1143 946 1621 1018 Βαρδησιανισταὶ,
1646 945 1783 1015 Νοη-

201 1039 395 1106 τιανοὶ,
411 1039 719 1111 Οὐαλήσιοι,
734 1038 1004 1112 Καθαροὶ,
1033 1037 1358 1108 Ἀγγελικοὶ,
1386 1035 1780 1102 ῘΑποστολικοὶ,

202 1134 253 1185 ol
295 1131 390 1185 καὶ
426 1130 826 1196 Ἀποτακτικοὶ,
860 1126 942 1195 οἷς
992 1129 1354 1183 συνάπτονται
1384 1131 1432 1182 οἱ
1459 1126 1784 1198 καλούμενοι

205 1221 540 1292 Σακκοφόροι
557 1236 572 1249 ·
595 1219 964 1280 Σαόελλιανοὶ,
992 1217 1343 1290 Ὦριγενιανοὶ
1358 1218 1408 1271 oi
1422 1212 1782 1286 αἰσχροποιοὶ,

215 1314 568 1385 Ὦριγενιανοι
593 1313 644 1364 ol
678 1311 769 1365 τοῦ
808 1310 1189 1382 Ἀδαμαντίου.
1235 1311 1327 1364 Ἐν
1353 1309 1410 1362 δὲ
1444 1308 1522 1379 τῷ
1545 1305 1784 1377 δευτέρῳ

203 1405 354 1477 τόμῳ
391 1404 483 1459 τοῦ
525 1403 691 1457 αὐτοῦ
737 1403 993 1476 δευτέρου
1027 1402 1253 1474 βιὸλίου,
1289 1401 1520 1472 πέμπτῳ
1566 1416 1626 1453 τε
1668 1398 1784 1452 ὄντι

203 1498 295 1550 τὸν
316 1494 549 1567 ἀριθμὸν
575 1496 665 1549 τὸν
683 1494 1101 1567 προειρημένον,
1124 1494 1365 1567 αἱρέσεις
1385 1493 1567 1555 πέντε,
1585 1490 1778 1554 οῦτως·

205 1586 612 1647 Παυλιανισταὶ,
640 1588 952 1657 Μανιχαίοι,
979 1588 1029 1641 οἱ
1054 1587 1150 1640 καὶ
1210 1586 1575 1650 ’Λκουανίται,
1615 1583 1785 1656 Ἱερα-

204 1683 378 1745 κῑται,
413 1678 760 1741 Μελετιανοὶ,
802 1678 1008 1749 σχίσμα
1053 1678 1111 1730 ἐν
1147 1661 1456 1746 Αίγύπτῳ,”
1498 1672 1783 1745 Ἀρειανοί.

203 1771 352 1842 Λῦτη
379 1771 474 1824 καὶ
510 1772 543 1841 ἡ
578 1769 673 1823 τοῦ
715 1770 970 1840 δευτέρου
1003 1767 1210 1840 βιδλίου
1245 1767 1353 1820 τῶν
1381 1762 1562 1836 τόμων
1589 1765 1788 1818 ἀνακε-

1886 583 2231 648 ἀεείιιηίειιιε,
2279 582 2563 650 Noetiani,
2611 584 2837 654 valesii,
2896 588 3145 648 Catliari.
3202 591 3470 665 Angelici‚

1887 675 2209 745 Apostolici‚
2258 675 2351 746 qui
2407 677 2571 730 etiam
2630 675 2957 747 Apotactici‚
3005 683 3208 754 quibus
3268 687 3471 743 annexi
3518 702 3526 709 ·

1888 775 2018 824 sunt
2062 764 2416 838 Saceopbori‚
2468 765 2790 833 Sabelliani,
2834 769 3155 840 origenistae
3206 775 3474 835 soeditatis

1852 924 1867 934 ³
1889 866 2166 928 auctores,
2195 859 2517 931 origenistae
2547 860 2614 915 ab
2650 859 2883 933 Origene
2920 862 3265 925 Adamanlio.
3295 868 3358 924 ln
3389 884 3473 926 se·

1890 950 2068 1004 cundo
2110 957 2290 1006 autem
2327 958 2473 1005 tomo
2515 950 2760 1021 ejusdem
2808 952 2954 1019 libri,
3008 957 3102 1026 qui
3151 959 3334 1029 priore
3383 959 3474 1016 illa

1889 1041 2215 1097 numerandi
2268 1042 2481 1099 ratione
2523 1043 2755 1115 quintus
2790 1053 2906 1110 est,
2956 1046 3193 1104 haereses
3234 1050 3476 1122 quinque

1890 1140 2022 1191 sunt
2051 1151 2066 1189 z
2105 1130 2259 1188 Pauli
2287 1132 2716 1204 Samosatensis,
2746 1135 3052 1204 Manichaei,
3084 1138 3177 1210 qui
3215 1148 3270 1196 et
3306 1141 3476 1197 Acua-

1889 1225 2039 1290 nitae‚
2067 1218 2383 1290 meracitat,
2414 1225 2688 1283 meletiani
2708 1268 2724 1294 ,
2754 1230 2850 1300 qui
2885 1229 2942 1285 in
2970 1229 3209 1303 AEgypto
3236 1232 3482 1289 schisma

1892 1312 2170 1380 recerunt3
2203 1314 2414 1371 Ariani.
2452 1315 2632 1387 Atque
2670 1317 2787 1374 haec
2822 1327 2909 1376 est
2946 1305 3218 1377 tomoru⁰m
3244 1322 3373 1379 libri
3399 1337 3477 1380 se·

1890 1404 2058 1459 cundi
2086 1417 2322 1460 summa.
2364 1394 2706 1462 Similiter'et
2740 1407 2796 1462 in
2832 1410 2994 1464 tertio
3031 1410 3173 1465 libro
3207 1412 3337 1467 tomi
3367 1411 3480 1468 duo

1891 1500 2039 1548 sunt.
2080 1491 2138 1548 ln
2172 1492 2350 1564 primo
2404 1499 2555 1548 tomo
2591 1495 2741 1550 tertii
2783 1494 2934 1560 libri,
2970 1503 3127 1553 sexto
3167 1506 3349 1552 autem
3390 1511 3479 1562 eo.

1892 1599 2054 1653 quem
2088 1582 2330 1639 diximus
2354 1583 2583 1653 ordine,
2618 1585 2854 1642 haereses
2886 1601 2983 1651 vu.
3018 1596 3151 1645 sunt
3178 1605 3193 1645 ι
3225 1587 3485 1657 Αυᾱὶειιί,

1892 1673 2229 1738 Pliotiniani.
2275 1674 2633 1740 Marcelliani,
2674 1674 3022 1743 Semiariani‚
3065 1677 3483 1736 Pneumatoma·

1893 1766 2007 1828 clii,
2052 1767 2145 1838 qui
2194 1765 2424 1837 Spiritui
2477 1775 2671 1823 sancto
2720 1768 3112 1826 contumeliose
3164 1770 3480 1837 detrabunt,

204 1859 524 1928 φαλαίωσις.
567 1861 798 1932 Ὀμοίως
815 1862 909 1914 καὶ
923 1862 982 1913 ἀν
1004 1859 1084 1932 τῷ
1102 1859 1270 1931 τρίτω
1289 1857 1477 1929 βιὸλίῳ
1502 1857 1606 1910 εἰσὶ
1631 1857 1787 1926 τόμοι
1821 1860 1860 1914 Β
1889 1858 2130 1921 Aet-iani,
2167 1857 2404 1924 Aeliani,
2430 1858 2499 1913 ab
2520 1858 2678 1914 Aetio
2705 1858 3009 1928 Anomoe03
3039 1861 3242 1933 quibus
3261 1861 3480 1918 accedit

204 1952 316 2006 δύο.
383 1952 471 2006 Ἐν
515 1953 612 2023 μὲν
653 1952 730 2022 τῷ
771 1951 971 2025 πρώτῳ
1003 1951 1156 2023 τόμῳ
1196 1950 1291 2005 τοῦ
1337 1950 1521 2023 τρίτου
1561 1947 1789 2020 βιῦλίου,

203 2043 360 2097 ἕκτου
386 2043 441 2097 δὲ
462 2045 629 2114 τόμου
664 2044 783 2097 καθ’
814 2043 874 2097 ὃν
895 2041 1129 2116 ἀριθμὸν
1153 2043 1511 2114 προείπομεν,
1549 2040 1789 2113 αἱρέσεις

205 2133 360 2195 ἑπτὰ,
397 2132 570 2198 οὕτως
594 2149 608 2163 ·
662 2134 937 2198 Αῦδιανοὶ,
977 2133 1180 2205 σχίσμα
1217 2130 1390 2197 ὄντες,
1423 2129 1789 2194 Φωτεινιανοὶ,

206 2226 626 2299 Μαρκελλιανοὶ,
698 2225 1030 2298 Ἤμιάρειοι,
1088 2224 1566 2296 Πνευματομάχοι,
1626 2222 1676 2275 ol
1730 2220 1792 2275 τὸ

208 2319 428 2390 Πνεῦμα
453 2319 546 2372 τοῦ
573 2317 707 2372 Θεοῦ
733 2318 795 2372 τὸ
820 2318 976 2388 ἅγιον
999 2317 1468 2390 βλασφημοῦντες,
1499 2312 1788 2385 Ἀεριανοὶ,

220 2410 503 2476 Ἀετιανοὶ,
546 2411 655 2465 ἀπὸ
704 2410 912 2465 Ἀετίου
959 2410 1057 2464 τοῦ
1099 2394 1400 2482 Ἀνομοίου,
1443 2401 1489 2476 ᾧ
1542 2404 1788 2478 συνὴφθη

216 2499 495 2569 Εὐνόμιος,
529 2503 558 2553 ὀ
593 2501 688 2554 καὶ
732 2501 1033 2571 Ἀνόμοιος,
1075 2502 1131 2555 ὲν
1172 2501 1229 2554 δὲ
1264 2500 1343 2572 τῷ
1363 2498 1598 2570 δευτέρῳ
1637 2497 1792 2568 τόμῳ

212 2586 307 2640 τοῦ
360 2587 526 2642 αὐτοῦ
565 2589 750 2660 τρίτου
795 2589 1006 2658 βιὸλίου
1030 2629 1045 2653 ,
1100 2589 1309 2660 ὲθδόμῳ
1358 2589 1416 2642 δὲ
1459 2589 1608 2658 τόμῳ
1652 2586 1788 2652 ὄντι,

211 2677 335 2731 καθ’
379 2678 445 2750 ἡν
501 2660 728 2748 εἴπομεν
770 2678 881 2731 τῶν
924 2678 1105 2748 τόμων
1157 2677 1250 2731 τοῦ
1303 2675 1538 2748 ἀριθμοῦ
1589 2675 1794 2747 διαίρε-

210 2784 315 2830 σιν,
363 2768 420 2830 ὃς
469 2771 588 2821 ἐστι
619 2769 786 2840 τόμος
817 2768 1068 2838 ἒὸδομος,
1096 2769 1190 2822 καὶ
1218 2768 1371 2831 τέλος
1404 2768 1506 2840 τῆς
1531 2783 1793 2839 πραγμα-

207 2857 376 2921 τείας,
422 2858 664 2929 αἱρέσεις
708 2858 994 2929 τέσσαρες,
1028 2857 1206 2911 οὕτω·
1261 2860 1589 2928 Διμοιρῖται,
1637 2859 1688 2910 οἱ
1715 2854 1792 2929 μὴ

206 2949 416 3004 τελείαν
447 2951 548 3022 τὴν
576 2949 813 3023 Χριστοῦ
847 2947 1259 3021 ἐνανθρώπησιν
1303 2947 1714 3019 ὁμολογοῦντες,
1739 2949 1790 3001 ol

208 3041 303 3097 καὶ
327 3040 747 3114 Ἀπολιναρῖται,
774 3043 826 3095 οἱ
847 3040 942 3096 καὶ
961 3039 1060 3112 τὴν
1092 3040 1255 3109 ἁγίαν
1278 3039 1378 3111 τὴν
1406 3039 1791 3110 Ἀειπάρθενον

210 3132 348 3206 μετὰ
373 3133 434 3188 τὸ
448 3134 540 3189 τὸν
560 3134 791 3206 Σωτῆρα
814 3133 1172 3204 γεγενηκέναι
1194 3130 1274 3202 τῷ
1299 3131 1497 3202 Ἰωσὴφ
1519 3129 1791 3200 συνῆφθαι

1887 1958 1943 2005 ει
1968 1949 2270 2006 Eunomius
2292 1949 2613 2007 Anomoeus.
2639 1949 2698 2006 ln
2723 1951 2969 2006 secundo
2997 1967 3127 2009 vero
3155 1961 3303 2008 tomo
3331 1954 3480 2024 eius·

1891 2041 2030 2110 dem
2058 2041 2203 2096 tertii
2247 2040 2393 2107 libri,
2438 2041 2673 2111 septimo
2716 2052 2897 2098 autem
2944 2057 3009 2097 ex
3055 2042 3326 2101 divisione
3365 2045 3484 2111 illa,

1892 2148 2057 2204 quam
2108 2131 2373 2198 diximus,
2433 2134 2637 2205 quique
2690 2133 2886 2204 Operis
2940 2135 3110 2190 totius
3167 2144 3486 2208 postremus
3563 2177 3568 2182 ›

1892 2232 1999 2289 est,
2051 2225 2291 2281 baereses
2343 2236 2582 2297 quatuor
2630 2233 2759 2282 sunt
2801 2245 2814 2282 :
2859 2225 3171 2294 Dimoeritae,
3230 2229 3326 2300 qui
3369 2245 3483 2285 non

1893 2316 2193 2385 perfectam
2243 2314 2447 2371 Christi
2493 2316 2927 2373 incarnationem
2975 2319 3330 2386 confitentur,
3385 2319 3482 2392 qui

1893 2406 2059 2461 etiam
2090 2405 2465 2476 Apollinaritae
2501 2407 2860 2461 nominantur
2890 2424 2905 2461 ε
2933 2415 3047 2463 tum
3103 2409 3481 2479 qui-sanctam

1894 2496 2116 2552 Mariam
2169 2512 2385 2567 sempor
2437 2498 2733 2566 virginem,
2784 2505 3073 2570 postquam
3141 2496 3485 2555 Salvatorem

1893 2585 2103 2656 genuit,
2135 2599 2260 2640 cum
2295 2583 2534 2656 Josepbo
2565 2587 2927 2644 consuevisse
2952 2587 3165 2651 dicunt,
3201 2604 3344 2659 quos
3373 2597 3482 2644 An-

1894 2674 2389 2732 tidicomarianitas
2450 2679 2801 2735 nominamus
2844 2695 2863 2736 ι
2905 2687 2960 2735 ει
3015 2679 3107 2750 qui
3173 2680 3226 2734 in
3284 2693 3485 2737 nomen

1892 2767 2142 2838 ejusdem
2189 2766 2374 2823 Mariae
2425 2768 2721 2840 collyridas
2770 2768 3025 2834 ossetunt,
3070 2772 3162 2842 qui
3215 2781 3484 2827 vocantur

1892 2858 2273 2930 Collyridiani.
2308 2857 2644 2914 Massaliani.
2674 2858 2886 2927 Quibus
2918 2861 3177 2933 adjuncta
3206 2872 3489 2933 postremo

1894 2954 1980 3002 est
2013 2946 2299 3002 catholicae
2372 2945 2497 3002 fidei
2542 2962 2607 3003 ac
2656 2949 2902 3004 veritatis
2946 2949 3354 3020 compendiaria
3389 2949 3486 3006 de·-

1896 3039 2091 3095 fensio.
2138 3039 2194 3093 ln
2240 3055 2346 3110 qua
2394 3047 2583 3096 sancta
2639 3040 2905 3097 catholica
2947 3053 3002 3098 et
3041 3039 3343 3112 apostolica
3384 3036 3488 3095 Ευ-

1902 3130 2072 3185 clcsia
2106 3131 2382 3186 consistit.

207 3225 471 3296 λέγοντες,
501 3226 597 3291 οὒς
624 3225 969 3297 ἐκαλέσαμεν
1006 3223 1601 3295 Ἀντιδικομαριανίτας
1625 3236 1642 3252 ·
1690 3222 1785 3275 καὶ
1820 3221 1870 3274 ol
1893 3223 1973 3286 είς
1997 3220 2170 3292 ὄνομα
2192 3222 2292 3293 τῆς
2313 3222 2486 3294 αὐτῆς
2541 3222 2761 3295 Μαρίας
2799 3221 3084 3294 κολλυρίδα
3143 3223 3486 3297 προσφέρον-

206 3339 316 3388 τες,
357 3324 551 3384 οἵτινες
577 3319 869 3375 καλοῦνται
907 3316 1335 3389 Κολλυριδιανοὶ,
1373 3313 1749 3368 Μασσαλιανοί
1768 3327 1783 3344 ·
1822 3312 1918 3366 καὶ
1950 3314 2079 3382 περὶ
2133 3314 2233 3384 τῆς
2276 3313 2443 3386 ὀρθῆς
2495 3314 2733 3380 πίστεως
2797 3316 2892 3370 καὶ
2923 3315 3179 3388 ἀληθείας
3221 3316 3490 3388 ἀπολογία

213 3415 328 3487 μετ’
357 3412 623 3482 ἐπιτομῆς
643 3410 739 3463 τοῦ
765 3410 949 3478 λόγου,
997 3409 1120 3480 ἥτις
1148 3409 1297 3462 ἐστὶν
1322 3408 1356 3479 ἠ
1381 3408 1514 3477 ἀγία
1533 3406 1796 3480 καθολικὴ
1835 3406 1931 3461 καὶ
1958 3406 2287 3479 ἀποστολικὴ
2330 3406 2646 3480 Ἐκκλησία.

278 3504 427 3576 Αῦτη
458 3504 493 3574 ἡ
537 3498 1013 3569 ἀνακεφαλαίωσις
1046 3498 1140 3554 καὶ
1173 3499 1457 3572 ἐπιγραφὴ
1485 3500 1586 3570 τῆς
1617 3498 1800 3569 πάσης
1827 3503 1873 3561 C
1977 3495 2262 3565 Ejusmodi
2309 3506 2395 3553 εει
2444 3512 2659 3554 summa
2706 3499 3148 3570 comprehensio,
3198 3514 3261 3556 ac
3315 3503 3487 3558 ιοιίιιε

209 3594 354 3651 κατὰ
391 3593 658 3668 αἱρέσεων
699 3591 1027 3663 ὀγδοήκοντα
1077 3591 1484 3664 πραγματείας,
1537 3590 1633 3645 καὶ
1691 3589 1793 3662 μία

210 3687 309 3759 τῆς
327 3685 468 3756 ὑπὲρ
488 3682 740 3754 ἀληθείας
754 3682 1050 3752 ἀπολογίας
1071 3681 1173 3752 τῆς
1200 3681 1387 3754 μόνης,
1418 3682 1671 3736 τουτέστι
1692 3681 1793 3753 τῆς

211 3777 507 3848 καθολικῆς
552 3774 645 3828 καὶ
687 3774 966 3847 ὀρθοδόξου
1020 3770 1369 3842 Ἐκκλησίας,
1405 3774 1463 3827 ὲν
1497 3772 1646 3844 τρισὶ
1693 3772 1792 3843 μὲν

216 3869 441 3940 βιὸλίοις
465 3867 843 3942 ὑποκειμένοις
876 3863 1307 3935 συντεταγμένη,
1350 3864 1408 3917 ὲν
1446 3864 1586 3918 έπτά
1624 3864 1681 3917 δὲ
1701 3865 1792 3919 τό·

219 3977 342 4034 μοις
362 3956 801 4031 διαιρεθεῖσα,τά
829 3955 886 4010 δὲ
915 3953 1124 4007 ἔνεστιν
1146 3953 1616 4023 ἀνακεφαλαίωσις
1645 3954 1794 4027 πρώ-

215 4069 312 4105 του
335 4049 502 4119 τόμου
531 4048 626 4102 τοῦ
656 4045 874 4120 πρώτου
903 4045 1131 4117 βιδλίου,
1161 4044 1254 4099 τοῦ
1288 4045 1427 4099 κατά
1451 4044 1558 4099 τῶν
1592 4046 1793 4100 εἴκοσιν

219 4141 485 4212 αἱρέσεων
505 4139 725 4212 ἐλέγχου
745 4139 916 4193 οῦτω·
949 4137 1166 4211 πρῶτον
1196 4136 1294 4209 μὲν
1317 4139 1373 4191 αἱ
1401 4137 1508 4193 τῶν
1523 4138 1792 4209 αἱρέσεων

222 4232 410 4288 πασῶν
436 4232 664 4306 μητέρες
692 4249 752 4286 τε
782 4233 875 4286 καὶ
905 4230 1251 4303 πρωτότυποι
1275 4230 1366 4284 καὶ
1392 4230 1700 4302 ὀνομασίαι,
1732 4229 1792 4296 ἐξ

216 4322 291 4382 ὧν
315 4327 547 4401 μητέρες
576 4326 734 4381 πέντε
767 4326 824 4379 αἱ
851 4324 1007 4380 ἄλλαι
1040 4323 1306 4396 ἐφύησαν,
1339 4323 1432 4378 καί
1464 4324 1601 4376 εἰσιν
1630 4314 1791 4376 αὗται

217 4422 429 4494 πρῶται
455 4421 743 4492 τέσσαρες.

285 4512 485 4584 Πρώτη
515 4510 918 4584 Βαρδαρισμὸς,
947 4511 1069 4582 ἥτις
1096 4511 1217 4564 καθ’
1245 4511 1442 4581 ἑαυτήν
1469 4510 1605 4573 ἐστι,
1639 4507 1791 4579 διαρ-

217 4605 426 4657 κέσασα
444 4604 538 4673 ἀφ’
561 4602 783 4674 ἡμερῶν
801 4602 894 4655 τοῦ
924 4602 1095 4672 Ἀδὰμ
1116 4603 1208 4655 ἐπὶ
1222 4602 1353 4655 δέκα
1368 4601 1559 4670 γενεὰς
1575 4601 1680 4664 ἕως
1697 4599 1790 4653 τοῦ

218 4695 359 4748 Νῶε.
401 4695 777 4767 Βαρῦαρισμὸς
795 4692 853 4747 δὲ
869 4692 1129 4762 κέκληται
1157 4693 1264 4746 ἀπὸ
1286 4692 1379 4746 τοῦ
1416 4691 1492 4764 μὴ
1517 4692 1645 4755 τοὺς
1669 4690 1790 4744 τότε

217 4784 540 4857 ἀνθρώπους
576 4784 817 4858 ἀρχηγόν
845 4800 970 4838 τινα
1007 4783 1172 4854 ἔχειν,
1219 4783 1252 4854 ἢ
1286 4783 1413 4854 μίαν
1445 4782 1786 4854 συμφωνίαν,

1898 3590 2082 3660 operis
2114 3589 2377 3646 adversus
2407 3589 2685 3661 octoginta
2730 3590 2967 3647 haereses
3010 3590 3318 3663 inscriptio,
3358 3607 3485 3650 cum

1898 3681 2059 3736 unica
2106 3695 2172 3736 ac
2215 3680 2479 3753 singulari
2533 3681 2853 3738 defensione
2908 3681 3179 3750 veritatis,
3235 3683 3340 3740 boc
3400 3693 3488 3741 est

1901 3771 2065 3828 unius
2094 3772 2375 3835 Ecclesiae,
2412 3783 2575 3843 atque
2607 3772 2914 3830 catholica.
2944 3771 3099 3840 Quod
3132 3789 3271 3845 opus
3302 3774 3487 3830 distri-

1900 3864 2090 3920 butum
2133 3863 2189 3919 in
2225 3872 2409 3936 partes
2450 3872 2583 3929 tres,
2623 3871 2803 3919 tomos
2842 3871 3050 3938 septem
3077 3865 3486 3937 complectitur.

1899 3954 2055 4010 Nunc
2099 3954 2259 4009 aliam
2296 3945 2560 4026 deinceps
2602 3953 2736 4010 tomi
2782 3954 2985 4026 prioris
3025 3955 3151 4012 libri
3185 3967 3483 4021 summam,

1899 4062 1965 4101 ac
2003 4047 2391 4118 compendium
2427 4046 2818 4115 ἰηειὶιιιεηιυε,
2850 4062 2963 4120 quo
2997 4047 3218 4119 quidem
3252 4048 3307 4103 in
3342 4046 3488 4103 libro

1898 4135 2090 4206 viginti
2127 4137 2365 4192 baereses
2398 4135 2772 4192 continentur.
2807 4133 2865 4190 ln
2896 4135 3091 4207 primis
3122 4139 3269 4195 enim
3305 4137 3484 4194 haere-

1899 4242 2033 4282 seon
2049 4227 2306 4281 omnium
2338 4235 2562 4292 matres,
2596 4241 2660 4282 ac
2703 4226 2980 4298 primariae
3014 4228 3427 4300 appellationes.
3451 4242 3486 4285 a

1897 4320 2099 4389 quibus
2125 4327 2337 4374 caeterae
2369 4318 2742 4387 dimanarunt,
2760 4327 2889 4375 sunt
2910 4319 3181 4391 ejusmodi
3224 4329 3481 4392 quatuor.

1968 4499 2186 4556 Primus
2241 4508 2325 4555 est
2374 4468 2794 4564 Barbarismus,
2842 4498 2935 4570 qui
2981 4514 3080 4572 per
3126 4498 3368 4570 seipsum
3415 4497 3489 4556 ab
3593 4556 3606 4567 ,

1897 4592 2108 4646 Adamo
2151 4589 2216 4645 ad
2253 4589 2442 4645 decem
2489 4590 2871 4661 generationes
2905 4597 2961 4646 et
3000 4587 3189 4644 Noemi
3239 4597 3486 4658 tempora

1896 4680 2288 4754 perseveravit.
2338 4678 2444 4747 Qui
2495 4679 2884 4737 Barbarismus
2933 4686 3217 4750 propterea
3258 4678 3481 4746 dicitur.

1895 4777 2039 4847 quod
2075 4772 2439 4831 vetustissimi
2473 4771 2553 4828 illi
2582 4770 2897 4827 mortalium
2921 4785 3099 4843 neque
3136 4777 3349 4826 certum
3388 4770 3486 4826 ali·

221 4878 336 4932 ἀλλ’
366 4879 448 4931 ὅτι
501 4877 607 4940 πᾶς
646 4894 730 4941 τις
769 4875 946 4948 ἐαυτῷ
978 4876 1234 4946 ὲστοίχει,
1272 4875 1366 4928 καὶ
1407 4875 1570 4946 νόμος
1613 4873 1791 4946 ἑαυτῷ
1826 4883 1867 4937 D
1895 4881 2059 4939 quem
2106 4873 2386 4921 auctorem
2424 4863 2720 4929 habebant,
2756 4878 2859 4920 nec
2898 4861 3042 4921 inter
3080 4876 3143 4920 se
3181 4860 3487 4918 consentie-

223 4969 362 5022 κατὰ
380 4968 478 5022 τὴν
519 4967 850 5040 προτίμησιν
887 4966 982 5022 τοῦ
1011 4967 1139 5022 ίδὶου
1171 4967 1504 5039 βουλήματος
1523 4967 1750 5035 ἐγίνετο.

295 5231 529 5303 Δευτέρα
554 5228 860 5302 Σκυθισμὸς
902 5227 1012 5283 απὸ
1044 5227 1151 5280 τῶν
1183 5226 1406 5299 ἡμέρων
1425 5225 1521 5281 τοῦ
1547 5225 1672 5280 Νῶε
1695 5224 1792 5280 καὶ

228 5325 519 5393 μετέπειτα
546 5323 785 5394 ἄχριτῆς
810 5319 904 5373 τοῦ
928 5319 1137 5392 πύργου
1160 5317 1471 5389 οἰκοδομῆς,
1501 5318 1596 5371 καὶ
1611 5316 1791 5371 Raou-

230 5414 411 5480 λῶνος,
454 5416 547 5468 καὶ
589 5414 727 5486 μετὰ
765 5413 855 5466 τὸν
883 5412 976 5466 τοῦ
1013 5413 1223 5484 πύργου
1249 5410 1440 5482 χρόνον
1466 5410 1559 5463 ἐπὶ
1591 5408 1792 5478 ὀλίγοις

230 5506 390 5571 ἔτεσι,
432 5505 674 5559 τουτέστι
705 5504 882 5557 Φαλὲκ
922 5503 1015 5556 καὶ
1052 5499 1306 5569 Ῥαγαοῦ,
1349 5499 1563 5562 οἵτινες,
1597 5499 1692 5553 ἐπὶ
1733 5497 1796 5551 τὸ

220 5596 326 5668 ,σῆς
365 5594 631 5668 Εὐρώπης
670 5595 838 5665 κλίμα
878 5592 1186 5653 νενευκότες
1216 5590 1292 5660 τῷ
1314 5588 1415 5660 τῆς
1438 5586 1672 5652 Σκυθίας
1699 5588 1795 5659 μέ-

228 5707 336 5763 ρει,
363 5689 457 5742 καὶ
486 5692 599 5752 τοῖς
635 5686 812 5740 αὐτῶν
842 5685 1017 5739 ἔθνεσι
1057 5680 1513 5755 προσεκρίθησαν,
1548 5680 1656 5734 ἀπὸ
1696 5681 1796 5753 τῆς

225 5779 319 5834 τοῦ
346 5780 422 5851 Gr,
434 5796 529 5849 ρας
555 5777 767 5848 ἡλικίας
793 5777 888 5830 καὶ
911 5774 1188 5837 ἐπέκεινα,
1226 5773 1285 5837 ἐξ
1311 5768 1482 5843 οὗπερ
1503 5773 1553 5826 οἱ
1575 5770 1791 5844 Θρᾶκις

223 5872 500 5940 γεγόνασι.

1899 4958 2064 5025 bant;
2118 4957 2214 5034 sed
2264 4956 2645 5028 unusquisque
2689 4969 2790 5028 pro
2832 4970 2933 5015 sua
2979 4954 3262 5012 voluntate
3312 4954 3483 5010 vitam

1901 5049 2240 5114 instituebat,
2277 5062 2342 5103 ac
2373 5063 2473 5120 pro
2501 5045 2621 5120 lege
2648 5062 2810 5104 suum
2839 5049 3075 5121 quisque
3099 5054 3290 5103 nutum
3315 5057 3486 5121 atque

1896 5140 2184 5195 arbitrium
2213 5139 2315 5196 sibi
2340 5139 2701 5212 proponebat.

1972 5229 2279 5302 Secundus,
2330 5227 2676 5302 Scytbismus
2713 5245 2743 5284 a
2781 5227 2974 5285 Noemi
3018 5229 3361 5301 temporibus
3408 5234 3479 5290 ad

1897 5337 2075 5395 usque
2129 5324 2301 5380 turris
2365 5330 2420 5379 et
2480 5323 2773 5396 Babylonis
2833 5321 3358 5392 exaedincationem,
3416 5339 3484 5381 ae

1901 5419 2024 5483 post
2054 5412 2248 5468 turrim
2290 5413 2481 5483 paucis
2522 5412 2703 5468 adbuc
2746 5412 2909 5469 annis
2949 5413 3209 5483 obtinuit,
3250 5415 3353 5471 boc
3395 5427 3480 5475 est

1901 5518 2076 5574 usque
2124 5503 2189 5558 ad
2247 5502 2448 5558 Phalac
2508 5510 2564 5558 et
2610 5501 2858 5576 Rhagau,
2930 5505 3024 5577 qui
3083 5505 3151 5560 ad
3208 5492 3494 5578 Europam'

1902 5601 2248 5649 transeuntes
2274 5594 2328 5649 in
2370 5591 2682 5667 Scythiam,
2713 5611 2778 5653 ac
2807 5598 3059 5655 nationes
3082 5597 3352 5669 ejusmodi
3387 5613 3483 5671 pe·
3596 5648 3601 5653 .

1899 5693 2187 5741 neu-arunt
2215 5685 2285 5741 ab
2310 5683 2492 5743 Thai-e
2516 5689 2857 5759 temporibus
2881 5696 2936 5745 et
2962 5691 3094 5758 vita,
3117 5704 3148 5745 a
3171 5702 3282 5760 quo
3312 5686 3481 5745 Thra·

1898 5788 1992 5832 ces
2017 5775 2231 5833 oriundi
2269 5785 2419 5833 sunt.
