3850 6517
314 512 418 578 ’59
1059 521 1400 596 ΕΡΙῌΙΑΝΙΙ
1442 521 1892 577 RESCRIPTUM
1935 517 2023 573 At)
2065 511 2370 571 scaelus!
2411 511 2498 570 ET
2538 508 2847 571 PAULUM.
3455 510 3559 570 160

305 651 520 701 eorum,
553 637 646 708 qui
681 653 711 692 a
738 640 1085 709 serpentibus
1120 643 1211 696 icti
1243 648 1391 704 sunt,
1430 639 1729 695 remedium
1757 638 1882 708 jure
1911 643 1953 695 Α
1982 632 2073 690 οὖν
2107 632 2352 704 ἑρπετῶν
2377 633 2673 701 αἰνίγματα
2698 630 2794 698 (l).
2835 629 2949 682 Μία
2979 628 3037 682 δὲ
3062 628 3199 699 μετὰ
3234 628 3331 691 τὰς
3369 628 3561 700 ὀγδοη·

305 739 446 795 opus
475 728 629 791 illud,
658 743 722 783 ac
767 729 964 785 librum
1010 729 1525 800 interpretabimur;
1562 728 1655 798 qui
1686 728 1740 781 in
1769 735 1881 782 tres
1992 727 2247 796 κοντα,ὴ
2285 725 2386 794 τῆς
2434 722 2690 794 ἀληθείας
2738 721 2892 792 βάσις
2925 721 3041 790 ἅμα
3082 722 3176 773 καὶ
3219 719 3557 787 διδασκαλία,

306 823 488 883 partes
510 815 741 882 divisus,
767 817 1000 874 haereses
1030 819 1307 887 octoginta
1331 817 1731 887 complectitur,
1758 830 1880 886 quae

301 914 616 976 serpentum
675 923 742 963 ac
793 909 1071 979 reptilium
1113 909 1322 965 slmiles
1364 915 1513 964 sunt.
1565 908 1878 963 Secundum

302 1011 438 1065 quas
467 998 709 1054 veritatis
755 999 1183 1065 firmamentum,
1215 1006 1269 1056 et
1301 1000 1558 1057 salutaris
1606 999 1879 1063 doctrina,

300 1086 536 1156 lideique
573 1086 806 1142 formula
843 1090 1091 1158 subjecta
1145 1098 1261 1157 est,
1298 1105 1364 1146 ac
1403 1089 1608 1147 Christi
1655 1105 1880 1161 sponsa,

300 1184 490 1231 sancta
513 1177 766 1235 videlicet
818 1179 1062 1236 Ecclesia
1096 1181 1395 1237 declarata.
1439 1180 1571 1247 Quae
1597 1195 1722 1236 cum
1764 1181 1881 1251 jam

297 1273 413 1320 tum
435 1266 505 1323 ab
527 1268 662 1324 orbe
684 1269 904 1325 condito
926 1286 1050 1327 esse
1073 1273 1322 1343 coeperit,
1362 1281 1552 1344 postea
1574 1280 1756 1327 tamen
1779 1286 1879 1343 per

297 1357 500 1414 Christi
523 1358 732 1416 Domini
751 1360 1183 1420 incarnationem
1197 1372 1503 1438 temporum
1524 1364 1877 1421 successione

298 1457 424 1506 ante
448 1462 903 1512 conunemoratas
931 1471 1123 1512 omnes
1156 1456 1395 1513 haereses
1440 1458 1678 1528 vulgata,
1713 1464 1879 1527 atque

299 1541 590 1610 patefacta,
623 1545 922 1618 eademque
965 1563 995 1601 a
1043 1548 1206 1604 nohis
1257 1549 1312 1603 in
1355 1549 1779 1604 commentarios
1812 1561 1877 1603 ex

295 1631 502 1689 Christi
528 1636 912 1705 praedicatione
954 1640 1123 1695 relata
1154 1656 1167 1695 τ
1201 1655 1266 1696 ac
1294 1652 1512 1696 rursum
1545 1652 1665 1712 post
1702 1640 1878 1712 expli-

296 1737 473 1782 catam
509 1743 725 1786 omnem
758 1731 987 1789 istarum
1023 1733 1301 1791 haereseon
1346 1734 1749 1806 improbitatem
1769 1775 1785 1797 ,
1812 1745 1878 1787 ex

1987 817 2081 870 καὶ
2108 815 2373 884 σωτήριος
2403 810 2776 883 πραγματεία,
2808 811 2903 863 καὶ
2938 807 3175 878 Χριστοῦ
3217 808 3400 879 νύμφη
3428 810 3562 876 ἁγία

1997 904 2313 978 Ἐκκλησία,
2350 900 2487 958 οὖσα
2519 903 2617 975 μὲν
2649 903 2743 955 ἀπ’
2779 899 2993 964 αἰῶνος,
3026 899 3114 954 διὰ
3144 900 3202 953 δὲ
3229 901 3327 971 τῆς
3359 901 3556 970 ἐνσαρ-

1984 1018 2081 1054 κου
2108 994 2344 1070 Χριστοῦ
2379 994 2681 1065 παρουσίας
2710 992 2849 1047 κατὰ
2876 992 2975 1061 τὴν
3013 992 3264 1062 διαδοχὴν
3303 992 3397 1044 τοῦ
3429 994 3560 1061 χρό-

1983 1109 2075 1144 νου
2109 1088 2272 1161 μέσον
2319 1088 2427 1139 τῶν
2470 1086 2881 1158 προειρημένων
2926 1083 3407 1152 αποκαλυφθεῖσα,
3466 1085 3562 1137 καὶ

1983 1183 2073 1252 ὑφ’
2118 1178 2275 1252 ἡμῶν
2318 1181 2376 1233 ὲν
2409 1179 2712 1250 ὑπομνήσει
2760 1177 2847 1231 διὰ
2896 1176 2990 1230 τοῦ
3029 1176 3385 1247 κηρύγματος
3430 1177 3566 1244 Χρι-

1987 1269 2113 1325 στοῦ
2166 1267 2463 1340 ταχθεῖσα,
2510 1268 2605 1321 καὶ
2656 1265 2817 1322 πάλιν
2870 1265 3007 1336 μετὰ
3061 1265 3242 1328 πάσας
3299 1264 3399 1328 τὰς
3453 1264 3565 1315 τῶν

1983 1363 2249 1434 αἱρέσεων
2292 1360 2498 1414 τούτων
2543 1357 2846 1431 μοχθηρίας
2886 1358 2966 1422 εἰς
3010 1356 3293 1428 ἀναψυχὴν
3321 1357 3429 1410 τῶν
3474 1357 3565 1409 τὸν

1983 1455 2230 1526 κάματον
2269 1451 2377 1506 τῶν
2435 1451 2703 1523 αἱρέσεων
2756 1450 2846 1504 διὰ
2887 1450 2986 1520 τῆς
3025 1448 3382 1518 ἀναγνώσεως
3413 1447 3565 1500 διελ-

1984 1545 2221 1609 δόντων,
2271 1545 2360 1612 ὑφ’
2398 1541 2558 1615 ἡμῶν
2605 1542 2725 1613 μετ’
2760 1541 3029 1612 ἐπιτομῆς
3075 1539 3170 1594 τοῦ
3198 1540 3388 1608 λόγου,
3422 1538 3565 1592 κατὰ

1935 1640 1942 1647 “
1982 1636 2082 1710 τὴν
2132 1635 2241 1690 τῶν
2286 1633 2604 1729 ἀποστόλων
2640 1632 3021 1700 διδασκαλίαν,
3057 1631 3247 1701 σαφῶς
3281 1630 3562 1698 ἀπαγγελ-

1984 1730 2159 1785 θεῖσα.

296 1820 667 1889 apostolorum
691 1823 979 1896 disciplina
1009 1833 1267 1882 accurate
1293 1841 1358 1881 ac
1413 1825 1701 1898 perspicue
1723 1824 1870 1882 brevi
1908 1823 2145 1895 quodam
2176 1828 2262 1877 est
2318 1818 2645 1892 compendio
2691 1817 2970 1889 subjecta;
3016 1817 3092 1872 uti
3118 1832 3182 1873 ea
3228 1833 3289 1873 re
3344 1816 3561 1872 illorum

295 1923 614 1971 recreentur
642 1935 708 1974 ae
736 1919 1052 1976 reficiantur
1073 1923 1261 1985 animi,
1290 1923 1383 1993 qui
1413 1922 1559 1977 hunc
1585 1923 1866 1978 haereseon
1906 1917 2400 1989 percurrendarum
2427 1916 2667 1970 laborem
2703 1914 3065 1982 susceperint.

368 2009 408 2064 1.
443 2008 616 2068 Porro
645 2029 744 2070 vos
772 2028 986 2079 omnes,
1032 2015 1385 2072 honestarum
1423 2032 1607 2074 rerum
1637 2016 1870 2074 studiosi
1904 2025 1946 2079 Β
2047 2014 2125 2067 A'.
2159 2010 2559 2082 Παρακληθητε
2598 2008 2678 2076 δὲ,
2717 2009 2919 2072 πάντες
2952 2009 3001 2061 οἱ
3034 2005 3339 2076 φιλοκάλως
3368 2005 3561 2072 ἐντυγ-

296 2096 553 2164 lectores.
584 2110 803 2173 rogatos
832 2102 1106 2170 volumus,
1146 2113 1202 2157 ut
1218 2105 1610 2173 etprooemium
1644 2108 1826 2176 ipsum
1849 2147 1864 2171 ,

294 2197 350 2243 et
373 2188 781 2261 insequentium
813 2188 1093 2248 haerese'on
1128 2194 1548 2264 expositionem,
1580 2209 1646 2250 ac
1672 2196 1870 2251 verita·

293 2281 366 2338 tis
397 2283 814 2354 professionem,
845 2291 900 2340 et
931 2282 1260 2351 doctrinam,
1309 2301 1374 2343 ae
1423 2295 1629 2343 sanetae
1685 2293 1739 2344 ct
1781 2302 1874 2342 ca-

292 2374 513 2430 tholieae
541 2373 799 2431 Ecclesia²
825 2374 986 2433 fldem
1021 2390 1053 2431 a
1087 2376 1248 2432 nobis
1299 2393 1617 2448 expressam
1644 2392 1873 2449 percur-

294 2473 502 2531 rentes,
538 2466 854 2524 condonare
891 2467 1093 2536 velitis,
1123 2476 1314 2541 utpote
1347 2468 1686 2535 homiuibus,
1723 2479 1777 2525 et
1799 2471 1872 2525 ita

295 2557 644 2629 potissimum
677 2557 913 2625 affectis,
950 2569 1009 2614 ut
1038 2574 1162 2615 cum
1198 2561 1405 2626 labore,
1441 2577 1515 2643 ac·
1538 2560 1723 2617 divino
1755 2562 1872 2618 zelo

289 2647 515 2726 pietatis
541 2655 724 2719 partes
747 2664 1095 2722 propugnare
1116 2665 1382 2707 conemur
1423 2667 1435 2703 ε
1464 2653 1599 2707 illud
1631 2668 1870 2724 unquam

290 2738 614 2810 ignoscatis,
651 2740 697 2797 si
731 2740 862 2812 quid
916 2742 1077 2812 paulo
1105 2743 1342 2812 amplius
1397 2760 1462 2799 ac
1520 2744 1872 2815 praestantius

291 2829 363 2883 ad
388 2830 726 2886 sanctissimi
756 2840 812 2888 et
839 2833 988 2889 omui
1042 2830 1395 2891 reiteratione
1423 2835 1736 2907 dignissimi
1770 2852 1870 2907 pa-

293 2922 585 2977 trocinium
636 2925 876 2982 nominis
925 2941 1196 2999 usurpare
1244 2926 1446 2983 divinis
1481 2928 1604 2984 freti
1661 2929 1871 2984 viribus

289 3015 414 3069 anisi
447 3014 743 3084 fuerimus,
789 3015 1027 3090 idipsum
1067 3018 1405 3077 eoncedente
1435 3020 1581 3085 Deo,
1614 3020 1865 3093 quando-

291 3106 513 3175 quidem
535 3121 620 3171 ea,
639 3123 760 3179 quae
787 3108 1097 3167 facultatem
1121 3124 1366 3168 nostram
1395 3121 1677 3184 superant,
1699 3111 1874 3184 inqui-

291 3199 490 3254 rimus.
546 3197 682 3255 Nam
726 3207 783 3256 et
835 3217 936 3273 pro
981 3202 1224 3262 veritate'
1257 3204 1436 3262 oratio
1473 3205 1612 3272 ista,
1663 3215 1719 3260 et
1769 3219 1873 3276 pro

290 3287 496 3358 pietate
524 3289 836 3347 lucubratio
882 3295 1209 3366 suscipitur.
1243 3295 1326 3351 Ad
1381 3295 1495 3351 haec
1519 3294 1874 3352 vehementer

290 3393 324 3432 a
349 3379 504 3437 vobis
535 3383 778 3452 postulo,
826 3391 886 3439 ut
916 3386 963 3441 si
989 3386 1121 3457 quid
1175 3386 1317 3444 l'orte
1346 3388 1636 3458 reperiatis
1673 3389 1871 3460 (quan-

1975 2107 2232 2180 χάνοντες
2259 2102 2340 2175 τῷ
2375 2119 2436 2156 τε
2468 2100 2742 2175 προοιμίῳ
2783 2100 2879 2154 καὶ
2922 2101 3039 2164 ταῖς
3082 2099 3378 2170 μετέπειτα
3406 2098 3561 2169 αἱρέ-

1979 2215 2116 2260 σεσι,
2154 2195 2249 2250 καὶ
2278 2195 2343 2266 τῇ
2389 2193 2518 2265 περὶ
2549 2190 2808 2262 ἀληθείας
2863 2190 3127 2261 ἀπολογίᾳ
3158 2206 3219 2242 τε
3250 2191 3344 2242 καὶ
3376 2187 3564 2242 διδασι·

1974 2288 2139 2357 καλία
2166 2285 2267 2356 τῆς
2292 2282 2571 2355 ἀληθείας,
2604 2281 2697 2335 καὶ
2726 2281 2909 2334 πίστει
2940 2278 3041 2351 τῆς
3075 2280 3237 2348 ἁγίας
3267 2280 3564 2351 καθολικῆς

1986 2378 2335 2448 Ἐκκλησίας,
2392 2373 2699 2444 συγγνῶναι
2752 2374 2884 2444 ἡμίν
2931 2371 3242 2445 ἀνθρώποις
3277 2368 3431 2436 οὖσι,
3468 2373 3566 2428 καὶ

1977 2468 2114 2541 μετὰ
2164 2466 2328 2521 πόνου
2362 2466 2459 2519 καὶ
2490 2465 2650 2536 ζήλου
2694 2463 2878 2517 Θεϊκοῦ
2915 2461 3390 2534 φιλοτιμουμένοις
3422 2463 3564 2534 ὑπὲρ

1974 2557 2284 2622 θεοσεόείας
2318 2555 2724 2625 ἀπολογεῖσθαι,
2759 2554 2861 2628 [είς
2893 2554 2946 2628 ὅ]
2974 2554 3028 2609 εί
3052 2573 3103 2609 τι
3137 2555 3446 2625 ὑπέρογκον
3485 2557 3566 2619 είς

1971 2650 2105 2705 αὐτὸ
2136 2650 2198 2704 τὸ
2230 2648 2495 2717 πανάγιον
2552 2648 2647 2703 καὶ
2700 2648 3110 2720 πανσεόάσμιον
3140 2648 3310 2720 ὄνομα
3341 2647 3565 2718 Θελήσο-

1976 2716 2075 2813 μεν
2136 2739 2278 2795 κατὰ
2336 2738 2435 2812 τὴν
2487 2738 2565 2810 (2)
2616 2738 2781 2808 ἁγίαν
2837 2739 3069 2811 δύναμιν
3131 2737 3562 2808 ὑπεραπολογεῑ·

1975 2833 2119 2896 σθαι,
2157 2833 2253 2888 τοῦ
2287 2832 2425 2886 Θεοῦ
2462 2831 2873 2902 συγχωροῦντος
2898 2833 2968 2885 τὰ
3002 2833 3142 2904 ὑπὲρ
3158 2829 3385 2894 δύναμιν
3422 2825 3560 2894 ἡμῖν

1972 2924 2312 2995 ἐκζητοῦσιν,
2347 2921 2537 2990 ἐπειδὴ
2588 2919 2656 2972 δι’
2687 2920 2944 2990 ἀλήθειαν
3002 2925 3133 2994 ἡμῖν
3176 2922 3205 2974 ὁ
3243 2919 3420 2986 λόγος,
3465 2916 3564 2968 καὶ

1970 3011 2037 3068 δι’
2072 3014 2350 3067 εὐσέδειαν
2381 3015 2416 3083 ἡ
2451 3009 2821 3083 πραγματεία.
2875 3012 2986 3065 Καὶ
3016 3014 3095 3066 ἐτι
3148 3007 3563 3085 παρακληθητε,

1972 3108 2059 3172 ἶν’,
2090 3107 2142 3160 εἴ
2168 3123 2270 3160 που
2304 3104 2536 3178 εὕροιτε,
2566 3103 2769 3175 (καίτοι
2796 3120 2861 3172 γε
2899 3102 2974 3173 μὴ
3015 3101 3074 3153 ὲν
3104 3101 3212 3153 ἔθει
3246 3103 3406 3163 ὄντας
3443 3100 3568 3150 ἑπι-

1973 3199 2237 3272 σκηπτειν
2256 3197 2430 3261 τινὰς,
2453 3195 2487 3268 ἢ
2514 3192 3043 3267 ὲπισκωμματίζειν)
3071 3215 3081 3225 ·
3114 3191 3204 3247 διὰ
3235 3193 3292 3247 δὲ
3311 3193 3404 3247 τὸν
3426 3190 3567 3262 πρὸς

1970 3289 2068 3353 τὰς
2098 3288 2337 3362 αἱρέσεις
2390 3286 2569 3359 ζῆλον,
2605 3287 2701 3340 καὶ
2739 3286 2820 3351 είς
2858 3283 3176 3357 ἀποτροπὴν
3214 3282 3325 3338 τῶν
3369 3284 3566 3351 ἐντυγ-

1971 3381 2261 3453 χανόντων,
2313 3379 2469 3433 είπου
2519 3377 2949 3450 παροξυνόμενοι
3001 3375 3310 3445 λέξομεν,ἢ
3358 3373 3569 3429 ἀπατε-

291 3480 456 3539 quam
515 3486 626 3526 non
684 3473 816 3529 illud
878 3475 1015 3532 adeo
1045 3477 1217 3536 moris
1255 3485 1341 3534 est
1372 3478 1555 3544 nohis,
1609 3478 1869 3534 vellicare
1894 3474 1938 3531 C
1972 3471 2115 3536 ῶνάς
2160 3488 2316 3535 τινας
2359 3469 2674 3534 καλοῦντες,
2700 3470 2733 3540 ἢ
2763 3468 3028 3539 ἀγύρτας,
3059 3467 3093 3540 ἢ
3124 3467 3341 3530 ἀθλίους
3363 3482 3379 3496 ·
3423 3466 3566 3538 αὑτὴ

292 3563 627 3632 quempiam,
663 3573 756 3619 aut
787 3565 841 3620 in
885 3583 1010 3622 eum
1044 3569 1190 3624 dicta
1209 3569 1436 3641 jacere),
1465 3586 1655 3626 verum
1688 3570 1732 3626 si
1769 3586 1869 3640 pro

293 3650 685 3709 ardentissimo
708 3664 900 3712 nostro
933 3656 1200 3715 adversus
1226 3658 1464 3714 haereses
1493 3658 1697 3719 studio,
1726 3669 1781 3714 et
1810 3665 1872 3714 ut

295 3740 527 3800 lectores
579 3744 650 3801 ab
696 3745 767 3802 iis
813 3746 1221 3816 deterreamus,
1267 3750 1602 3808 concitatius
1660 3750 1871 3822 aliquid

299 3831 603 3891 dixerimus
636 3853 649 3890 :
685 3845 878 3909 utputa
909 3840 954 3895 si
987 3841 1342 3910 impostores,
1376 3843 1738 3900 circulatores
1771 3858 1870 3914 ap·

296 3927 590 3997 pellemus,
621 3929 676 3984 id
707 3932 891 3987 velitis
937 3933 1242 4003 ignoscere.
1299 3933 1435 3989 Nam
1463 3942 1518 3990 et
1546 3936 1665 4007 ipsa
1691 3944 1873 3992 certa-

291 4018 458 4074 minis
503 4033 570 4074 ac
613 4017 1004 4090 disputationis
1053 4024 1361 4080 necessitas
1414 4024 1689 4099 ejusmodi
1719 4025 1872 4081 labo·

293 4124 409 4165 rem
440 4110 603 4168 nobis
652 4113 950 4184 imposuit,
985 4131 1096 4188 quo
1139 4116 1348 4172 abillis
1380 4117 1614 4173 lectores
1673 4132 1865 4171 avoca·

295 4209 511 4268 rentur,
545 4213 712 4277 utque
745 4205 963 4275 illorum
1013 4206 1348 4273 functiones,
1372 4208 1635 4281 mysteria
1670 4223 1735 4262 ac
1768 4208 1871 4263 do·

292 4298 477 4358 gmata
506 4291 577 4347 ab
602 4293 856 4350 instituto
900 4302 1094 4352 nostro
1147 4295 1324 4351 aliena
1354 4310 1478 4352 esse
1509 4304 1674 4367 atque
1703 4296 1874 4351 inter-

1970 3566 2076 3637 γὰρ
2103 3565 2420 3636 ήὰνάγκηὴ
2446 3563 2581 3635 πρὸς
2607 3564 2734 3626 τοὺς
2772 3563 2963 3630 λόγους
2998 3560 3092 3614 τοῦ
3140 3560 3352 3628 ἀγῶνος
3387 3575 3566 3632 παρα·

1972 3657 2228 3722 σκευάζει
2258 3659 2387 3728 ἡμῖν
2425 3657 2515 3709 τὸν
2555 3655 2793 3709 τοιοῦτον
2841 3652 3060 3726 ἱδρῶτα,
3114 3653 3180 3706 δι’
3240 3650 3566 3723 ἀποτροπὴν

1972 3751 2083 3804 τῶν
2131 3735 2589 3820 ἐντυγχανόντων,
2646 3749 2740 3801 καίΙ
2788 3748 2939 3811 ὅπως
2995 3748 3241 3819 δείξομεν
3281 3746 3563 3810 παντελῶς

1971 3842 2425 3915 ἀπηγορευμένας
2462 3840 2556 3895 τοῦ
2597 3840 2866 3914 ἡμετέρου
2901 3843 3247 3913 φρονήματος
3273 3841 3373 3903 τὰς
3403 3839 3552 3892 ὲκεί-

1971 3953 2076 3990 νων
2126 3935 2410 4007 ἐργασίας,
2447 3936 2540 3988 καὶ
2579 3935 2879 4006 μυστήρια,
2935 3934 3032 3988 καὶ
3062 3933 3413 3996 διδασκαλίας
3441 3946 3456 3960 ·
3496 3932 3564 3986 ἰ’ν·

1969 4026 2078 4080 ἀπὸ
2130 4027 2239 4080 τῶν
2292 4027 2488 4096 λόγων,
2538 4027 2634 4081 καὶ
2672 4028 2773 4099 τῆς
2801 4025 3061 4098 ὀξύτητος
3093 4026 3192 4098 τῆς
3230 4023 3559 4092 ἀντιλογίας,

1971 4117 2067 4169 καὶ
2114 4117 2175 4168 τὸ
2216 4118 2481 4187 ἡμέτερον
2512 4117 2821 4190 ἐλευθέριον
2862 4118 3259 4189 ἀποδείξωμεν,
3286 4117 3379 4171 καί
3409 4132 3564 4180 τινας

1971 4206 2080 4260 ἀπὸ
2111 4205 2223 4260 τῶν
2266 4206 2446 4259 αὐτῶν
2490 4205 2829 4279 ὲκκλίνωμεν
2866 4210 2960 4262 καὶ
2995 4209 3082 4262 διὰ
3122 4209 3232 4262 τῶν
3260 4206 3566 4263 δοκούντων

1978 4295 2292 4370 βαρυτέρων
2314 4295 2510 4367 λόγων.

292 4377 440 4435 dicta
502 4392 780 4441 constaret
844 4395 1060 4459 :atque
1119 4397 1177 4445 ut
1229 4404 1294 4446 ex
1349 4391 1599 4448 oratione
1645 4392 1784 4463 ipsa,
1836 4400 1891 4448 et
1941 4393 2194 4449 acumine
2244 4393 2628 4463 disputationis
2681 4394 2948 4451 libertatis
2992 4396 3239 4465 ingenuae
3281 4395 3561 4466 specimen

291 4471 579 4530 ederemus
621 4491 634 4528 ε
685 4485 798 4532 tum
845 4486 905 4533 ut
951 4479 1187 4553 denique
1235 4481 1429 4553 majori
1487 4484 1579 4539 illa
1630 4484 1923 4540 verborum
1977 4487 2271 4556 asperitate
2321 4485 2535 4556 aliquos
2584 4487 2776 4543 saltem
2830 4487 2900 4541 ab
2958 4489 3174 4543 illorum
3236 4489 3567 4559 contagione

291 4573 549 4622 revocare
586 4581 890 4638 possemus.

368 4650 424 4712 51.
460 4657 593 4726 Quae
615 4661 837 4733 quidem
861 4665 1046 4720 omnia
1069 4665 1176 4722 hoe
1204 4666 1260 4723 in
1283 4683 1449 4739 opere
1464 4669 1865 4741 comprehensa
1894 4666 1947 4727 D
2042 4661 2118 4716 B'·
2141 4659 2251 4714 Καὶ
2272 4658 2416 4714 ἔστιν
2438 4661 2495 4713 ἒν
2516 4661 2583 4732 τῇ
2606 4660 2753 4732 πάσῃ
2773 4661 3125 4734 πραγματείᾳ
3143 4662 3231 4716 διὰ
3243 4662 3351 4717 τῶν
3373 4682 3563 4736 προει-

292 4751 467 4809 trihus
496 4752 653 4810 libris
681 4755 1048 4827 explicantur,
1081 4737 1298 4830 primo,
1351 4759 1594 4817 secundo
1643 4776 1709 4817 ac
1758 4771 1867 4817 ter·

289 4845 389 4899 tio.
425 4845 591 4902 iidem
628 4861 797 4917 porro
840 4848 966 4905 libri
1001 4860 1209 4923 septem
1261 4853 1317 4908 in
1366 4861 1546 4911 tomos
1588 4855 1867 4911 distributi

290 4944 422 4991 sunit
457 4951 471 4987 ε
509 4951 747 5006 quorum
801 4937 1007 5009 singuli
1035 4950 1244 4997 certum
1292 4942 1574 5000 haereseon
1608 4959 1672 4999 ac
1722 4945 1869 5001 schi-

290 5035 528 5084 smatum
559 5044 851 5086 numerum
896 5032 1207 5090 continent.
1249 5033 1383 5102 Quae
1428 5036 1592 5091 simul
1639 5037 1868 5093 collecta

290 5135 430 5175 un
474 5121 795 5178 conficiunt.
831 5121 1077 5191 Quorum
1107 5128 1508 5198 appellationes
1539 5129 1623 5185 hae
1651 5140 1781 5185 sunt
1803 5144 1868 5187 ac

290 5213 635 5285 dogmatazt,
669 5214 1082 5287 Barbarismus3
1120 5235 1179 5287 ιι,
1210 5217 1591 5293 Scythismus3
1625 5240 1709 5290 ιιι,
1739 5223 1867 5281 llel-

290 5305 592 5372 lenismus;
628 5322 702 5375 iv,
726 5305 1073 5380 Judaismus3
1130 5327 1185 5379 v,
1221 5311 1661 5372 Samaritismus.
1695 5315 1778 5372 Ab
1798 5315 1868 5373 iis

291 5394 553 5467 deinceps
612 5398 839 5469 reliquae
885 5410 1052 5457 sectae
1108 5401 1511 5474 profluxerunt,
1563 5391 1689 5461 n‘am
1741 5415 1871 5466 ante

291 5483 498 5541 Christi
531 5483 836 5544 salvatoris
865 5490 1161 5546 adventum
1178 5500 1303 5564 post
1328 5492 1625 5549 Barbaram
1654 5505 1709 5552 et
1734 5494 1869 5570 Sey-

290 5578 462 5634 thiam
522 5582 965 5652 superstitionem
1014 5598 1046 5638 e
1101 5581 1291 5639 Graeca
1349 5585 1468 5641 istae
1518 5587 1864 5657 prodierunt.

291 5685 370 5738 vt,
424 5669 921 5745 Pythagoreorum,
957 5674 1053 5746 qui
1100 5681 1154 5731 et
1213 5672 1587 5748 Peripatetici,
1643 5688 1868 5736 auctore

293 5763 585 5821 divisionis
613 5765 941 5835 Aristotele3
978 5782 1076 5836 vu,
1102 5767 1508 5826 Platonicorum
1530 5788 1544 5837 ;
1569 5788 1689 5838 vin,
1721 5770 1870 5828 Stoi·

370 5922 448 5985 tl)
483 5921 645 5981 Forte
669 5924 945 5994 δήγματα.
990 5926 1065 5997 (9.)
1099 5925 1223 5982 For.
1263 5926 1447 5983 ἰδείαν.
1487 5929 1562 5999 (5)
1588 5928 1648 5986 C.
1678 5931 1832 6003 ἕκτη.

1977 4752 2231 4829 ρημένων
2263 4751 2431 4824 τριῶν
2463 4749 2703 4822 βιόλίων,
2740 4752 2979 4824 πρώτου,
3025 4754 3119 4806 καὶ
3150 4755 3427 4827 δευτέρου,
3462 4759 3561 4812 καὶ

1972 4848 2156 4919 τρίτου
2176 4861 2189 4875 ·
2216 4845 2373 4900 ἅτινα
2405 4844 2531 4916 τρία
2564 4844 2745 4915 βιδλία
2769 4847 2849 4908 είς
2872 4845 3011 4898 ἑπτὰ
3041 4846 3239 4916 τόμους
3263 4847 3555 4918 διείλομεν.

1985 4938 2074 4992 Ἐν
2105 4937 2163 4990 δὲ
2193 4935 2409 5007 ἑκάστῳ
2459 4935 2611 5007 τόμῳ
2645 4936 2874 5008 ἀριθμός
2901 4953 2985 5000 τις
3016 4937 3281 5006 αἱρέσεων
3315 4941 3410 4993 καὶ
3439 4957 3562 5009 σχι-

1975 5028 2196 5099 σμάτων
2245 5026 2508 5095 ἔγκειται.
2569 5024 2735 5096 Ὁμοῦ
2778 5023 2835 5078 δὲ
2887 5027 2945 5079 αί
3007 5027 3174 5080 πᾶσαί
3222 5029 3359 5082 είσιν
3398 5029 3557 5096 ὀγδο-

1971 5121 2211 5191 ήκοντα·
2246 5115 2322 5173 ὢν
2355 5118 2412 5172 αί
2455 5117 2742 5189 ὀνομασίαι
2772 5119 2866 5172 καὶ
2907 5121 2962 5174 αἱ
3008 5120 3311 5192 προφάσεις
3353 5117 3555 5176 αὗται·

1972 5212 2170 5285 Πρώτη
2230 5209 2643 5284 Βαρὸαρισμός·
2709 5211 2935 5284 δευτέρα
2998 5212 3339 5284 Σκυθισμός·
3393 5216 3554 5287 τρί’τη

1984 5303 2367 5376 Ἑλληνισμός·
2403 5301 2643 5376 τετάρτη
2690 5303 3056 5375 ’ἰουδαῖσμός·
3098 5304 3324 5376 πέμπτη
3367 5304 3558 5376 Σαμα-

1974 5396 2270 5470 ρειτισμός.
2347 5396 2442 5450 Ἐκ
2475 5395 2680 5450 τούτων
2715 5398 2770 5450 αἱ
2831 5395 3100 5468 καθεξῆς·
3158 5397 3264 5469 πρὸ
3313 5397 3553 5469 Χριστοῦ

1975 5490 2073 5561 μὲν
2112 5488 2249 5561 μετὰ
2296 5487 2682 5562 Βαρὸαρισμὸν
2734 5488 2827 5542 καὶ
2863 5489 2961 5559 τὴν
2996 5489 3262 5561 Σκυτικὴν
3293 5489 3553 5544 δεισιδαι-

1974 5581 2161 5653 μονίαν
2188 5582 2244 5634 αἱ
2272 5580 2489 5635 ἀπὸτοῦ
2518 5578 2869 5651 Ἑλληνισμοῦ
2889 5574 3324 5648 φύσασαιαῧται.
3343 5581 3551 5651 (δ’)Ἒξ,

1971 5671 2359 5743 Πυθαγόρειοι,
2401 5671 2577 5724 εἴτουν
2638 5670 3085 5743 Περιπατητικοὶ,
3131 5671 3217 5725 διὰ
3267 5671 3374 5724 τῶν
3422 5672 3554 5741 περὶ

1985 5760 2359 5833 Ἀριστοτέλην
2377 5759 2735 5834 διαιρεθεῖσα·
2760 5760 2961 5832 ὲὸδόμη
2993 5760 3360 5816 Πλατωνικοί·
3387 5761 3554 5837 ὀγδόη
