3850 6517
297 509 406 566 42³

1679 493 1746 548 ·S.
1789 490 2131 547 Erwnauu

300 625 451 675 tenta
480 632 545 675 ac
566 618 811 691 prodigia
841 617 991 674 facit.
1016 613 1203 685 Neque
1230 611 1368 667 falso
1399 610 1504 666 ista
1524 606 1859 664 differeban-
1887 608 1936 666 Α
1961 604 2164 660 ενόουν.
2199 602 2322 659 Ἔτι
2345 603 2402 658 δὲ
2428 604 2692 676 ἐπέμενεν
2723 604 2989 678 Ἰώσηπος
3013 603 3553 688 σκληρυνόμενοςςῆ

298 714 411 772 tur.
435 707 541 763 etsi
580 710 786 762 non'eo
816 720 925 776 quo
947 703 1026 759 illi
1061 699 1485 771 suspicabamur
1523 695 1686 751 modo
1726 709 1862 750 con·

299 795 557 865 tigerant.
611 794 833 850 interim
886 791 1157 863 Iosephus
1211 791 1510 844 inveterata
1562 782 1861 856 pertinacia

296 886 649 939 obduruerat.
678 883 785 940 Sed
804 881 1267 941 clementissimus
1300 878 1584 942 Dominus,
1616 876 1710 947 qui
1738 887 1862 930 sese

297 969 648 1040 diligentibus
678 972 935 1043 praeclara
983 969 1229 1042 quaedam
1275 968 1434 1026 offert
1464 961 1862 1035 consequendae

297 1064 493 1121 salutis
520 1066 797 1135 praesidia.
819 1064 1007 1122 eadem
1041 1063 1153 1120 illis
1177 1059 1444 1131 impertit,
1475 1072 1617 1130 quos
1644 1063 1887 1113 aeternae'

295 1155 423 1209 vitae
451 1154 711 1211 felicitate
744 1153 958 1227 dignari
996 1153 1304 1234 constituit.

368 1243 460 1298 xl.
491 1241 598 1301 Per
627 1244 771 1300 idem
799 1253 1016 1315 tempus
1048 1259 1173 1299 cum
1201 1243 1314 1313 jam
1352 1240 1667 1313 patriarcba
1693 1238 1880 1298 Iudas¹

298 1333 398 1401 (lta
420 1338 565 1390 enim
597 1334 736 1391 forte
758 1334 1075 1406 vocabatur)
1108 1334 1176 1390 ad
1194 1334 1474 1390 robustam
1498 1340 1709 1389 aetatem
1734 1346 1863 1403 per-

295 1423 558 1489 venisset,
583 1422 881 1493 Joscpbum
913 1423 1121 1495 praemii
1143 1423 1264 1479 loco
1294 1424 1631 1495 apostolatus
1657 1421 1862 1494 (digni-

297 1514 427 1570 tatis
469 1514 525 1570 id
569 1530 766 1570 nomeu
799 1517 905 1587 est)
946 1518 1155 1571 bonore
1184 1530 1248 1570 ac
1279 1514 1584 1571 commodis
1610 1521 1860 1571 exornat.

296 1604 429 1661 inde
460 1621 585 1661 cum
608 1607 807 1665 litteris
831 1608 885 1663 in
905 1607 1153 1664 Ciliciam
1174 1607 1564 1680 proficiscitur.
1590 1604 1712 1673 Quo
1735 1620 1863 1661 cum

297 1695 657 1763 accessisset,
704 1711 1033 1768 unoquoque
1069 1712 1135 1753 ex
1174 1697 1373 1768 oppido
1413 1696 1674 1752 decumas
1703 1693 1861 1765 135

299 1797 363 1838 ac
401 1784 670 1853 primitias
712 1800 743 1840 a
786 1786 1209 1856 provincialibus
1237 1783 1443 1842 Judaeis
1479 1784 1751 1856 exigebat.
1783 1786 1863 1838 Ac

300 1881 415 1927 tum
442 1889 575 1930 casu
601 1877 851 1948 contigit,
882 1883 942 1932 ιιι
974 1877 1163 1933 nescio
1187 1893 1294 1950 qua
1327 1878 1384 1933 in
1421 1876 1555 1933 urbe
1596 1876 1652 1930 in
1682 1873 1861 1929 vicina

1960 694 2179 766 καρδίᾳ.
2221 693 2380 750 ’Δλλά
2406 696 2435 749 ὁ
2469 695 2846 766 φιλάνθρωπος
2885 694 3018 759 Θεὸς
3042 734 3060 761 ,
3111 696 3417 767 προφάσεις
3448 698 3552 757 ω

1957 781 2132 848 διδοὺς
2204 784 2479 855 σωτηρίας
2534 788 2647 848 τοῖς
2714 783 3000 853 ἀγαπῶσιν
3055 783 3220 839 αὐτὸν
3289 784 3548 856 ἀγαθὰς,

1959 874 2160 940 ταύτας
2185 873 2412 946 παρέχει
2444 876 2557 938 τοῖς
2578 874 2657 939 είς
2679 870 2824 945 ζωὴν
2852 872 3298 945 καταξιουμένοις
3323 874 3551 950 ἀνθρὼ-

1961 980 2106 1028 ποις.

2030 1224 2137 1279 lA'.
2176 1215 2500 1295 Συμὸέὸηκε
2530 1224 2641 1298 γὰρ
2671 1225 2838 1283 αὐτὸν
2878 1228 2969 1283 τὸν
3003 1226 3264 1301 Ἰώσηπον
3298 1230 3442 1303 μετὰ
3472 1231 3549 1288 cb

1962 1312 2287 1385 ἀδρυνθῆναι
2327 1312 2527 1367 Ἰούδαν
2553 1312 2646 1366 τὸν
2684 1303 3030 1389 πατριάρχην
3047 1356 3065 1383 ,
3110 1316 3171 1372 δν
3200 1316 3545 1391 προείπομεν

1963 1406 2127 1478 (τάχα
2145 1406 2264 1479 Δγάρ
2291 1405 2461 1471 οὕτως
2492 1407 2763 1477 ἐλέγετο),
2795 1407 3034 1480 ἀμοιὸῆς
3068 1408 3232 1464 ἕνεκα
3252 1410 3424 1483 γέρας
3456 1411 3544 1483 τῷ
3615 1400 3622 1406 ’

1974 1497 2220 1569 Ἰωσήπῳ
2251 1496 2352 1569 τῆς
2383 1496 2684 1570 ἀποστολῆς
2703 1495 2887 1551 δοῦναι
2909 1498 3010 1571 τὴν
3037 1483 3204 1553 ὲπικα
3376 1539 3395 1555 .
3424 1501 3545 1556 Καὶ

1966 1590 2085 1661 μετ’
2108 1588 2408 1643 ἐπιστολῶν
2435 1583 2590 1654 οὗτος
2623 1587 3015 1645 ἀποστέλλεται
3051 1590 3135 1655 είς
3235 1608 3266 1646 ν
3293 1590 3546 1649 Κιλίκιον·

1963 1683 2088 1754 γῆν.
2121 1684 2246 1749 Ὃς,
2280 1681 2516 1739 ἀνελθὼν
2549 1686 2752 1750 ἐκεῖσε,
2782 1682 2892 1738 ἀπὸ
2933 1683 3171 1756 ἑκάστης
3201 1682 3415 1750 πόλεως
3435 1685 3544 1758 τῆς

1964 1774 2216 1839 Κιλικίας
2245 1774 2317 1829 τά
2359 1774 2657 1831 ὲπιδέκατα
2698 1776 2794 1830 καὶ
2824 1775 2925 1840 τὰς
2954 1774 3210 1849 ἀπαρχὰς
3239 1775 3393 1849 παρὰ
3426 1780 3543 1833 τῶν

1964 1860 2024 1920 ιν
2057 1869 2124 1939 τῇ
2157 1864 2393 1937 ἐπαρχίᾳ
2434 1866 2703 1921 Ἰουδαίων
2742 1866 3117 1939 είσέπραττεν.
3156 1867 3248 1923 Ἐν
3269 1867 3450 1941 τούτῳ
3476 1868 3543 1926 ἃ

298 1964 546 2020 ecclesiae
577 1965 741 2021 domo
766 1966 1154 2022 diversaretur.
1190 1962 1401 2023 Exinde
1427 1976 1710 2022 contracta
1739 1979 1864 2020 cum
1894 1960 1941 2020 B
1965 1957 2044 2029 τῷ
2072 1958 2252 2029 καιρῷ
2297 1956 2593 2027 κατάγεται
2645 1957 3027 2031 πλησιαίτερον
3061 1957 3163 2031 τῆς
3201 1958 3539 2034 Qud&

300 2054 559 2126 episcopo
587 2055 957 2112 familiaritate
979 2058 1120 2112 clam
1147 2058 1220 2113 ab
1253 2071 1321 2113 eo
1351 2056 1766 2128 Evangeliorum
1792 2056 1860 2111 li-

298 2141 460 2197 brum
492 2145 749 2214 postulat,
792 2158 856 2201 ac
898 2145 1048 2217 legit.
1080 2144 1148 2200 Et
1176 2148 1436 2218 quoniam
1467 2160 1570 2217 pro
1599 2160 1664 2201 ea
1696 2159 1861 2216 quam

298 2233 520 2303 gerebat
547 2235 779 2304 apostoli
812 2235 1094 2292 functione
1119 2237 1219 2309 (ita
1238 2236 1407 2304 enim,
1429 2243 1489 2291 ut
1521 2236 1781 2301 diximus,
1797 2248 1862 2290 ea

298 2322 537 2396 dignitas
556 2326 803 2400 vocatur)
827 2343 1096 2385 summam
1119 2340 1231 2401 prae
1252 2344 1314 2385 se
1336 2328 1678 2400 gravitatem,
1701 2332 1865 2396 atque

302 2410 361 2468 in
399 2414 785 2471 constituenda
810 2415 1104 2489 disciplina
1136 2418 1481 2475 severitatem
1515 2415 1743 2481 ferebat,
1772 2416 1864 2472 cui

301 2504 381 2559 rei
404 2505 725 2575 praestandae
751 2504 928 2563 fuerat
949 2506 1178 2571 electus,
1204 2522 1270 2563 ac
1300 2507 1593 2579 plerosque
1627 2514 1862 2579 synago-

305 2592 393 2663 gis
442 2592 750 2663 praefectos,
802 2602 860 2651 et
928 2590 1263 2661 sacerdotes,
1302 2610 1369 2652 ac
1414 2596 1771 2668 presbyteros
1809 2602 1867 2650 et

299 2682 582 2749 Azanitas.
614 2700 725 2756 quo
758 2686 981 2744 nomine
1024 2686 1289 2743 diaconos
1320 2693 1417 2742 aut
1447 2685 1730 2742 ministros
1767 2700 1865 2755 ap·

302 2772 528 2842 pellant,
544 2774 810 2849 =homines
833 2777 1116 2848 improbos
1143 2763 1471 2832 in‘ordiuem
1495 2775 1777 2846 redegerat
1799 2790 1865 2831 ac

300 2862 566 2935 dignitate
590 2866 852 2936 privarat,
888 2867 1186 2923 multorum
1213 2865 1272 2921 in
1302 2880 1363 2923 se
1394 2864 1663 2922 convertit
1700 2863 1859 2919 odia.

301 2953 396 3023 qui
443 2962 503 3023 ut
532 2970 656 3011 eum
702 2956 1121 3023 ulciscerentur,
1179 2956 1453 3013 curiosius
1485 2951 1772 3026 explorare
1808 2962 1862 3009 et

300 3057 424 3113 quae
448 3043 521 3099 ab
548 3044 641 3099 illo
663 3053 982 3115 gererentur
1012 3045 1288 3115 inquirere
1311 3058 1658 3113 summopere
1676 3043 1864 3114 cupie-

300 3131 452 3187 bant.
506 3131 589 3187 Ob
638 3146 733 3189 eas
785 3134 949 3204 igilur
1012 3148 1208 3190 causas
1270 3134 1587 3190 acutissime
1640 3134 1861 3191 tandem

300 3220 512 3274 odorati
548 3235 618 3275 ex
646 3222 943 3291 improviso
973 3222 1231 3293 impetum
1261 3224 1318 3278 in
1346 3223 1491 3279 aedes
1513 3221 1740 3289 faciunt,
1773 3229 1860 3277 at-

300 3312 484 3382 quein
514 3312 630 3382 ipsa
666 3314 1078 3386 Evangeliorum
1104 3315 1337 3371 lectione
1357 3314 1655 3386 losepbum
1680 3316 1864 3387 oppri-
1885 3286 1934 3348 c

301 3411 475 3456 munt.
510 3400 610 3456 liic
640 3403 781 3458 libro
809 3402 880 3459 de
901 3405 1153 3460 manibus
1175 3413 1363 3475 erepto
1388 3404 1663 3462 bominem
1685 3406 1860 3461 corri-

301 3492 475 3563 piunt,
506 3499 559 3547 et
594 3491 663 3546 ad
692 3500 891 3547 terram
924 3495 1139 3550 allisum
1168 3494 1553 3564 vociferantes,
1583 3497 1863 3553 maximis-

300 3598 407 3653 que
449 3583 801 3639 contumeliis
839 3593 1099 3640 vexantes
1132 3585 1187 3639 in
1213 3600 1541 3657 synagogam
1561 3587 1859 3656 abducunt,

300 3672 581 3743 virgisque
622 3672 857 3728 caedunt.
898 3672 1144 3728 Primum
1196 3674 1301 3730 boc
1330 3676 1399 3731 ab
1433 3678 1527 3740 illo
1567 3677 1862 3749 legitimum

300 3770 573 3815 certarnen
596 3776 694 3830 pro
712 3761 814 3816 fide
840 3771 1174 3832 susceptum.
1202 3761 1283 3817 Ad
1302 3762 1415 3819 baec
1436 3768 1676 3821 accurrit
1710 3769 1888 3825 urbis·

300 3849 613 3919 episcopus,
638 3864 870 3919 stumque
896 3864 965 3903 ex
991 3850 1205 3904 illorum
1232 3850 1484 3907 manibus
1510 3853 1691 3921 cripit.
1712 3853 1863 3910 Alias

300 3937 499 3993 deinde
528 3953 651 3993 cum
682 3938 788 3993 iter
811 3946 1057 4009 agentem
1078 3939 1450 4005 offendissent,
1477 3942 1555 3997 sic
1576 3944 1718 3996 enim
1748 3944 1864 4014 ipse

301 4030 582 4093 narrabat.
612 4028 666 4082 in
692 4028 940 4100 Cydnum
967 4029 1269 4098 abjiciunt;
1300 4039 1462 4101 atque
1486 4031 1636 4086 illum
1659 4033 1862 4101 impetu

302 4117 543 4174 fluminis
578 4119 864 4189 abreptum
887 4134 951 4174 ac
974 4119 1076 4174 sub
1104 4135 1275 4190 aquas
1297 4116 1603 4176 demersum
1636 4122 1864 4190 periisse

300 4210 406 4265 rati
440 4224 767 4280 magnopere
794 4210 964 4280 gavisi
992 4219 1141 4264 sunt.
1173 4208 1281 4264 Sed
1318 4211 1365 4264 is
1394 4218 1641 4266 servatus
1678 4219 1863 4281 postea

300 4302 510 4357 coelesti
545 4301 815 4357 lavatione
844 4299 1099 4371 dignatus
1139 4311 1241 4358 est.
1285 4299 1423 4356 Hinc
1450 4300 1520 4356 ad
1548 4303 1863 4358 comitatum

302 4401 594 4464 provectus
614 4394 681 4447 ad
699 4392 1041 4474 Constantini
1055 4392 1402 4465 imperatoris
1425 4393 1718 4449 amicitiam
1745 4410 1866 4466 per·
1886 4454 1894 4464 ¹

255 4544 264 4551 .
300 4483 469 4547 venit,
496 4484 655 4553 eique
683 4484 947 4555 quidquid
967 4484 1072 4540 sibi
1100 4484 1372 4541 acciderat
1402 4487 1683 4558 exposuit;
1705 4488 1861 4559 prin-

1964 2050 2065 2104 οὐκ
2082 2045 2178 2103 οἵδ’
2205 2049 2380 2104 εἰπεῖν
2410 2049 2470 2103 ὲν
2503 2048 2636 2121 ποίᾳ
2666 2048 2841 2103 πόλει.
2870 2047 3145 2105 Φιλιοῦται
3165 2050 3226 2106 δὲ
3250 2049 3332 2123 τῷ
3354 2038 3541 2110 ’ἀκτῖσι

1965 2139 2269 2210 ὲπισκόπῳ,
2297 2138 2357 2202 ὃς
2387 2137 2687 2210 λεληθότως
2710 2138 2930 2211 ᾔτησε.
2910 2140 3040 2212 παρ’
3068 2138 3236 2195 αὑτοῦ
3263 2138 3334 2196 τὰ
3356 2140 3537 2212 Εὐαγ-

1963 2229 2260 2301 γέλια,,καὶ
2283 2229 2513 2299 ἀνέγνω.
2557 2228 2710 2283 Επεὶ
2754 2225 2870 2297 οὖν,
2893 2223 2984 2286 οἶα
3009 2230 3313 2298 ἀπόστολος
3336 2230 3531 2305 (οὕτως

1963 2310 2073 2393 γὰρ
2116 2323 2246 2394 παρ’
2291 2321 2511 2388 αὐτοῖς,
2554 2320 2632 2387 ὡς
2667 2319 2838 2393 ἔφην,
2875 2320 2937 2377 τὸ
2975 2320 3198 2395 ἀξίωμα
3224 2320 3524 2398 mmm),

1964 2412 2390 2485 ἐμβριθέστατος
2417 2413 2513 2468 καὶ
2535 2412 2858 2487 καθαρεύων
2877 2413 3040 2485 δῆθεν
3063 2402 3135 2469 τά
3162 2409 3246 2481 εἷς
3260 2413 3532 2474 nm·

1967 2518 2052 2557 σιν
2081 2502 2376 2574 εὐνομίας,
2424 2503 2600 2569 οὕτως
2624 2502 2894 2561 ἐπιτελεῖν
2938 2504 3371 2579 προθαλλόμενος
3399 2504 3540 2579 (25),

1966 2590 2191 2657 πολλους
2219 2590 2326 2646 τῶν
2365 2592 2551 2648 κακῶν
2578 2592 3037 2655 κατασταθέντων
3051 2595 3541 2673 ἀρχισυναγώγων,

1965 2682 2059 2737 καὶ
2099 2682 2310 2753 ἱερέων,
2354 2683 2450 2739 καὶ
2498 2684 2907 2759 πρεσδυτέρων,
2953 2685 3055 2742 καὶ
3096 2685 3390 2752 ’Δζανιτῶν
3420 2683 3542 2742 τῶν

1965 2775 2095 2845 παρ’
2121 2774 2307 2838 αὐτοῖς
2338 2770 2452 2845 (9.6)
2482 2774 2748 2831 διακόνιον
2794 2776 3293 2851 έρμηνευομένωνῆ
3319 2778 3526 2847 timpt-

1963 2861 2092 2925 τῶν,
2125 2860 2404 2933 καθαιρῶν
2427 2876 2492 2915 τε
2515 2861 2612 2918 και
2635 2863 2949 2934 μετακινῶν
2972 2861 3068 2920 τοῦ
3089 2858 3394 2934 ἀξιώματος
3412 2858 3525 2948 ὑπο

1965 2949 2177 3004 πολλῶν
2198 2951 2533 3019 ένεκοτεῖτο,
2565 2951 2762 3027 οἵτινες
2805 2950 2992 3029 ωσπερ
3026 2947 3340 3027 &Wu

1965 3041 2296 3123 πειρώμενοι
2338 3038 2808 3113 πολυπραγμονεῖν
2845 3042 3038 3098 τοῦτον
3079 3043 3178 3100 καὶ
3526 3071 3575 3119 ‚¹

1962 3128 2031 3182 τὰ
2083 3129 2216 3200 παρ
2242 3127 2407 3183 αὐτοῦ
2432 3129 2713 3202 γινόμενα
2717 3131 2780 3186 οὐ
2808 3130 3020 3206 μικρῶς
3042 3130 3375 3208 ἐσπούδαζον

1962 3216 2220 3292 τοιαύτην
2262 3219 2321 3273 δὲ
2377 3221 2558 3277 αἰτίαν
2610 3222 3295 3304 πολυπραγμονήσαντες,

1965 3316 2296 3389 είσέφρησαν
2321 3316 2504 3372 οἴκαδε
2534 3318 2615 3381 είς
2643 3318 2709 3374 τὸ
2736 3317 2900 3375 αὑτοῦ
2928 3318 3192 3389 ἐφέστιον,
3225 3316 3328 3374 καὶ

1965 3405 2332 3478 λαμόἀνουσιν
2371 3406 2533 3464 αὐτὸν
2570 3409 2639 3464 τά
2687 3410 2992 3481 Εὑαγγέλια
3021 3408 3401 3483 διερχόμενον·
3454 3469 3469 3476 ,,
3504 3389 3523 3424 ι’
3542 3423 3573 3470 ‘.
3642 3449 3665 3462 .

1964 3516 2024 3552 τε
2051 3497 2232 3570 βίὸλον
2255 3498 2570 3571 κατέχουσι,
2597 3499 2690 3555 τὸν
2709 3500 2771 3555 δὲ
2797 3499 2972 3575 ἄνδρα
2992 3499 3318 3575 &Meum
3398 3495 3417 3516 ⁹
3488 3575 3499 3582 .

1963 3606 2054 3652 τες
2091 3590 2303 3660 χαμαὶ,
2338 3589 2432 3644 καὶ
2464 3578 2714 3660 βοῶντες,
2751 3590 2846 3643 καὶ
2868 3589 3057 3651 αἰκίας
3080 3586 3461 3659 ἐπιφέροντες

1963 3678 2064 3743 τὰς
2093 3678 2381 3750 τυχούσας,
2407 3679 2680 3750 ἀπάγουσι
2701 3674 2801 3756 μὲν
2824 3676 2910 3742 είς
2933 3675 3036 3749 τὴν
3064 3675 3417 3749 συναγωγὴν,
3440 3677 3544 3732 καὶ
3642 3702 3653 3710 -

1967 3768 2286 3841 μαστιζουσι
2314 3785 2502 3829 τουτον
2520 3807 2537 3835 ,
2581 3768 2676 3823 καὶ
2706 3766 2859 3824 κακὰ.
2882 3758 3173 3845 ᾠονόμον
3205 3759 3361 3829 οὗτος
3387 3759 3545 3834 αὐτῷ
3616 3807 3623 3832 ³

1965 3858 2178 3929 πρῶτος
2217 3853 2364 3926 ἀγὼν
2392 3858 2620 3929 γίνεται.
2674 3855 2911 3929 'Exim
2937 3855 2997 3910 δὲ
3039 3856 3070 3910 ὁ
3104 3854 3418 3918 ἐπίσκοπος·
3436 3853 3541 3924 τῆς
3625 3860 3631 3863 ’

1966 3949 2190 4015 πόλεως,
2223 3950 2319 4004 καὶ
2347 3949 2600 4019 ἀφείλετο
2637 3950 2823 4008 αὐτόν.
2849 3947 3071 4003 'aum
3096 3946 3154 4001 δὲ
3175 3935 3540 4017 καταλαμΰά-

1964 4056 2145 4094 νουσιν
2180 4041 2343 4096 αὐτὸν
2371 4044 2430 4095 ὲν
2457 4041 2735 4113 ὁδοιπορίᾳ
2759 4039 2888 4104 τινι,
2921 4038 3000 4103 ὡς
3023 4040 3156 4110 ἡμῖν
3190 4038 3539 4109 ὑφηγήσατο,

1964 4129 2057 4183 καὶ
2086 4130 2365 4201 ῥίπτουσιν
2393 4128 2555 4185 αὐτὸν
2592 4133 2673 4194 εἰς
2713 4130 2919 4185 Κύδνον
2951 4129 3044 4183 τὸν
3069 4125 3450 4199 ποταμόν.’Τῷ
3473 4126 3544 4184 ἃ
3578 4174 3584 4179 .
3695 4180 3705 4189 ,

1968 4220 2198 4293 ῥεύματι
2242 4220 2402 4275 αὐτὸν
2421 4222 2438 4253 ¹
2481 4222 2799 4293 ἁρπαγέντα
2843 4220 3151 4284 ὲτόπασαν,
3191 4219 3268 4290 μή
3307 4227 3384 4290 πη
3424 4218 3544 4290 ἀρα

1964 4310 2158 4365 δλωλεν
2198 4312 2523 4386 ὑποόρύχιος
2552 4313 2843 4384 γενόμενος
2884 4314 2998 4375 τοῖς
3038 4309 3194 4365 ὕδασι
3214 4325 3229 4339 ·
3259 4308 3355 4363 καὶ
3386 4307 3542 4379 ῑχαι·

1966 4418 2059 4474 ρον
2082 4402 2176 4455 ἐπὶ
2203 4400 2398 4473 τούτῳ.
2430 4405 2491 4457 ‘0
2529 4403 2587 4457 δὲ
2624 4401 2807 4477 μικρῷ
2845 4399 3070 4473 ὕστερόν
3116 4398 3342 4469 λουτροῦ
3372 4396 3542 4466 ἁγίου

1920 4508 1924 4511 ’
1964 4494 2311 4559 καταξιοῦται
2330 4510 2344 4525 ·
2387 4493 2564 4569 ἐσώθη
2615 4496 2743 4566 γάρ.
2776 4494 2987 4548 'Amen
3019 4491 3077 4545 δὶ
3121 4491 3217 4543 ἐπὶ
3251 4489 3314 4543 τὸ
3354 4504 3540 4560 κομη-

301 4574 477 4644 cipem
512 4588 573 4629 se
603 4572 819 4629 Judaeos
855 4574 998 4631 inter
1024 4574 1325 4647 dignitatis
1359 4578 1537 4634 locum
1565 4576 1858 4646 babuisse;
1890 4604 1938 4661 ι)
1965 4590 2144 4653 τᾶτον,
2181 4588 2275 4643 καὶ
2316 4587 2525 4659 βασιλεῖ
2557 4585 2951 4656 Κωνσταντίνῳ
2978 4581 3269 4653 φιλιοῦται,
3299 4582 3395 4635 καὶ
3435 4581 3542 4635 ἀν·
3610 4573 3614 4577 ’

299 4664 395 4720 sed
422 4662 540 4721 visa
572 4664 677 4719 sibi
723 4665 1028 4737 frequentia
1057 4667 1319 4727 divinitus
1353 4670 1555 4734 oblata.
1597 4670 1859 4728 invitante

297 4754 547 4820 Domino,
575 4763 639 4810 ut
678 4756 744 4811 ad
791 4757 916 4814 fidei
952 4758 1388 4830 cognitionisque
1429 4774 1543 4816 suae
1580 4762 1863 4818 sanctissi-

297 4861 437 4900 mam
473 4856 676 4901 sortem
736 4862 799 4903 ac
837 4850 1062 4904 salutem
1088 4865 1212 4906 sese
1244 4850 1584 4906 transferret.
1615 4850 1685 4906 At
1713 4853 1862 4923 opti-

296 4952 419 4993 mus
453 4938 766 5008 imperator,
794 4938 1105 5009 Christique
1133 4956 1320 4997 revera
1356 4957 1569 5008 servus,
1598 4951 1653 4997 et
1675 4944 1860 5000 divino

293 5029 531 5099 quodam
560 5030 702 5083 inter
738 5029 1015 5098 principes
1043 5030 1237 5086 ardore
1260 5043 1382 5103 post
1412 5032 1690 5100 Davidem,
1722 5034 1857 5091 Eze-

295 5120 494 5188 chiam,
529 5130 583 5177 et
611 5120 816 5177 Josiam
854 5115 1117 5188 aestuans,
1159 5122 1263 5178 boc
1293 5123 1373 5179 illi
1406 5124 1687 5197 dignitatis
1716 5142 1858 5198 prae-

296 5193 488 5274 mium,
518 5210 663 5280 quod
710 5210 873 5281 paulo
904 5218 1031 5266 aute
1063 5210 1373 5277 retulimus,
1404 5215 1655 5277 contulit,
1685 5217 1858 5272 comi·

297 5308 515 5369 temque
570 5302 717 5363 fecit.
773 5302 971 5370 jubens
1027 5302 1256 5373 insuper¹
1296 5310 1357 5355 ut
1402 5303 1665 5372 quidquid
1694 5306 1857 5362 vellet

294 5397 523 5460 optaret.
556 5390 715 5462 13ss
752 5392 845 5448 llle
867 5394 1004 5448 nibil
1030 5394 1177 5449 aliud
1208 5394 1318 5450 nisi
1349 5395 1455 5449 boc
1484 5409 1653 5450 unum
1686 5399 1860 5453 maxi-

369 5546 501 5619 ’.γρ
532 5547 947 5619 ἀφαρπαγέντα.

365 5658 475 5733 (25)
515 5659 710 5728 Οὕτως
780 5662 949 5715 sarcre.
950 5659 1069 5714 ιεῒν
1132 5660 1633 5731 προσαλλόμενος.
1672 5656 1818 5714 Vari·
1805 5673 1851 5715 :s

295 5731 473 5788 modis
501 5730 759 5801 explicari
798 5731 962 5786 verba
996 5733 1098 5784 ista
1133 5738 1403 5800 possunt.
1432 5735 1547 5788 sive
1576 5743 1848 5794 eoseum,

334 5818 454 5858 ueni
477 5800 846 5864 reddidimus;
878 5799 992 5853 sive
1017 5813 1175 5868 quem
1207 5800 1503 5859 Cornarius
1535 5801 1846 5872 expressit:

297 5817 384 5929 gno
405 5873 541 5927 enim
563 5888 619 5928 se
639 5870 810 5939 [acen
829 5867 1196 5940 praetendebat.

1965 4677 2116 4732 έθετο
2147 4676 2295 4749 αὐτῷ
2317 4677 2389 4732 τά
2419 4676 2540 4731 καθ’
2571 4677 2767 4730 ἑαυτὸν
2787 4675 3024 4737 ἅπαντα,
3063 4671 3143 4736 ὡς
3166 4667 3237 4742 ἦν
3272 4670 3384 4724 τῶν
3411 4670 3538 4725 κατ’

1975 4769 2257 4834 Ἰουδαίους
2299 4768 2637 4839 ὲξοχωτάτης
2687 4765 2844 4831 ἀξίας
2868 4804 2884 4826 ,
2932 4765 3030 4819 καὶ
3072 4763 3150 4827 ὡς
3195 4762 3254 4816 αί
3287 4760 3539 4816 θεοπτίαι

1961 4857 2110 4929 αὐτῷ
2143 4860 2318 4936 πάντη
2346 4860 2646 4927 ἐφαίνοντο,
2684 4855 2893 4927 Κυρίου
2936 4853 3099 4908 αὐτὸν
3125 4850 3543 4925 προσκαλουμέ-

1962 4963 2054 4999 νου
2078 4950 2159 5013 εἰς
2185 4949 2284 5021 τὴν
2310 4947 2473 5017 ἁγίαν
2500 4947 2690 5018 κλῆσιν
2715 4945 2812 4999 καὶ
2850 4942 3125 5012 σωτηρίαν
3156 4941 3256 5011 τῆς
3283 4939 3407 4994 κατ’
3437 4938 3541 4993 αὖ·

1960 5037 2052 5090 τὸν
2075 5034 2319 5103 πίστεώς
2343 5054 2405 5091 τε
2431 5040 2524 5091 καὶ
2549 5034 2825 5107 γνώσεως.
2861 5034 2922 5086 0
2945 5031 3002 5085 δὲ
3027 5030 3229 5100 ἀγαθὸς
3257 5017 3534 5101 βασιλεὺς,

1958 5128 2142 5192 δοῦλος
2183 5128 2258 5182 ὣν
2297 5129 2533 5200 Χριστοῦ
2582 5129 2640 5182 ὲν
2680 5126 2931 5198 ἀληθείᾳ,
2963 5124 3061 5177 καὶ
3101 5124 3192 5177 τὸν
3226 5120 3372 5176 κατὰ
3401 5119 3565 5174 Θεὸν.
3591 5125 3604 5136 ”

1961 5218 2119 5291 ζῆλον
2168 5222 2226 5274 ὲν
2274 5218 2551 5291 βασιλευσι
2598 5217 2739 5289 μετὰ
2783 5215 2949 5271 sams
2996 5215 3091 5267 και
3140 5210 3388 5278 Ἐζεκίαν
3440 5208 3542 5265 καὶ

1972 5310 2182 5365 Ἰωσίαν
2224 5310 2557 5381 κεκτημένος
2606 5308 2775 5380 γέρας
2825 5306 2973 5378 αὐτῷ
3015 5304 3263 5369 δίδωσιν,
3309 5302 3387 5365 ὡς
3431 5299 3541 5372 ἠδη

1960 5405 2241 5473 προεῖπον,
2267 5399 2578 5473 ἀξιώματος
2617 5403 2676 5455 ὲν
2702 5402 2770 5471 τῇ
2801 5398 2967 5452 αὐτοῦ
3000 5396 3267 5469 βασιλείᾳ.
3302 5393 3539 5466 Κόμητα

2029 5664 2142 5737 (26)
2179 5665 2291 5721 Καὶ
2323 5668 2624 5730 Ἂζανιτῶν
2657 5666 2779 5723 τῶν
2814 5668 2953 5739 παρ’
2984 5668 3209 5736 αὐτοῖς.
3245 5663 3420 5722 Judaei
3439 5668 3541 5751 1³ss

1955 5745 2485 5863 ἒιιιιιὲηέιωεγὶιῖξῖξω
2540 5738 2874 5806 ministrum,
2922 5738 3010 5796 vel
3061 5738 3341 5794 aedituum.
3390 5730 3537 5794 viu·
