3850 6517
307 466 380 522 123
1605 464 1661 518 S.
1700 460 2040 518 ΕΡΙΡΙΙΑΝΙΙ
2081 460 2260 517 VITA.
2309 476 2319 486 ·
3468 463 3538 524 ιε

305 594 414 635 non
443 576 722 633 absistere.
750 574 1004 639 Comede,
1046 574 1324 630 moderate
1385 574 1570 628 fruere
1612 574 1820 629 deliciis
1857 590 1869 627 :
1905 580 1946 634 Α
1977 573 2269 644 προθύμως
2324 575 2415 628 ἐπὶ
2455 574 2751 645 τραπέζης.
2813 575 3043 639 Πολλοὺς
3077 575 3182 646 γὰρ
3235 576 3419 643 λόγους
3469 578 3537 632 ἂν

305 685 364 725 es
393 669 538 723 enim
565 668 758 722 horum
788 667 1028 721 omnium
1062 665 1369 720 redditurus
1401 667 1689 721 rationem.

1974 665 2324 735 κατέσπειρα,
2377 665 2490 718 ἀλλ’
2525 664 2585 716 οὐ
2638 665 2885 733 μετέχεις
2935 665 3029 718 ἀπ’
3062 665 3275 727 οὐδενὸς
3316 665 3538 718 τούτων.

315 757 458 827 Ἐγὼ
488 759 593 830 γὰρ
621 755 735 812 οῖδα
771 758 861 813 τὸν
886 757 1144 827 λογισμόν
1176 772 1290 821 σου,
1332 756 1412 809 ὅτι
1450 757 1725 829 τραπέζης
1766 758 1865 812 οὐκ
1901 757 2213 827 ἀφίστασαι,
2239 757 2402 824 Φάγε,
2441 754 2715 826 τρύφησον
2763 756 2819 808 ἐν
2860 756 3223 809 καταστάσει·
3254 756 3406 822 λόγον
3429 755 3536 826 γάρ

308 854 433 922 ποιῇ
463 851 715 905 ἁπάντων
744 849 968 903 τούτων.

271 923 278 929 ’
371 939 534 994 xvu.
606 940 722 995 Rex
762 948 940 993 autem
986 939 1122 994 dixit
1171 938 1514 1009 Epiphanio:
1571 940 1865 1006 Adesdum,

301 1029 477 1095 Pater,
514 1028 677 1086 sim'ui
702 1029 1106 1095 consideamus„
1145 1038 1195 1084 et
1233 1030 1386 1085 eibos
1417 1031 1785 1086 comedamus.
1819 1031 1870 1088 ls

300 1135 429 1174 vero
455 1119 593 1175 dixit
623 1116 725 1188 ipsi
762 1137 775 1172 :
809 1116 976 1182 Vade,
1018 1118 1144 1173 sede
1170 1118 1223 1173 in
1264 1134 1470 1180 mensa.
1501 1121 1722 1176 comede
1747 1136 1868 1175 om-

300 1208 390 1262 nia
427 1223 548 1278 quae
594 1207 760 1263 soles.
793 1205 1025 1262 Tantum
1071 1216 1122 1263 te
1182 1209 1400 1264 contine
1437 1210 1505 1264 ab
1552 1211 1869 1266 immodera-

302 1300 466 1354 tione.
501 1297 636 1352 Nam
671 1297 802 1353 mihi
841 1297 995 1367 panis
1032 1297 1399 1365 furfuraceuS,
1434 1308 1487 1354 et
1518 1315 1707 1369 parum
1739 1301 1869 1357 satis

299 1395 519 1457 propter
568 1386 773 1443 reditus
803 1385 1116 1443 facilitatem
1174 1389 1435 1460 praebebit
1484 1390 1537 1443 id
1596 1391 1740 1459 quod
1787 1400 1870 1448 est

298 1478 421 1532 usui
463 1477 806 1546 corpuscuio.
865 1474 992 1534 Haee
1053 1485 1234 1533 autem
1289 1494 1412 1534 cnm
1467 1478 1694 1535 dixisset
1755 1481 1866 1551 regi

299 1566 652 1637 Epiphanius,
685 1567 891 1637 dimisit
928 1584 1024 1623 rex
1061 1583 1251 1624 omnes
1280 1584 1344 1624 ex
1377 1570 1522 1635 auia,
1548 1580 1600 1626 et
1622 1586 1721 1628 nos
1743 1571 1868 1642 jus-

299 1656 369 1712 sit
396 1657 600 1727 ingredi
631 1657 683 1713 in
717 1658 1048 1715 cubiculum.
1082 1659 1222 1717 Misit
1247 1675 1375 1714 vero
1408 1661 1474 1714 ad
1499 1675 1598 1715 nos
1625 1662 1680 1716 in
1709 1677 1864 1717 men-

2046 939 2141 991 IZ'.
2174 933 2339 989 Εἶπεν
2366 935 2421 988 δὲ
2454 936 2482 988 ό
2515 935 2765 1004 βασιλεὺς
2793 935 2928 1004 πρὸς
2971 934 3279 1002 Ἐπιφάνιον
3302 950 3314 961 ·
3350 931 3539 1004 Δεῦρο,

1976 1030 2184 1100 Πάτερ,
2237 1026 2733 1097 συγκαθεσθῶμεν,
2763 1026 2870 1081 τῶν
2918 1026 3189 1097 ἐδωδίμων
3234 1026 3535 1097 φαγόμεθα.

1973 1115 2137 1172 Εἶπεν
2161 1118 2218 1172 δὲ
2259 1118 2573 1187 Ἐπιφάνιος
2599 1117 2736 1189 πρὸς
2759 1117 2848 1170 τὸν
2883 1116 3125 1188 βασιλέα·
3159 1118 3371 1183 Βάδιζε,
3403 1119 3535 1173 κάθ·

1972 1224 2034 1261 ου
2078 1209 2173 1278 ἐπὶ,
2197 1207 2507 1278 τραπέζης,
2556 1204 2699 1259 ἔσθιε
2738 1206 2913 1259 πάντα
2948 1209 3004 1260 ἐν
3049 1206 3341 1278 συνηθείᾳ·
3380 1208 3536 1279 μόνον

1980 1300 2147 1368 ἄπεχε
2180 1299 2279 1369 τῆς
2315 1297 2561 1364 ἀταξίας.
2606 1298 2759 1369 Ἐμοὶ
2788 1298 2897 1368 γάρ
2925 1298 3087 1368 ἄρτος
3134 1296 3241 1350 ἀπὸ
3273 1296 3536 1367 πιτύρων,

1974 1387 2068 1439 καὶ
2112 1385 2243 1449 ἃλας
2285 1385 2480 1457 μικρὸν
2512 1387 2580 1440 δι’
2627 1384 2905 1440 εὐνοστίαν
2946 1386 3167 1457 παρέξει
3207 1385 3304 1457 τὴν
3348 1387 3537 1457 χρείαν

1972 1475 2064 1528 τοῦ
2109 1474 2377 1546 σώματος.
2410 1474 2596 1529 Ταῦτα
2638 1475 2693 1528 δὲ
2735 1473 2905 1528 είπὼν
2949 1476 3258 1544 Ἐπιφάνιος
3283 1475 3416 1546 πρὸς
3446 1477 3537 1528 τὸν

1974 1566 2232 1636 βασιλέα,
2267 1567 2532 1622 ἀπέλυσεν
2574 1565 2815 1631 ἅπαντας
2845 1567 2874 1618 ὁ
2914 1566 3164 1636 βασιλεὺς
3206 1569 3271 1618 ὲκ
3312 1567 3404 1619 τοῦ
3437 1584 3535 1620 τα-

1975 1659 2148 1729 μείου·
2184 1660 2279 1712 καὶ
2312 1659 2460 1730 ἡμᾶς
2486 1656 2770 1712 ἐκέλευσεν
2814 1657 3072 1711 εἰσελθεῖν
3101 1660 3159 1711 ἐν
3200 1657 3278 1728 τῷ
3309 1657 3535 1710 κουόου-

298 1752 414 1795 sam
446 1740 658 1797 diversa
691 1742 938 1798 ciborum
968 1758 1185 1813 genera.
1221 1743 1518 1799 Aversatus
1562 1757 1645 1801 est
1683 1758 1862 1806 autent
1897 1768 1941 1822 B
1968 1752 2134 1822 κλίῳ·
2187 1752 2280 1805 καὶ
2325 1748 2641 1804 ἀπέστειλεν
2691 1751 2823 1820 ἡμῖν
2868 1748 3100 1819 διάφορα
3143 1748 3412 1818 ἐδέσματα
3443 1750 3535 1801 ἐπὶ

297 1830 478 1885 omnia
515 1829 867 1902 Epiphanius,
907 1833 1084 1889 solum
1131 1848 1324 1904 panem
1369 1834 1528 1889 nobis
1572 1837 1817 1892 retinens
1850 1856 1865 1891 ε

295 1921 548 1988 quo-usi,
594 1923 777 1977 satiati
822 1937 1036 1985 sumus,
1083 1926 1284 1994 gratias
1315 1935 1536 1995 agentes
1587 1927 1699 1982 Deo
1753 1929 1868 1982 uni·

295 1999 598 2067 versorum.
627 2011 900 2068 Postridie
925 2021 1104 2068 autem
1135 2015 1432 2083 imperator
1468 2019 1715 2073 accersiit
1745 2017 1866 2087 Epi-

282 2101 555 2171 ·pbanium
584 2117 597 2155 ;
631 2103 723 2172 qui
756 2104 1002 2158 modeste
1042 2112 1096 2157 et
1120 2105 1422 2173 composite
1451 2104 1728 2171 inc-edens,
1774 2123 1867 2162 ve·

295 2193 376 2249 nit
404 2194 473 2249 ad
504 2208 703 2264 regem.
737 2192 854 2262 ipse
884 2201 1064 2249 antem
1090 2208 1183 2248 rex
1213 2194 1279 2249 de
1310 2194 1438 2249 sede
1461 2209 1712 2265 surgens,-
1750 2210 1868 2250 sce·

296 2290 474 2352 pirum
515 2283 667 2351 ponit
698 2282 752 2336 in
794 2291 958 2338 terra.
997 2281 1336 2353 Epiphanius
1362 2298 1491 2338 vero
1526 2284 1663 2339 dixit
1709 2286 1820 2355 regi
1850 2305 1862 2342 ε

303 2371 501 2441 Accipe
525 2371 673 2439 regni
702 2371 1039 2440 dignitatern,
1073 2380 1128 2426 et
1158 2371 1233 2426 sis
1266 2380 1420 2440 grato
1454 2371 1506 2424 in
1548 2371 1712 2427 Deum
1752 2376 1869 2429 ani-

296 2476 406 2515 tno.
442 2460 554 2515 Rex
594 2461 770 2516 dixit:
807 2460 963 2516 Mane
992 2461 1081 2516 hic
1111 2460 1422 2527 nobiseum,
1457 2472 1630 2531 pater,
1660 2472 1713 2517 et
1749 2479 1868 2518 ser-

293 2553 431 2605 vabo
483 2559 694 2605 vestros
734 2564 1036 2606 set-mones
1085 2548 1421 2619 Epiphanius
1475 2559 1655 2604 sutem
1708 2552 1865 2622 regi:

293 2639 350 2696 Si
386 2656 556 2704 meos,
602 2657 635 2696 o
666 2657 780 2706 rex,
832 2655 1114 2696 sermones
1157 2640 1487 2707 servaveris,
1543 2641 1620 2695 tui
1676 2643 1865 2698 memi-

298 2749 427 2788 nero
467 2734 773 2803 ubicunque
801 2732 975 2788 suero.
998 2730 1299 2788 Mansimus
1324 2740 1502 2787 autem
1530 2732 1717 2789 decem
1751 2735 1868 2791 dies

295 2816 499 2876 inania
534 2823 702 2893 regis.
753 2821 967 2888 Quibus
1019 2821 1237 2892 elapsiS‚
1274 2821 1387 2891 regi
1437 2822 1577 2876 dixit
1625 2821 1867 2894 Epipha-

293 2909 417 2963 nius
465 2926 478 2963 :
539 2909 714 2962 Cursu
741 2924 958 2963 curram
1015 2910 1069 2962 in
1135 2924 1307 2963 meam
1367 2911 1618 2978 patriam.
1675 2910 1868 2977 Quaero

291 2996 435 3050 enim
458 3010 670 3060 omnes,
711 2997 947 3066 quiiiiic
969 3005 1116 3050 sunt.
1144 2995 1224 3051 Tu
1259 2997 1386 3052 sede
1432 2998 1484 3051 in
1515 2999 1713 3055 throno
1750 3010 1863 3066 tuo,

293 3084 427 3139 nihii
451 3086 696 3140 excitans
729 3085 990 3140 adversus
1013 3083 1311 3140 Romanos.
1354 3085 1410 3140 Si
1452 3073 1597 3141 enim
1631 3089 1710 3144 sis
1749 3090 1854 3143 ini-
1887 3082 1929 3137 C

291 3176 468 3233 micus
497 3176 782 3240 Romanis,
820 3174 930 3230 eris
979 3175 1232 3231 inimicus
1290 3175 1571 3231 crucifixo.
1614 3176 1768 3244 Quod
1808 3182 1854 3235 si

291 3265 460 3322 rueris
486 3266 741 3322 inimicus
779 3264 1049 3332 crucifixi,
1079 3264 1219 3320 male
1246 3264 1449 3334 peribis
1482 3280 1513 3318 a
1542 3266 1649 3322 tuis
1674 3267 1859 3323 adver-

289 3361 472 3418 sariis.
501 3359 625 3416 Haee
649 3375 771 3416 cum
814 3360 929 3429 regi
954 3359 1179 3416 dixisset
1211 3357 1570 3429 Epiphanius,
1602 3362 1714 3417 ibat
1762 3379 1856 3418 rex

290 3463 414 3504 curn
445 3463 544 3504 sua
567 3457 806 3513 caterva,
856 3463 958 3504 nos
985 3448 1195 3518 primus
1223 3449 1496 3505 deducens
1530 3451 1584 3504 in
1615 3459 1858 3507 nostram

289 3539 590 3610 regionem.

1968 1841 2267 1914 τραπέζης.
2309 1839 2671 1912 Ἀπέστρεψεν
2714 1839 2772 1891 δὲ
2815 1839 3027 1893 ἅπαντα
3067 1838 3400 1907 Ἐπιφάνιος.
3440 1839 3533 1892 ἕνα

1969 1932 2131 2002 ἄρτον
2166 1933 2326 2002 μόνον
2364 1933 2641 2004 κρατήσας
2681 1932 2833 2001 ἡμῖν.
2876 1922 2945 2000 ‘Q
2975 1930 3308 2001 χρησάμενοι
3348 1931 3525 2001 ἐκορέ-

1971 2021 2209 2091 σθημεν,
2250 2021 2697 2093 εὐχαριστοῦντες
2736 2020 2816 2090 τῷ
2863 2019 2982 2091 Θεῷ
3020 2019 3127 2072 τῶν
3166 2020 3320 2074 ὅλων.
3364 2021 3442 2090 Τῇ
3478 2019 3534 2074 δί
3609 2029 3618 2035 ‘

1968 2111 2229 2183 ἐπαύριον
2258 2112 2573 2182 μετέστελλε
2605 2114 2633 2165 ό
2662 2111 2911 2182 βασιλεὺς
2947 2109 3033 2163 τὸν
3068 2111 3396 2178 Ἑπιιράνιον.
3426 2109 3534 2164 Τοῦ

1971 2202 2027 2255 δὲ
2056 2201 2407 2272 ὲμὸαίνοντος
2437 2203 2496 2255 ἐν
2528 2193 2891 2265 καταστάσέι,
2920 2200 3153 2271 ἔφθασεν
3192 2199 3415 2269 ἔγγιστα
3440 2201 3533 2254 τοῦ

1970 2290 2251 2360 βασιλέως·
2288 2290 2450 2354 αὐτὸς
2488 2290 2545 2346 δὲ
2584 2291 2820 2354 ἀναστὰς
2848 2290 2955 2344 άπὸ
2990 2289 3083 2344 τοῦ
3116 2289 3323 2362 θρόνου,
3355 2290 3536 2362 τίθησι

1967 2379 2029 2433 τδ
2058 2380 2325 2450 βασίλειον
2359 2381 2452 2435 ἐπὶ
2478 2381 2576 2452 τὴν
2606 2381 2731 2450 γῆν.
2762 2376 2927 2434 Εἶπέν
2970 2380 3026 2433 δὲ
3063 2381 3372 2450 Ἐπιφάνιος
3403 2381 3536 2449 πρὸς

1968 2473 2059 2525 τὸν
2115 2473 2365 2544 βασιλέα·
2416 2472 2562 2526 Λάδε
2613 2472 2673 2526 τὸ
2716 2471 2934 2542 ἀξίωμα
2974 2471 3075 2541 τῆς
3109 2472 3410 2543 βασιλείας·
3447 2474 3534 2525 καλ

1970 2561 2059 2632 ἔχε
2115 2563 2251 2633 πρὸς
2295 2563 2426 2616 Θεὸν
2465 2562 2901 2634 εὐγνωμοσύνην.
2935 2559 3101 2616 Εἶπεν
3130 2565 3186 2617 δὲ
3217 2567 3245 2618 ὀ
3292 2563 3535 2634 βασιλεῦς

1968 2651 2103 2721 πρὸς
2166 2653 2510 2722 Ἐπιφάνιον·
2556 2654 2701 2707 Μένε
2750 2654 2869 2724 μεθ’
2905 2655 3060 2727 ἡμῶν
3088 2655 3293 2719 ἐνθάδε,
3327 2655 3528 2724 Πάτερ,

1968 2742 2063 2817 καὶ
2111 2741 2304 2813 ἔσομαι
2351 2743 2567 2815 κρατῶν
2610 2746 2735 2809 τοὺς
2776 2745 3072 2816 ὑμετέρους
3122 2747 3327 2810 λόγους.
3371 2740 3534 2791 Εἶπεν

1967 2831 2025 2883 δὲ
2082 2832 2392 2902 Ἐπιφάνιος
2445 2837 2580 2905 πρὸς
2627 2836 2718 2887 τὸν
2766 2835 3011 2902 βασιλέα·
3074 2834 3193 2884 Ἐὰν
3250 2827 3529 2894 κρατήσῃς

1967 2921 2093 2983 τοὺς
2133 2924 2300 2991 ἐμοὺς
2337 2923 2554 2988 λόγους,
2586 2922 2941 2990 μνημονεύσω
2970 2939 3060 2973 σου
3096 2921 3226 2970 ὅπου
3258 2916 3350 2968 ἐάν
3389 2915 3524 2983 εἰμι,

1981 3010 2341 3080 Ἐποίησαμεν
2379 3011 2445 3063 δὲ
2482 3010 2512 3063 ι’
2541 3010 2750 3079 ἡμέρας
2786 3009 2842 3059 ἐν
2873 3009 2949 3078 τῷ
2980 3006 3210 3078 ταμιείῳ
3237 3004 3330 3059 τοῦ
3374 3004 3529 3075 βασι-

1962 3097 2116 3162 λέως.
2153 3092 2319 3150 Εἶπεν
2364 3097 2422 3150 δὲ
2464 3096 2778 3164 Ἐπιφάνιος
2813 3094 2948 3166 πρὸς
2989 3096 3079 3148 τὸν
3123 3095 3364 3164 βασιλέα·
3391 3097 3533 3166 Δρα-

1967 3187 2171 3258 μοῦμαι
2219 3188 2310 3240 ἐπὶ
2352 3187 2490 3258 ἐμὴν
2525 3186 2774 3256 πατρίδα,
2817 3186 2973 3257 Ζητῶ
3023 3187 3128 3258 γὰρ
3174 3183 3379 3248 πάντας
3406 3188 3535 3249 τοὺς

1962 3280 2083 3332 ἐκεῖ
2120 3280 2298 3342 ὄντας,
2351 3280 2445 3332 καὶ
2490 3279 2583 3332 ἔσο
2629 3277 2936 3349 καθήμενος
2976 3278 3070 3332 ἐπὶ
3105 3279 3181 3347 τῷ
3226 3278 3418 3348 θρόνῳ,
3458 3277 3535 3348 μὴ

1966 3368 2383 3438 ὲπεγειρόμενος
2424 3368 2568 3421 κατὰ
2606 3365 2912 3437 Ῥωμαίων.
2955 3365 3081 3419 Ἐὰν
3109 3366 3217 3436 γάρ
3248 3364 3535 3436 ὲχθραίνῃς

1966 3460 2079 3523 τοῖς
2132 3458 2453 3528 Ῥωμαίοις,
2499 3458 2598 3529 ἔσῃ
2638 3456 2935 3529 ἐχθραίνων
2983 3457 3060 3528 τῷ
3099 3455 3532 3536 ,ἑσταυρωμένιγν

1967 3547 2061 3601 ἐὰν
2093 3549 2203 3620 γὰρ
2245 3547 2307 3619 [s.
2348 3547 2443 3602 ἐὰν
2468 3547 2546 3619 δὲ]
2576 3549 2707 3619 γένῃ
2739 3547 2934 3619 ἐχθρὸς
2975 3547 3067 3602 τοῦ
3105 3547 3533 3618 σταυρωθέντος,

287 3634 499 3705 τακήσῃ
528 3633 714 3695 κακῶς
757 3631 862 3685 ὐπὸ
895 3630 1000 3685 τῶν
1033 3631 1337 3685 ἀντιδίκων.
1407 3631 1592 3685 Ταῦτα
1635 3633 1693 3686 δὲ
1761 3636 1931 3690 εἰπὼν
1983 3640 2292 3712 Ἐπιφάνιος
2340 3639 2474 3711 πρὸς
2513 3640 2604 3691 τὸν
2645 3638 2886 3708 βασιλέα,
2927 3639 3213 3692 ἐπέόαινεν
3251 3639 3463 3710 πρῶτος
3503 3642 3535 3690 6

291 3722 544 3793 βασιλεὺς
577 3721 714 3793 μετὰ
744 3722 836 3775 τοῦ
864 3721 1082 3790 στίφους
1115 3720 1310 3785 αὐτοῦ,
1337 3722 1678 3792 προπέμπων
1702 3724 1851 3791 ἡμᾶς
1888 3725 1981 3778 ἐπὶ
2014 3726 2112 3796 τὴν
2142 3726 2346 3798 χώραν.

359 3811 548 3867 xviii.
622 3812 759 3868 Cum
809 3811 1015 3883 egressi
1070 3820 1251 3867 autem
1304 3826 1550 3868 essemus
1595 3827 1662 3868 ex
1714 3815 1861 3878 aula,

290 3918 417 3961 ecee
452 3911 569 3959 erat
597 3901 913 3958 adolescens
958 3911 1210 3957 mortuus
1238 3902 1294 3956 in
1334 3902 1580 3973 grabato,
1613 3904 1707 3974 qui
1744 3914 1864 3959 erat

197 4047 203 4052 ,
291 3995 437 4050 tilius
466 3993 632 4049 unius
678 4008 745 4047 ex
785 3992 1125 4063 proceribus.
1167 3993 1301 4046 Eum
1349 4006 1480 4049 vero
1511 3992 1756 4049 ferebant
1793 3997 1860 4050 ad

292 4099 477 4149 canes,
512 4095 571 4140 ut
604 4085 935 4155 projicerent
961 4083 1319 4141 exedendum.
1353 4082 1501 4137 Dixit
1525 4094 1703 4138 autem
1731 4084 1860 4152 Epi-

292 4178 528 4248 phanius
553 4177 620 4231 iis
645 4177 735 4246 qui
763 4175 1012 4230 terebant·
1035 4183 1310 4229 mortuum
1339 4192 1352 4228 ι
1376 4172 1495 4240 Quo
1524 4174 1612 4230 itis
1637 4176 1702 4229 ad
1736 4189 1860 4229 eum

295 4266 703 4338 sepeliendum?
744 4266 943 4323 Dicunt
985 4264 1333 4336 Epiphanio:
1374 4265 1478 4332 Qui
1510 4266 1620 4321 vita
1672 4281 1863 4338 exces-

295 4359 386 4425 sit,
415 4357 698 4412 vorabitur
727 4372 756 4412 a
790 4357 1039 4413 canibus.
1068 4355 1408 4427 Epiphanius
1442 4365 1624 4412 autem
1671 4369 1861 4413 tenens

297 4441 601 4520 grabatum,
631 4447 769 4502 dixit
788 4447 868 4502 eis
895 4463 908 4501 ι
935 4445 980 4500 O
1008 4446 1100 4501 tilii
1126 4485 1141 4510 ,
1172 4445 1323 4501 humi
1352 4446 1628 4515 deponite.
1662 4444 1860 4500 Videa-

2037 3816 2143 3872 111⁰.
2194 3816 2378 3887 Ἡμῶν
2408 3815 2462 3868 δὲ
2507 3805 2827 3882 ἐξελθόντων
2870 3815 2936 3869 ἐκ
2974 3815 3066 3867 τοῦ
3101 3817 3377 3884 ταμιείου,
3422 3817 3534 3882 ίδού

1963 3908 2240 3970 νεανίσκος
2270 3906 2543 3977 τεθνηκὼς
2583 3902 2651 3978 ἦν
2693 3906 2786 3958 ἐπὶ
2825 3904 2920 3959 τοῦ
2954 3905 3246 3978 κραὸάτου,
3281 3907 3397 3971 υίὸς
3431 3909 3533 3961 ὐπ-

1964 3996 2147 4066 άρχων
2175 3997 2292 4061 ἐνὸς
2330 3998 2438 4049 τῶν
2488 3997 2846 4068 μεγιστάνων.
2893 3995 3094 4049 Τοῦτον
3133 3981 3405 4068 ἀπέφερον
3438 3999 3532 4053 ἐπὶ

1964 4086 2089 4146 τοὺς
2117 4086 2474 4154 ἀστροκύνας,
2505 4087 2651 4148 ὅπως
2682 4085 2910 4154 ρίψωσιν
2940 4087 3031 4139 ἐπὶ
3056 4089 3121 4158 τῇ
3162 4087 3530 4159 καταόρὼσει.

1978 4172 2036 4223 '0
2070 4172 2126 4224 δὲ
2171 4171 2481 4240 Ἐπιφάνιος
2520 4175 2631 4235 τοῖς
2661 4175 2736 4242 (α)
2763 4173 2854 4225 τοῦ
2882 4175 3157 4244 κραὸάτου
3194 4175 3376 4243 ἔλεγεν
3411 4183 3529 4246 μετ’

1964 4263 2269 4333 εὐμενείας·
2318 4260 2630 4323 Ἀπόθεσθε,
2662 4261 2848 4323 τέκνα,
2880 4260 2972 4314 ἐπὶ
3012 4263 3108 4332 τὴν
3143 4265 3260 4332 γῆν.
3300 4267 3529 4337 Ἷδωμεν

1964 4357 2058 4409 καὶ
2098 4357 2259 4427 ἡμεῖς
2302 4355 2393 4409 τὸν
2433 4353 2717 4409 τεθνεῶτα.
2759 4347 2923 4416 Οὗτος
2954 4353 3011 4406 δὲ
3043 4355 3072 4406 ὁ
3111 4358 3239 4418 παῖς
3282 4357 3385 4410 ὐπὸ
3421 4377 3527 4429 μα-

1962 4444 2117 4513 γείας
2157 4443 2344 4497 ἔθανεν
2388 4444 2572 4508 κακῶς
2602 4444 2705 4497 ὐπὸ
2731 4442 3058 4512 κακούργου.
3101 4445 3258 4510 Ἔθος
3287 4447 3343 4500 δέ
3379 4449 3528 4502 ἐστιν

295 4557 419 4597 mus
460 4554 559 4595 nos
590 4552 808 4610 quoque
834 4545 1130 4592 mortuum.
1165 4535 1264 4593 Hic
1293 4551 1424 4592 vero
1457 4551 1592 4607 puer
1628 4546 1855 4594 necatus
1887 4521 1932 4578 D
1963 4535 2089 4606 περὶ
2130 4537 2254 4598 τοὺς
2298 4535 2541 4608 Πέρσας,
2589 4538 2714 4598 τοὺς
2757 4533 3181 4606 τελευτήσαντας
3227 4536 3522 4609 βρωθῆναι·

296 4631 475 4687 fuerat
496 4639 612 4686 arte
642 4630 850 4700 magica
880 4643 912 4684 a
944 4627 1180 4699 quodam
1217 4629 1484 4684 maletico.
1514 4627 1634 4684 Mos
1661 4637 1746 4685 est
1764 4645 1861 4683 au·

295 4735 402 4782 tem
427 4725 569 4795 apud
589 4723 806 4788 Persas,
836 4732 896 4779 ut
923 4723 1016 4794 qui
1052 4729 1180 4778 sunt
1208 4721 1435 4786 mortui,
1473 4722 1801 4776 devorentur
1827 4735 1858 4773 a

295 4818 542 4874 canibus.
571 4815 707 4871 Cum
739 4816 772 4869 ii
809 4829 939 4886 ergo
973 4813 1222 4884 protinus
1250 4811 1533 4882 grabatum
1574 4810 1858 4880 deposuis-

295 4917 437 4975 sent,
465 4905 575 4976 regi
605 4903 743 4959 dixit
770 4902 1101 4973 Epiphanius
1135 4919 1149 4956 :
1177 4900 1222 4955 O
1254 4915 1369 4966 rex,
1412 4900 1505 4970 qui
1554 4900 1703 4970 regis
1738 4915 1859 4954 ma·

297 5000 378 5055 los
419 5008 468 5054 et
493 4998 709 5067 iniquos
736 4994 1008 5057 homines,
1039 4994 1325 5064 oportebat
1364 4995 1527 5055 hunc,
1568 4992 1660 5062 qui
1689 5006 1719 5047 e
1749 4991 1858 5045 vita

295 5090 547 5154 excessit,
592 5088 648 5142 in
685 5095 827 5141 terra
863 5085 1098 5153 sepeliri,
1135 5095 1193 5138 ut
1218 5086 1312 5156 qui
1342 5085 1558 5140 coeiitus
1602 5084 1727 5138 tnba
1762 5097 1856 5138 ca-

297 5189 410 5245 net,
451 5196 575 5236 eum
606 5179 732 5234 hinc
779 5176 949 5248 possit
979 5177 1263 5231 traducere
1301 5177 1368 5229 ad
1410 5176 1590 5244 ipsum
1624 5172 1858 5228 adoran·

297 5271 446 5326 dum.
477 5270 548 5325 Es
585 5278 765 5325 autem
797 5283 888 5324 rex
921 5267 1056 5322 adeo
1087 5264 1455 5334 improborum
1485 5272 1540 5318 et
1569 5264 1856 5319 sceterato·

299 5377 418 5418 rum
470 5359 773 5427 hominum,
834 5369 894 5416 ut
937 5359 1177 5416 velante
1220 5366 1432 5425 tempus
1480 5355 1580 5410 sibi
1628 5364 1854 5411 mortem

297 5452 547 5508 afferant.
595 5451 714 5519 Hic,
751 5467 912 5521 quem
947 5451 1098 5505 vides
1145 5458 1440 5511 mortuum,
1474 5448 1581 5502 vita
1628 5449 1858 5503 excessit

298 5551 522 5598 necatus
549 5557 578 5596 a
613 5542 878 5596 malefico.
911 5541 1015 5595 Sed
1049 5540 1191 5593 Deus
1226 5553 1399 5604 mens,
1428 5538 1520 5607 qni
1551 5537 1857 5592 suitexten-

368 5718 442 5780 la)
472 5717 727 5784 Quaedam
779 5715 967 5770 Graeco
1005 5724 1149 5769 textu
1195 5714 1461 5776 excidere,
1498 5724 1555 5768 ut
1594 5729 1658 5769 ex
1689 5715 1856 5770 inter-

298 5780 595 5856 pretatione
627 5786 814 5842 Latina
845 5785 1039 5856 cuique
1063 5783 1280 5838 obvium
1309 5794 1411 5839 est.
1431 5784 1584 5839 Epir.
1614 5785 1850 5841 P-Arnot..

1960 4628 2068 4682 τῶν
2116 4628 2173 4683 δὲ
2216 4628 2566 4698 ἀποθεμένων
2619 4626 2822 4691 εὐθέως
2868 4626 2926 4680 τὸ
2973 4627 3241 4697 κράόατον
3289 4630 3379 4681 ἐπὶ
3426 4630 3526 4702 τὴν

1962 4724 2087 4794 γῆν,
2116 4718 2268 4777 εἶπεν
2308 4721 2617 4790 Ἐπιφάνιος
2655 4719 2733 4792 τῷ
2762 4719 2989 4790 βασιλεῖ·
3019 4715 3089 4771 Ὦ
3121 4718 3337 4790 βασιλεῦ
3369 4720 3519 4790 βασι-

1959 4814 2113 4878 λέων,
2148 4811 2335 4866 κακῶν
2369 4811 2466 4882 (b),
2512 4812 2725 4882 ἀνόμων
2772 4808 2997 4880 ἀνδρῶν·
3049 4808 3216 4878 ἐχρῆν
3261 4811 3370 4878 γὰρ
3398 4811 3518 4865 τοῦ·

1958 4916 2071 4959 τον,
2100 4899 2191 4952 τὸν
2223 4899 2334 4967 βίον
2357 4897 2655 4963 ἐξελθόντα,
2687 4898 2765 4960 είς
2792 4895 2897 4965 γῆν
2922 4898 3156 4965 ταφῆναι
3188 4899 3323 4968 μετὰ
3348 4900 3519 4968 ἀσφα-

1958 4988 2136 5052 λείας,
2177 4989 2241 5040 ἰν*
2278 4988 2571 5059 οὐρανόθεν
2609 4989 2638 5041 ὁ
2673 4985 2947 5055 Δεσπότης
2994 4985 3264 5050 σαλπίζων
3290 5004 3516 5057 μετανα-

1960 5080 2146 5149 στήσει
2176 5078 2360 5132 τοῦτον
2390 5079 2468 5142 είς
2501 5077 2886 5149 προσκύνησιν.
2930 5077 3194 5130 Τοιούτων
3222 5077 3277 5130 δὲ
3310 5079 3515 5150 ἀνδρῶν

1959 5169 2203 5223 ἀτάκτων
2233 5167 2551 5238 βασιλεύεις,
2581 5168 2656 5230 ὥς
2692 5185 2750 5222 τε
2791 5168 2882 5221 καὶ
2913 5167 3017 5240 πρὸ
3051 5167 3243 5238 καιροῦ
3292 5169 3514 5225 θάνατον

1959 5261 2170 5323 ἑαυτοῖς
2207 5260 2561 5330 ποιουμένων.
2597 5261 2702 5314 Ἴδε
2750 5260 2833 5332 δὴ,
2877 5253 3050 5325 οὗτος,
3086 5260 3143 5314 ὃν
3174 5260 3389 5330 βλέπεις
3425 5279 3513 5315 τε·

1958 5349 2186 5413 θνεῶτα,
2224 5351 2329 5404 ὑπὸ
2357 5350 2664 5422 κακούργου
2688 5351 2779 5404 τὸν
2814 5351 2925 5421 βίον
2959 5351 3276 5422 ὑπεξῆλθεν.
3320 5354 3454 5407 Ἀλλ’
3485 5356 3512 5405 ὀ

1957 5441 2087 5504 Θεὸς
2116 5458 2214 5511 μου
2239 5443 2267 5494 ὀ
2295 5441 2575 5504 τανυσθεὶς
2600 5441 2692 5494 ἐπὶ
2720 5439 2896 5506 ξύλου,
2930 5441 3113 5494 τοῦτον
3142 5442 3344 5513 ἐγείρει
3375 5446 3511 5497 κατὰ

1950 5530 2256 5605 ’πρόσωπον
2278 5534 2511 5589 πάντων.
2544 5531 2727 5586 Ταῦτα
2755 5532 2812 5586 δὲ
2856 5533 3024 5587 εἰπὼν
3052 5533 3362 5605 Ἐπιφάνιος
3379 5577 3392 5601 ,
3420 5541 3513 5592 καὶ

2032 5711 2099 5779 (b)
2141 5709 2293 5779 Legit
2333 5709 2597 5778 interpres
2638 5705 2755 5764 2*ss
2799 5710 3045 5781 βασιλεῦ,
3081 5709 3374 5782 βασιλεύων
3406 5733 3514 5769 κα·-

1956 5781 2085 5847 κῶν,
2118 5788 2221 5835 etc.
2251 5777 2406 5832 Entr.
2442 5776 2677 5836 Parnoi..
3014 5801 3033 5813 ·
