3850 6517
291 572 393 627 ⁹⁴3

1039 570 1405 629 ADVERSUS
1441 574 1782 631 ttAEnEsEs
1820 573 1950 628 ΗΒ.
1995 574 2037 629 ΙΙ
2077 575 2242 630 ΤΟΜ.
2288 574 2326 628 Ι.
2369 603 2435 613 -
2479 572 2749 626 HAERES.
2789 566 2870 624 Lt.

3437 563 3541 619 nto

358 682 645 755 Σημαίνων
677 683 804 754 περὶ
847 686 1242 758 Πεντηκοστῆς.
1282 690 1434 743 Μετὰ
1473 691 1582 762 γὰρ
1609 692 1671 744 τὸ
1710 691 1872 746 θῦσαι
1903 710 1945 764 Α
2049 692 2258 759 Quibus
2288 690 2471 746 verbis
2500 688 2865 743 Pentecosten
2914 684 3137 739 indicat.
3174 680 3385 735 Etenim
3423 689 3545 749 post

287 776 349 829 τὸ
378 775 597 844 Πάσχα,
631 773 764 827 εἴσω
795 774 958 845 τριῶν
983 778 1228 847 ἡμερῶν,
1268 780 1513 835 τουτέστι
1549 782 1686 851 μετὰ
1718 785 1867 851 τρεῖς

291 867 504 937 ἡμέρας
534 866 625 918 τοῦ
653 866 945 937 προόάτου,
972 868 1303 938 προσέταττε
1344 870 1407 923 τὸ
1443 872 1664 943 δράγμα
1691 872 1871 941 εἰσφέ-

297 958 503 1028 ρεσθαι·
540 957 625 1009 ἵνα
661 958 879 1029 σημάνῃ
920 958 980 1011 τὸ
1008 959 1367 1030 εὐλογημένον
1406 962 1625 1034 δράγμα
1666 963 1871 1034 ἐγειρό-

296 1066 455 1119 μενον
483 1050 547 1101 ὲκ
575 1048 683 1100 τῶν
714 1049 925 1120 νεκρῶν
957 1050 1093 1120 μετὰ
1137 1052 1330 1123 τρίτην
1360 1054 1593 1124 ἡμέραν,
1637 1055 1736 1124 τῆς
1766 1054 1872 1122 γῆς

293 1140 426 1194 αὐτὸ
465 1140 908 1212 προσφερούσης,
956 1144 1051 1195 καὶ
1082 1142 1247 1196 αὐτοῦ
1293 1144 1428 1197 αὐτὸ
1464 1146 1624 1198 πάλιν
1655 1143 1874 1216 κομιζο-

297 1231 459 1300 μένου
488 1231 581 1283 ἀπ’
610 1231 781 1299 αὐτῆς
804 1233 861 1285 ὲν
890 1235 956 1303 τῇ
991 1234 1288 1287 ἀναστάσει
1318 1234 1409 1288 τοῦ
1444 1238 1746 1307 μνήματος,
1780 1234 1873 1289 καὶ

297 1321 547 1391 μένοντος
582 1324 679 1375 σὺν
714 1325 827 1385 τοῖς
875 1323 1141 1393 μαθηταῖς
1186 1327 1595 1397 τεσσαράκοντα
1640 1326 1872 1397 ἡμέρας,

297 1414 389 1466 καὶ
416 1413 507 1465 ἐπὶ
534 1413 611 1482 τῷ
636 1413 779 1466 τέλει
804 1413 905 1483 τῆς
933 1415 1313 1487 Πεντήκοστῆς
1361 1419 1703 1489 είσφὲροντος
1746 1417 1877 1471 αὐτὸ

300 1503 376 1565 εἰς
398 1501 469 1555 τὰ
497 1503 793 1572 ἐπουράνια
817 1503 896 1574 τῷ
924 1505 1101 1575 Πατρὶ
1128 1506 1191 1559 τὸ
1216 1508 1556 1577 πρωτότοκον
1584 1508 1691 1561 τῶν
1723 1526 1875 1579 πρω-

294 1592 553 1659 τοτόκων,
586 1596 620 1663 ἠ
652 1594 873 1664 ἀπαρχὴ
904 1597 938 1664 ἠ
981 1594 1111 1663 άγία
1130 1637 1146 1660 ,
1173 1597 1236 1649 τὸ
1279 1597 1526 1668 δράγμα,
1559 1599 1589 1650 ὃ
1620 1598 1879 1669 ἐδράξατο

298 1684 404 1737 άπὸ
434 1686 653 1757 Μαρίας
677 1726 691 1747 ,
720 1687 753 1755 ἠ
784 1686 1176 1753 άγκαλισθεῖσα
1213 1689 1271 1740 ὲν
1302 1686 1422 1759 Θεῷ
1442 1730 1457 1754 ,
1484 1690 1512 1740 ό
1539 1691 1748 1760 καρπὸς
1780 1691 1879 1759 τῆς

300 1775 528 1838 κοιλίας,
557 1778 591 1846 ή
624 1776 847 1847 ἀπαρχὴ
875 1778 977 1848 τῆς
1018 1778 1150 1832 ἅλω.
1186 1779 1385 1833 Οὐκέτι
1421 1784 1529 1851 γὰρ
1565 1780 1704 1851 μετὰ
1739 1781 1880 1833 Πεν-

300 1865 565 1936 τηκοστὴν
593 1864 655 1917 τὸ
678 1865 940 1936 δρέπανον
963 1867 1218 1937 ἀπαρχὴν
1242 1867 1360 1937 Θεῷ
1393 1870 1712 1939 προσφέρει.
1739 1870 1884 1923 Οὐκ-

296 1955 385 2009 έτι
409 1956 517 2024 γὰρ
546 1957 799 2024 Χριστὸς
820 1956 1213 2025 ἀποθνήσκει,
1245 1957 1503 2024 θάνατος
1527 1958 1717 2011 αὐτοῦ
1743 1959 1884 2010 οὐκ·

1973 784 2307 837 immolatum
2356 779 2601 845 Pascha,
2656 780 2797 833 intra
2850 776 3074 832 tertium
3147 775 3311 838 diem,
3363 770 3545 826 offerri

1975 874 2312 943 manipulum
2360 870 2588 941 jubebat
2624 890 2636 923 :
2671 877 2731 924 ut
2770 866 3047 925 benedicti
3087 865 3233 920 iliius
3282 859 3546 931 manipuli

1973 967 2325 1020 adumbraret
2363 964 2680 1034 imaginem,
2707 963 2799 1030 qui
2831 978 2860 1014 a
2906 958 3140 1014 mortuis
3165 957 3463 1014 excitatus.
3495 957 3550 1007 et

1973 1071 2002 1109 a
2029 1064 2177 1111 terra
2207 1051 2612 1125 quodammodo
2656 1052 2745 1107 die
2797 1052 2958 1105 tertia
2998 1060 3082 1106 est
3126 1048 3365 1105 oblatus.
3406 1040 3548 1098 unde

1973 1163 2096 1202 eum
2129 1147 2182 1200 in
2216 1147 2306 1200 iiia
2335 1145 2403 1201 de
2433 1144 2691 1214 sepuicro
2732 1141 3138 1196 resurrectione
3183 1137 3548 1205 recuperavit.

1976 1237 2103 1291 inde
2131 1252 2200 1290 n.
2228 1236 2423 1291 diebus
2472 1250 2596 1288 cum
2635 1221 2919 1301 discipulis
2957 1237 3228 1293 moratus,
3272 1233 3554 1296 postremo

1977 1330 2081 1384 sub
2110 1328 2271 1404 finem
2326 1326 2701 1389 pentecostes,
2742 1320 2992 1378 eumdem
3037 1318 3186 1373 Patri
3235 1314 3554 1371 coeiestibus
3630 1367 3645 1382 ,

1980 1420 2034 1474 in
2061 1419 2356 1473 domiciliis
2376 1417 2575 1473 obtulit
2594 1416 2720 1486 :qui
2747 1423 2849 1484 est·
2874 1410 3270 1483 primogenitus
3297 1424 3327 1463 e
3352 1408 3558 1477 primo·

1979 1511 2200 1582 genitis,
2253 1510 2514 1580 primitiae
2566 1516 2793 1571 sanctae,
2834 1504 3150 1576 manipulus
3193 1515 3225 1554 e
3266 1498 3435 1553 Maria
3469 1495 3562 1552 dc·

1980 1608 2184 1663 sectus,
2206 1599 2374 1655 fascis
2400 1598 2458 1653 in
2485 1597 2596 1653 Deo
2620 1581 3075 1665 comprehensus,
3096 1590 3308 1645 fructus
3329 1588 3556 1648 ventris,

1981 1705 2123 1745 areae
2154 1689 2427 1760 primitiae.
2461 1685 2648 1754 Neque
2670 1686 2815 1741 enim
2855 1691 2980 1755 post
3009 1680 3367 1736 Pentecosten
3398 1678 3563 1747 depu-

1982 1788 2107 1835 tatae
2133 1780 2270 1836 iaice
2293 1780 2550 1850 primitiae
2577 1777 2880 1832 offeruntur
2902 1774 3156 1844 amptiuS.
3189 1770 3371 1838 Quare
3396 1784 3561 1838 neque

1984 1869 2225 1924 Christus
2244 1869 2363 1938 jam
2386 1870 2634 1931 ntoritur,
2653 1882 2795 1920 niort
2815 1865 2863 1918 ei
2885 1864 3028 1917 ultra
3050 1878 3153 1915 non
3175 1857 3557 1919 dominabitur,

1986 1969 2045 2015 ut
2080 1960 2342 2027 scriptum
2373 1956 2518 2012 cst’.
2542 1955 2735 2012 Jamne
2764 1948 2918 2010 vides
2952 1961 3085 2023 quot
3107 1954 3162 2006 in
3188 1954 3306 2021 iege
3353 1954 3559 2020 myste-

297 2044 383 2098 ἐτι
416 2044 698 2112 κυριεύει,
729 2045 868 2099 κατὰ
896 2046 958 2099 τὸ
991 2046 1397 2116 γεγραμμένον.
1433 2048 1545 2100 Καὶ
1579 2047 1714 2117 ὁρᾷς
1739 2046 1881 2101 πόσα
1912 2045 1953 2099 Β
1980 2052 2064 2106 ria
2095 2047 2402 2120 significata
2434 2047 2569 2112 sint,
2603 2049 2657 2100 in
2696 2043 2990 2115 Evangelio
3033 2041 3270 2112 perfecta
3290 2041 3317 2093 ἲ
3345 2037 3562 2104 Quanta

298 2134 434 2188 Θεοῦ
485 2138 761 2208 μυστήρια
806 2136 1116 2206 προετύπου
1165 2138 1360 2208 νόμος,
1406 2139 1502 2190 καὶ
1549 2138 1788 2208 ἐπλήρου
1822 2137 1885 2190 τδ

299 2226 662 2295 Εὐαγγέλιονς
698 2227 872 2280 Πόθεν
898 2228 956 2280 δὲ
983 2228 1083 2281 οὐκ
1120 2227 1317 2298 ἔχομεν
1351 2226 1557 2280 τούτων
1581 2226 1752 2294 δεῖξαι
1784 2228 1883 2298 τήν

303 2318 595 2387 σαφήνειαν
616 2334 632 2376 ;
651 2317 748 2372 Διὰ
771 2317 832 2371 τὸ
867 2318 942 2388 μὴ
969 2320 1060 2381 εἰς·
1079 2318 1274 2381 πλάτος
1299 2317 1414 2389 (55)
1451 2318 1639 2389 φέρειν
1663 2318 1754 2371 τὸν
1785 2317 1880 2370 λό’-

303 2423 420 2473 γον,
453 2410 470 2440 ¹
493 2407 584 2461 διδ·
606 2407 699 2460 ἐπὶ
743 2408 844 2478 τὴν
893 2408 1212 2462 ἀκολουθίαν
1256 2410 1418 2462 πάλιν
1467 2410 1879 2481 ἐπιστρεπτέον.

303 2496 552 2548 Φαίνεται
581 2494 638 2548 δὲ
666 2497 774 2550 άπὸ
816 2514 877 2550 τε
920 2496 1026 2550 τῶν
1076 2497 1322 2568 σταχύων
1357 2499 1449 2552 καὶ
1481 2498 1588 2551 άπὸ
1618 2497 1711 2550 τοῦ
1740 2500 1884 2568 ἁμη-

303 2590 419 2656 τοῦ,
464 2592 557 2645 καὶ
593 2592 702 2645 τῶν
734 2592 1013 2663 μαθητῶν,
1051 2594 1129 2657 ὡς
1169 2593 1305 2664 μετὰ
1333 2593 1439 2647 τῶν
1478 2594 1886 2665 τεσσαράκοντα

299 2682 525 2754 ἡμερῶν
556 2684 862 2755 πειρασμὸν
896 2683 1068 2738 ταῦτα
1101 2684 1279 2738 πάντα
1320 2685 1587 2756 διηγεῖται
1627 2688 1656 2739 ό
1696 2685 1885 2739 Ἰωάν-

300 2790 419 2843 νης,
452 2774 546 2825 καὶ
576 2775 809 2836 Λουκᾶς,
839 2774 935 2826 καὶ
966 2776 1013 2827 οἱ
1038 2774 1259 2839 πάντες.

373 2863 495 2915 AB'.
532 2865 645 2916 Οὐκ
668 2863 941 2919 αἰδοῦνται
974 2864 1033 2917 δὲ
1064 2865 1225 2918 πάλιν
1267 2866 1319 2918 οἱ
1345 2863 1579 2919 τοιοῦτοι
1599 2863 1754 2919 κατὰ
1779 2863 1889 2917 τῶν

303 2953 411 3007 ὑπὸ
455 2953 551 3007 τοῦ
603 2954 758 3023 ἁγίου
809 2955 1060 3009 Ἰωάννου
1104 2954 1412 3026 εἰρημένων
1456 2952 1885 3024 ἐξοπλιζόμενοι,

301 3044 615 3115 νομίζοντες
660 3046 733 3116 μή
766 3061 845 3118 πη
876 3047 985 3117 ἄρα
1022 3046 1277 3100 δύνανται
1320 3046 1421 3117 τὴν
1461 3044 1718 3116 ἀλήθειαν
1763 3045 1892 3098 άνα-

298 3135 523 3205 τρέπειν
545 3153 558 3167 ·
587 3137 687 3189 οὐκ
719 3134 952 3199 εἰδότες,
993 3138 1074 3189 ὅτι
1114 3136 1234 3189 καθ’
1264 3135 1475 3188 ἑαυτῶν
1507 3134 1706 3205 μᾶλλον
1738 3134 1891 3188 ὁπλί-

303 3222 505 3291 ζονται,
540 3226 686 3297 ήπερ
716 3228 857 3281 κατὰ
883 3229 985 3297 τῆς
1006 3225 1193 3295 ὑγιοῦς
1217 3225 1585 3288 διδασκαλίας.
1619 3227 1891 3280 Φάσκουσι

302 3314 362 3369 δὲ
394 3316 533 3370 κατὰ
560 3318 659 3387 τῆς
702 3316 1122 3386 ’Δποκαλύψεως
1148 3315 1275 3368 τάδε
1300 3314 1671 3387 χλευάζοντες·
1700 3317 1764 3371 Τί
1799 3334 1887 3387 με,

304 3409 497 3478 φησὶν,
516 3408 772 3479 ὠφελεῖἠ
814 3408 1182 3477 Ἀποκάλυψις
1222 3408 1490 3472 Ἰωάννου,
1518 3407 1756 3478 λέγουσα
1797 3426 1888 3479 μοι

303 3499 437 3564 περὶ
478 3499 628 3554 ἑπτὰ
666 3500 959 3571 ἀγγέλων.
1001 3499 1101 3554 καί
1147 3499 1299 3554 ἑπτὰ
1350 3500 1737 3569 σαλπίγγων-ς
1789 3501 1891 3554 οὐκ

301 3589 516 3655 εἰδότες,
545 3589 668 3657 πῶς
686 3592 962 3661 ἀναγκαία
990 3592 1085 3645 καὶ
1118 3590 1372 3661 ὠφέλιμα
1400 3592 1625 3645 τοιαῦτα
1650 3592 1891 3663 ὑπῆρξεν

299 3683 356 3736 ὲν
383 3685 451 3752 τῇ
488 3682 741 3752 ὀρθότητι
771 3683 868 3733 τοῦ
916 3682 1291 3747 κηρύγματος.
1321 3682 1463 3731 ’Ὀσα
1492 3682 1601 3750 γὰρ
1631 3678 1700 3750 ἦν
1740 3683 1893 3754 νόμῳ

300 3773 398 3825 καὶ
423 3773 481 3822 ὲν
507 3770 815 3839 προφήταις
862 3766 1112 3818 σκοτεινὰ
1156 3769 1251 3820 καὶ
1293 3769 1690 3840 αἰνιγματώδη,
1719 3770 1892 3826 ταῦτα

302 3861 334 3913 ό
365 3858 568 3929 Κύριος
613 3857 929 3928 ᾠκονόμησε
975 3856 1064 3909 διὰ
1110 3856 1207 3911 τοῦ
1252 3857 1408 3927 άγίου
1449 3859 1771 3932 Πνεύματος
1808 3862 1892 3924 εἰς

304 3949 465 4021 ήμῶν
489 3949 760 4020 σωτηρίαν
782 3947 860 4018 τῷ
880 3947 1049 4018 δούλῳ
1074 3948 1241 4003 αὑτοῦ
1278 3950 1498 4024 Ἰωάννῃ
1521 3953 1887 4025 ἀποκαλύψαι·

306 4042 377 4093 τὰ
405 4043 578 4093 ὲκεῖσε
611 4040 859 4094 σκοτεινὰ
888 4034 990 4094 ὧδε
1039 4043 1119 4104 εἰς
1163 4044 1509 4113 πνευματικὰ
1551 4045 1647 4098 καὶ
1686 4045 1889 4115 ἔκδηλα

310 4130 615 4201 κηρύττων.
657 4123 1048 4201 Πνευματιίιῶς
1073 4131 1131 4185 δὲ
1172 4134 1304 4204 ἡμῖν
1330 4134 1399 4187 τά
1429 4134 1569 4189 αὐτὰ
1598 4136 1887 4207 ᾠκονόμει.

310 4224 421 4276 Καὶ
447 4226 511 4278 ὲκ
542 4224 827 4294 δερμάτων
856 4225 954 4295 μὲν
995 4224 1115 4278 τότε
1144 4225 1543 4292 κατασκευάζει
1587 4226 1705 4295 τὴν
1746 4245 1891 4296 σκη-

308 4314 447 4382 νὴκ,
476 4312 594 4368 τῶν
619 4314 926 4383 δερμάτων
946 4317 1543 4388 ἠρυθροδανωμένων,
1568 4319 1668 4372 καὶ
1691 4322 1893 4373 ὑακιν-

307 4406 620 4470 θίνων,καὶ
637 4407 708 4459 τά
737 4406 884 4477 ἑξῆς,
904 4407 991 4462 ἵνα
1015 4407 1162 4479 δείξῃ
1194 4409 1291 4479 τὴν
1322 4409 1525 4480 σκηνήν
1548 4410 1727 4462 ἐκεῖσε
1761 4426 1888 4481 σκη·

308 4497 404 4567 νὴν
454 4495 557 4567 μὲν
597 4492 798 4562 οὖσαν,
834 4497 1241 4571 άποδεχομένην
1295 4500 1353 4553 δὲ
1398 4500 1498 4569 τὴν
1543 4500 1889 4573 τελειοτάτην

308 4585 511 4656 σκηνὴν
535 4585 629 4639 τοῦ
663 4586 922 4657 Χριστοῦ.
964 4588 1152 4659 Δέρμα
1188 4591 1299 4661 γὰρ
1327 4589 1437 4643 ἀπὸ
1467 4588 1717 4664 σώματος
1754 4591 1891 4659 γίνε-

1987 2154 2153 2212 porro
2185 2138 2257 2193 ad
2296 2152 2415 2193 eam
2464 2151 2578 2191 rem
2633 2134 2924 2206 perspicue
2977 2128 3364 2186 declarandam
3408 2141 3564 2195 argu-

1987 2237 2295 2285 mentorum
2318 2228 2477 2297 copia
2500 2225 2779 2297 suppetit?
2809 2223 2916 2279 Sed
2959 2237 3027 2277 nc
3056 2222 3276 2291 iongius
3305 2223 3564 2274 excurrat

1985 2322 2184 2384 oratio,
2220 2320 2286 2373 ad
2317 2320 2369 2374 id
2406 2317 2553 2389 quod
2594 2317 2751 2372 initio
2782 2314 3123 2388 propositum
3169 2320 3287 2368 crat
3329 2310 3566 2365 redeun-

1987 2413 2118 2467 dum
2167 2410 2327 2466 nobis
2373 2417 2478 2466 est.
2524 2408 2694 2479 igitur
2735 2414 3000 2478 quantum
3033 2420 3097 2460 ex
3137 2404 3306 2474 spicis
3341 2402 3473 2463 iliis,
3511 2406 3566 2455 et

1989 2520 2190 2574 messe,
2229 2518 2292 2558 ac
2344 2502 2631 2572 discipulis
2671 2500 2952 2569 conjicere
2986 2510 3305 2568 possumus,
3343 2498 3567 2563 apparet

1990 2598 2138 2651 iiiam
2164 2593 2417 2660 loannis,
2450 2592 2609 2648 Lucre
2640 2599 3074 2659 caeterorumque
3095 2585 3462 2642 narrationem
3497 2582 3566 2637 ad

1990 2684 2043 2738 id
2088 2691 2325 2753 tempus,
2366 2680 2513 2752 quod
2553 2680 2765 2735 dierum
2799 2695 2867 2733 ιι.
2915 2678 3285 2733 tentationem·
3317 2663 3563 2730 secutum

1987 2783 2092 2839 cst,
2126 2790 2251 2830 esse
2281 2772 2674 2842 referendam„

2057 2860 2469 2935 454ΧΧΧΙΙ.
2511 2861 2726 2916 Atenim
2785 2859 2949 2914 iidem
2997 2859 3076 2912 iiii
3122 2856 3264 2911 citra
3301 2856 3565 2926 pudorem

1991 2953 2159 3007 uiium
2177 2966 2299 3008 scse
2314 2951 2577 3007 adversus
2593 2949 2823 3005 loannis
2845 2949 3226 3004 auctoritatem
3251 2947 3566 3015 accingunt,

1990 3051 2044 3098 ct
2072 3044 2127 3097 id
2158 3059 2328 3097 unum
2356 3044 2621 3113 cogitant,
2660 3051 2718 3096 ut
2752 3041 2935 3111 aiiqua
2969 3056 3034 3094 ex
3059 3047 3233 3109 parte,
3257 3039 3302 3092 si
3329 3038 3563 3108 possint,

1991 3135 2276 3189 veritatem
2335 3141 2618 3206 erertant3
2685 3146 2787 3186 nec
2852 3130 3166 3201 intelligunt
3227 3136 3421 3183 contra
3482 3142 3571 3182 se·

1991 3226 2257 3295 metipsos
2283 3224 2466 3296 potius
2516 3238 2679 3294 quam
2711 3230 2903 3277 contra
2936 3223 3205 3276 sinceram
3234 3220 3565 3282 doctrinam,

1990 3333 2110 3373 eam
2168 3306 2228 3373 sc
2287 3317 2749 3388 oppugnationem
2802 3314 3106 3382 suscipere.
3159 3312 3363 3365 Contra
3423 3311 3571 3381 Apo-

1990 3409 2235 3479 calypsin
2280 3409 2466 3477 itaque
2513 3423 2577 3463 ea
2624 3407 2834 3477 jactare
2866 3420 2966 3476 per
3009 3385 3306 3457 ludibrium
3342 3403 3568 3459 soient:

1990 3499 2132 3567 Quid
2166 3516 2273 3563 me,
2302 3501 2577 3571 inquiunt,
2607 3498 2833 3553 loannis
2853 3497 3211 3569 Apocaiypsis
3236 3496 3412 3565 juvat.
3441 3510 3566 3551 cum

1992 3593 2126 3646 mihi
2149 3602 2341 3659 septem
2364 3593 2576 3663 anqeias
2605 3590 3084 3660 totidemquetubas
3101 3596 3493 3643 commemorat
3515 3587 3605 3640 ⁸!-

1993 3685 2099 3740 Scd
2139 3698 2303 3755 quam
2348 3684 2464 3739 haec
2510 3681 2824 3738 necessaria
2879 3681 3012 3743 sint,
3066 3687 3444 3750 quantumque
3495 3677 3565 3732 ad

1991 3776 2293 3832 Christiani
2326 3759 2599 3847 dogmatis
2627 3775 3000 3831 sinceritatem
3044 3770 3349 3831 conserant.
3380 3770 3568 3825 miseri

1992 3865 2244 3922 homines
2271 3866 2544 3936 ignorant.
2578 3862 2710 3918 Nam
2743 3879 3083 3934 quaecuuque
3111 3862 3166 3917 in
3193 3862 3311 3934 iege
3339 3875 3402 3914 ac
3440 3876 3570 3932 pro-

1991 3956 2170 4023 phetis
2215 3964 2373 4011 crant
2428 3956 2689 4021 obscura,
2731 3954 2817 4007 vei
2868 3954 3216 4025 aenigmatum
3268 3952 3570 4008 involucris

1992 4045 2250 4110 obducta,
2303 4046 2417 4100 iiaec
2479 4045 2546 4099 ad
2608 4059 2957 4099 communem
3012 4050 3260 4097 nostrum
3322 4043 3570 4098 omnium

1992 4137 2224 4191 saiutem
2258 4134 2403 4191 Deus
2432 4151 2592 4191 servo
2620 4150 2720 4191 suo
2756 4133 2999 4189 loanni⁸
3041 4134 3305 4204 singuiari
3333 4121 3567 4205 quadam

1992 4227 2342 4296 providentia
2371 4227 2624 4297 detegere
2662 4224 2855 4287 votuit,
2897 4229 2965 4286 ut*
2988 4237 3110 4293 quae
3137 4211 3426 4278 tenebrosa
3453 4221 3569 4276 iilic

1991 4325 2150 4370 erant
2210 4322 2267 4369 ct
2322 4314 2529 4378 abdita,
2582 4314 2674 4368 hic
2727 4311 3031 4383 spiritaiem
3067 4325 3133 4365 ac
3181 4311 3469 4366 clariorem
3509 4310 3568 4366 in

1991 4406 2215 4460 modum
2256 4405 2597 4460 conformata
2642 4410 2996 4474 proponeret.
3045 4402 3325 4473 Siquidem
3353 4411 3569 4459 veteres

1992 4497 2099 4551 iliae
2150 4510 2343 4551 omnes
2388 4496 2657 4565 imagines
2714 4502 2940 4565 propter
2997 4511 3098 4550 nos
3145 4495 3376 4566 spiritaii
3407 4496 3569 4565 piane

1992 4595 2122 4652 suut
2163 4587 2379 4650 ratione
2436 4586 2736 4655 dispositae.
2779 4584 2941 4642 Velut
2979 4586 3124 4656 quod
3168 4586 3568 4641 tabernaculum

306 4694 395 4731 ται
437 4676 628 4748 νεκρὸν
668 4676 749 4740 ὃν,
794 4676 869 4741 ὡς
916 4678 1044 4732 σκιὰ
1080 4678 1327 4749 σώματος
1359 4678 1584 4745 ζῶντος,
1621 4681 1707 4734 ἵνα
1740 4682 1890 4755 δείξῃ
1925 4710 1966 4765 0
1990 4695 2057 4734 ex
2083 4678 2370 4733 rubricatis
2400 4688 2450 4731 et
2475 4678 2834 4749 hyacinthinis
2867 4676 3092 4747 pellibus
3127 4686 3567 4748 coagmentatum

310 4767 536 4841 σώματα
563 4763 704 4821 εἶναι
743 4767 841 4839 τήν
879 4769 1084 4841 σκηνὴν
1110 4770 1204 4825 τοῦ
1247 4771 1402 4825 Θεοῦ.
1440 4767 1657 4844 Ἐπειδὴ
1689 4775 1797 4844 γὰρ
1829 4776 1886 4828 ὲν
1994 4771 2225 4842 legimus
2253 4772 2298 4835 ⁸,
2323 4784 2388 4825 ac
2412 4769 2460 4826 si
2493 4784 2600 4840 qua
2631 4777 2760 4825 sunt
2789 4769 2911 4838 ejus
2945 4771 3163 4841 generis
3190 4771 3319 4835 alia,
3350 4786 3416 4825 eo
3445 4786 3570 4841 per-

311 4860 559 4931 σώμασιν
587 4860 761 4928 ἁγίοις
788 4865 1122 4932 κατασκηνοῖ
1147 4864 1175 4915 ό
1200 4862 1352 4928 Θεὸς,
1380 4866 1757 4937 πληρουμένου
1790 4865 1885 4919 τοῦ
1993 4864 2190 4925 tinent,
2241 4868 2302 4914 ut
2353 4861 2409 4915 in
2462 4860 2629 4930 hujus
2667 4859 3079 4917 tabernaculum
3124 4870 3412 4918 venturum
3443 4876 3567 4918 esse

311 4951 499 5022 ῥητοῦ,
544 4952 627 5004 ὅτι
666 4950 1124 5019 Karna-unimam
1160 4954 1233 5006 ἐν
1259 4955 1486 5021 αὐτοῖς,
1520 4954 1619 5009 καὶ
1650 4955 1887 5025 ἑμπερι-
1992 4962 2346 5009 monstraret.
2389 4951 2557 5009 Peliis
2589 4952 2794 5023 quippe
2822 4955 3056 5011 mortuis
3099 4954 3427 5027 corporibus
3480 4953 3570 5010 de·

308 5042 575 5108 πατήσω.
1996 5045 2255 5111 trahitur,
2293 5060 2359 5100 ac
2412 5045 2494 5100 sic
2544 5052 2804 5115 tanquam
2861 5048 3108 5102 vivorum
3156 5046 3351 5102 umbra
3380 5062 3567 5103 comes

308 5142 413 5191 est.
446 5132 647 5206 inquo
685 5147 917 5204 corpora
976 5144 1160 5190 nostra
1215 5137 1309 5192 Dei
1349 5153 1475 5193 esse
1541 5137 1959 5194 tabernaculum
1997 5137 2262 5192 declarat.
2312 5136 2451 5191 Cum
2494 5137 2751 5192 nimirum
2795 5138 2851 5192 in
2889 5146 3204 5193 sanctorum
3240 5137 3566 5207 corporibus

309 5227 518 5283 habitet
565 5225 733 5290 Deus,
778 5240 844 5282 ac
888 5228 1101 5282 dictum
1138 5229 1272 5284 ittud
1321 5231 1500 5302 reipsa
1556 5240 1887 5301 praestetur:
1925 5228 2195 5284 Habitaba
2229 5231 2280 5284 in
2313 5230 2445 5291 tttts.
2479 5241 2529 5285 et
2569 5228 2912 5285 inambulabo
2942 5231 2984 5283 ⁸.

382 5321 645 5394 Ἐμελλεν
676 5317 771 5377 οῦν
803 5322 976 5393 πλάνη
1003 5341 1085 5387 τις
1117 5324 1363 5391 γίνεσθαι
1388 5328 1448 5379 ὲν
1479 5330 1709 5393 πιστοῖς,
1740 5329 1787 5381 εἰ
1812 5326 1887 5401 μὴ
2066 5326 2265 5382 Verum
2318 5326 2466 5382 haud
2522 5326 2689 5383 dubie
2734 5325 2973 5383 fidetium
3024 5326 3301 5384 mentibus
3342 5326 3565 5398 quidam

309 5416 343 5484 ή
383 5412 561 5484 βίὸλος
592 5412 977 5486 πνευματικῶς
998 5416 1134 5486 ἡμῖν
1161 5418 1556 5489 ἀπεκαλύφθη,
1589 5420 1678 5473 ἵνα
1714 5419 1890 5490 μάθω-
1990 5419 2332 5491 nbrepsisset
2360 5434 2535 5485 error,
2570 5418 2676 5474 nisi
2709 5420 2975 5490 spiritalis
3009 5419 3169 5475 nobis
3196 5434 3395 5476 sensus
3421 5427 3569 5478 esset

315 5521 414 5573 μεν
456 5503 530 5573 μὴ
573 5501 886 5572 σαλπίγγων
931 5500 1070 5559 εἰναι
1116 5507 1338 5577 χρείαν,
1371 5508 1508 5561 ἀλλὰ
1546 5509 1767 5573 εἰδέναι,
1804 5509 1886 5562 ὅτι
1992 5509 2140 5565 iilius
2188 5509 2314 5564 iibri
2362 5509 2673 5582 patefactus
2699 5529 2712 5563 z
2737 5519 2798 5565 ut
2840 5510 2967 5566 inde
3017 5503 3382 5578 disceremus,
3431 5511 3567 5568 nihii

311 5594 653 5665 πνευματική
682 5595 827 5647 ἐστιν
852 5597 883 5664 η
913 5597 1058 5649 πᾶσα
1086 5595 1179 5647 τοῦ
1219 5595 1355 5649 Θεοῦ
1389 5599 1762 5669 πραγματεία·
1797 5598 1886 5652 ἵνα
1991 5600 2138 5656 tubis
2166 5601 2288 5657 istis
2314 5617 2453 5674 opus
2471 5603 2727 5666 esse,sed
2754 5602 3018 5674 quidquid
3039 5605 3128 5660 hic
3150 5607 3371 5662 molitur
3398 5605 3565 5668 Deus,

385 5755 402 5786 ¹
436 5753 595 5811 Deest
623 5741 848 5878 aiiguid.
928 5754 947 5786 ⁸
983 5752 1138 5816 Rom.
1171 5772 1244 5823 υ,
1280 5756 1337 5810 ss.
1410 5757 1431 5788 ⁸
1456 5757 1625 5827 Apoc.
1658 5773 1775 5822 vm,
1813 5758 1870 5813 Ξ.
1950 5761 1970 5790 ⁸
1999 5761 2167 5829 Apoc.
2201 5775 2239 5823 r,
2272 5761 2322 5815 i.
2400 5762 2422 5792 ⁸
2457 5760 2629 5815 Exod.
2666 5778 2796 5830 xxv,
2823 5763 2875 5816 5.

310 5821 356 5882 n
390 5824 517 5880 cm..
548 5840 622 5887 η,
660 5821 678 5877 ¹
3026 5766 3048 5796 ⁸
3077 5766 3249 5821 berit.
3274 5779 3425 5825 xxvt,
3468 5762 3563 5830 ¹23

379 5981 492 6051 (2175)
534 5983 634 6037 Διὰ
683 5982 742 6035 r‹'-
783 5982 871 6053 μὴ
918 5984 1006 6047 εἰς
1038 5980 1285 6049 mtcircc.
1339 5983 1567 6040 Scribe:
1609 5984 1706 6038 Διά
1737 5984 1792 6038 δὲ
1831 5982 1894 6039 τὸ
1924 5985 2000 6057 μὴ
2030 5986 2109 6049 εἰς
2145 5982 2344 6049 πλάτος
2376 5981 2564 6054 φέρειν
2592 5983 2685 6037 τὸν
2712 5981 2889 6051 λόγον,
2914 5982 3005 6036 ἰπὶ
3028 5981 3126 6057 τήν
3156 5982 3497 6043 ἀκολουθίαν.
