3850 6517
306 504 400 558 64¹

936 504 1304 563 ADVERSUS
1341 505 1679 561 nAEssEsEs
1716 506 1843 560 Lm.
1880 506 1924 563 l.
1965 504 2128 561 Tou.
2161 505 2248 563 ΙΙΙ.
2281 508 2621 567 -nAEnES.
2666 510 2921 568 XXXVH.

3450 520 3556 575 6⁴2

305 621 557 695 ἑρπετὸν,
592 620 958 695 άσκαλαῦώτῃ
998 623 1190 687 ἐοικώς
1211 640 1224 653 ·
1247 619 1308 679 οὗ
1337 627 1369 695 ὴ
1406 632 1504 695 μὲν
1541 625 1634 679 τοῦ
1666 626 1879 695 δηγμα-
1904 628 1954 684 A
1982 624 2145 679 lionis
2173 625 2380 694 specie;
2427 627 2518 695 qui
2551 642 2675 685 cum
2720 644 2907 684 morsu
2940 629 3077 685 nibil
3114 630 3406 686 admodum
3456 649 3554 686 no·

255 705 264 714 ’
308 731 394 777 τος
441 713 611 784 βλάόη
658 716 739 777 είς
784 713 938 768 οὐδὲν
980 714 1274 783 λογίζεται,
1301 714 1363 769 τὸ
1390 716 1447 769 δὲ
1479 715 1724 786 πτύσμα,
1753 715 1787 787 ἢ
1819 715 1878 770 ὲν

304 803 575 875 βρώματι,
610 804 644 874 ἢ
684 805 743 857 ὲν
772 802 921 874 ποτῷ
961 802 1295 871 άκοντισθὲν,
1329 804 1558 859 θάνατον
1581 803 1743 869 εὐθὺς
1766 806 1880 868 τοῖς

306 893 701 966 μεταλαόοῦσιν
728 893 1020 965 ἐργάζεται
1038 910 1053 926 ·
1082 896 1169 949 οἵα
1197 875 1290 948 {tal
1330 897 1365 966 ἡ
1409 896 1597 950 τούτου
1621 897 1879 951 διδασκα-

302 984 413 1039 λία.
432 985 593 1039 Ἀλλὰ
619 987 711 1042 καὶ
737 986 927 1040 τούτου
955 987 1046 1040 τὸν
1069 987 1146 1040 ἰὸν
1175 988 1545 1059 φωράσαντες,
1567 988 1664 1041 καὶ
1691 990 1756 1059 τῇ
1781 986 1875 1042 τοῦ

303 1080 522 1152 Κυρίου.
543 1080 767 1151 δυνάμει
800 1080 911 1135 άπὸ
941 1080 1242 1152 φαρύγγων
1273 1081 1308 1152 ἢ
1337 1081 1560 1152 χειλέων
1606 1082 1716 1135 τῶν
1749 1081 1877 1152 μελ·

303 1179 501 1233 λόντων
542 1179 873 1249 βλάπτεσθαι
911 1180 1314 1252 άπομάξαντες,
1348 1182 1445 1246 τὰς
1490 1182 1616 1252 ἑξῆς
1656 1180 1876 1235 διέλθω·

308 1286 430 1340 μεν,
463 1268 539 1332 ὡς
562 1272 844 1340 προεῖπον,
879 1264 989 1341 ’τῆς
1023 1270 1207 1324 αὐτῶν
1239 1270 1444 1343 βλάὸης
1474 1270 1751 1336 ποιοῦντες
1781 1272 1874 1327 τὸν

305 1358 546 1430 ἔλεγχον.

824 1473 1014 1528 ΚΑΤΑ
1062 1474 1341 1540 uotum,

422 1563 946 1633 Ἐπτακαιδεκάτη,
973 1568 1011 1634 ἡ
1036 1567 1135 1621 καὶ
1156 1566 1476 1636 τριακοστὴ
1514 1566 1755 1636 ἑὸδόμη.

371 1675 454 1729 A’.
503 1675 594 1739 Ὠς
624 1670 717 1730 οὖν
748 1679 815 1748 τῇ
843 1677 938 1731 τοῦ
963 1678 1099 1732 Θεοῦ
1132 1679 1358 1751 δυνάμει
1393 1680 1869 1752 ἐπαγγειλάμενοι,

304 1762 439 1817 Θεοῦ
484 1762 825 1835 βοηθοῦντος,
850 1769 946 1821 καὶ
972 1770 1038 1839 τῇ
1083 1768 1210 1839 ἑξῆς
1248 1770 1450 1843 ταύτης
1479 1772 1872 1844 ὑφηγησόμεθα

301 1857 422 1918 ταῖς
450 1855 709 1927 πρότερον
734 1858 1176 1929 άκολουθήσασαν
1206 1862 1697 1934 ματαιοφροσῦναις
1721 1866 1872 1934 Ὀφι-

1979 721 2120 778 εειιι,
2154 724 2374 783 sputum
2403 717 2580 786 ipsum
2611 717 2656 773 si
2686 719 2744 773 in
2766 719 2949 775 cibum
2978 729 3072 776 aut
3100 730 3290 791 potum
3317 722 3550 785 eliserit.

1978 818 2221 873 praesens
2267 806 2334 858 iis
2374 806 2469 875 qui
2507 806 2862 863 adhibuerint
2906 810 3134 865 exitium
3183 811 3377 868 afferre
3418 811 3525 867 dici

1980 904 2089 950 tur.
2119 896 2399 966 Ejusmodi
2425 906 2510 953 εει
2550 898 2699 954 illius
2728 900 3001 955 doctrina.
3034 902 3145 959 Nos
3178 913 3360 961 autem
3386 905 3552 976 hujus

1978 1001 2197 1057 quoque
2229 1002 2438 1042 veneno
2461 988 2733 1058 patefacto
2754 1030 2769 1055 ,
2789 1005 2853 1045 ac
2881 990 3065 1046 divina
3089 1008 3193 1063 ope
3217 1010 3284 1049 ex
3307 997 3549 1059 illorum,

1976 1077 2178 1148 quibus
2205 1078 2431 1148 jamjam
2456 1081 2766 1135 nociturum
2795 1090 2936 1150 erat,
2971 1082 3223 1140 saucibus
3252 1097 3346 1141 aut
3378 1087 3551 1142 labris

1976 1174 2245 1237 absterso,
2280 1173 2347 1227 ad
2379 1180 2607 1227 caeteras
2639 1180 3082 1238 transeamus.et
3104 1188 3223 1245 eas,
3253 1184 3315 1232 ut
3343 1177 3549 1242 dictum

1973 1274 2081 1331 est,
2109 1265 2359 1321 oratione
2383 1273 2570 1321 nostra
2597 1263 2965 1322 confutemus.

2372 1464 2742 1522 ADVERSUS
2808 1465 3126 1531 opulus,

2153 1558 2286 1624 Quoe
2325 1566 2405 1611 εει
2446 1556 2661 1612 hoeresis
2714 1556 2910 1627 XVII,
2958 1560 3033 1615 vel
3055 1557 3362 1614 XXXVII.

2043 1671 2086 1726 1.
2113 1670 2269 1738 Quod
2295 1670 2465 1741 igitur
2491 1668 2680 1725 divino
2711 1668 2836 1725 freti
2876 1672 3134 1741 praesidio
3165 1672 3509 1744 suscepimus
3529 1714 3545 1738 ‚

1973 1762 2296 1834 Ophitarum
2323 1760 2558 1817 baeresin
2576 1800 2591 1825 ,
2619 1775 2741 1833 quae
2792 1761 3168 1832 superioribus
3196 1764 3308 1820 illis
3336 1764 3546 1820 insanis

1974 1852 2297 1924 stolidisque
2353 1853 2520 1908 sectis
2566 1853 2812 1922 proxima
2880 1862 2986 1921 εει,
3016 1854 3379 1926 aggredimur.
3416 1856 3548 1922 Quae

298 1946 429 2013 τῶν,
459 1946 527 2000 τὰ
573 1947 672 2018 μὲν
713 1949 857 2004 κατὰ
904 1950 972 2004 τὰ
1001 1950 1141 2006 αὐτὰ
1172 1954 1499 2027 φερομένην,
1530 1954 1601 2010 τὰ
1631 1956 1689 2009 δὲ
1724 1955 1870 2027 &⁷02-
1903 1979 1948 2034 Β
1976 1946 2195 2017 quidem
2226 1944 2426 2015 partim
2469 1959 2592 1998 cum
2631 1944 2741 2001 illis
2772 1947 3066 2013 convenit,
3096 1947 3294 2017 partim
3339 1947 3550 2004 discre-

299 2035 593 2108 λαγμένην.
617 2039 840 2109 Δεγέτω
873 2039 966 2093 δὲι
1001 2041 1115 2107 τοῖς
1146 2041 1301 2113 ἤθεσι
1330 2044 1426 2097 καὶ
1472 2046 1712 2116 σχήμασι
1757 2045 1864 2101 τῶν

299 2127 595 2197 χρωμένων
622 2128 755 2200 αὐτῇ
777 2145 792 2159 ·
820 2128 906 2183 ἴνα
941 2129 1055 2184 άπὸ
1091 2134 1193 2203 τῆς
1220 2133 1495 2206 μετεώρου
1530 2135 1736 2206 πλάνης
1766 2135 1866 2206 τῆς

297 2217 502 2271 τούτων
528 2218 822 2289 διαφωνίας
852 2222 1015 2275 παντί
1038 2240 1118 2293 τῳ
1140 2222 1299 2295 δῆλον
1319 2223 1532 2296 ἔσηται,
1565 2225 1649 2280 ὅτι
1689 2224 1868 2297 πλάνῃ

298 2307 546 2376 ἄγονται,
573 2311 667 2364 καὶ
686 2311 785 2364 οὐκ
803 2310 1052 2384 ἀληθείᾳ.
1068 2314 1454 2386 Φωραθήσεται
1483 2315 1542 2369 δὲ
1565 2315 1661 2371 νῦν
1685 2313 1764 2387 τῷ
1785 2314 1869 2369 λό-

300 2414 381 2469 γῳ
416 2399 512 2451 καὶ
555 2399 935 2471 ἐλεγχθήσεται
966 2405 1001 2475 ἡ
1026 2405 1145 2458 κατ’
1170 2406 1334 2461 αὑτοῦ
1351 2407 1372 2437 ’
1399 2406 1574 2462 ἄνοια.

373 2575 438 2627 Oi
466 2576 676 2643 Ὀφῖται
720 2578 821 2647 μὲν
853 2577 979 2649 γὰρ,
1004 2580 1080 2643 ὡς
1123 2582 1403 2651 προεῖπον,
1432 2582 1531 2645 τὰς
1568 2580 1866 2653 προφάσεις

218 2736 230 2746 θ
302 2665 582 2737 εἰλήφασιν
629 2668 737 2721 ἀπὸ
784 2669 884 2740 τῆς
925 2669 1019 2722 τοῦ
1063 2670 1352 2735 Νικολάου,
1394 2670 1490 2724 καὶ
1527 2671 1864 2736 Γνωστικῶν,

302 2760 396 2813 καὶ
423 2758 532 2812 τῶν
564 2760 670 2831 πρὸ
692 2759 897 2814 τούτων
926 2760 1189 2832 αἱρέσεων
1208 2776 1223 2791 ·
1249 2762 1465 2831 Ὀφῖται
1495 2761 1553 2814 δὲ
1585 2762 1866 2818 καλοῦνται

298 2851 366 2903 δι’
395 2850 455 2904 ὃν
501 2851 815 2917 δοξάζουσιν
862 2851 1228 2923 ὄφιν.’Δτοπα
1268 2853 1379 2924 γὰρ
1410 2853 1505 2908 καὶ
1540 2848 1684 2909 οὗτοι
1714 2854 1869 2928 ἑρεῦ·

295 2958 502 3010 γονται,
530 2944 605 3007 ὡς
636 2943 747 2997 ἀπὸ
767 2943 870 3016 τῆς
895 2943 1301 3018 προειρημένης
1327 2942 1588 3016 βρώσεως
1615 2944 1715 3015 τῆς
1738 2945 1868 2999 δυσ-

293 3030 487 3103 οδμίας
528 3031 971 3104 ἐμπεπλησμένοι
990 3050 1006 3065 ·
1052 3033 1147 3087 καὶ
1180 3033 1257 3098 ὡς
1285 3033 1420 3088 κενὰ
1446 3033 1701 3105 δαιμόνια
1720 3035 1867 3088 άπα-

294 3122 554 3195 τηθέντες
599 3118 749 3179 οὗτοι
799 3123 891 3178 τὸν
940 3124 1084 3195 ὄφιν,
1112 3124 1190 3189 ὡς
1235 3127 1519 3196 προεῖπον,
1561 3123 1863 3189 δοξάζουσι.

294 3215 407 3271 Καὶ
446 3216 551 3288 δρα
584 3216 667 3281 είς
694 3215 828 3288 ὄοην
871 3216 1078 3288 προέδη
1111 3214 1524 3287 κακομηχανίαν
1571 3216 1600 3270 ό
1642 3216 1865 3280 τούτους

1967 2047 2085 2117 pat,
2131 2052 2232 2108 pro
2279 2049 2470 2090 eorum
2509 2034 2606 2104 qui
2655 2036 2806 2091 illam
2862 2038 3034 2094 secuti
3084 2045 3248 2105 sunt,
3298 2039 3548 2095 moribus

1968 2131 2270 2199 habituque
2302 2125 2580 2191 dissimili,
2608 2133 2668 2181 ut
2696 2128 2780 2183 vel
2810 2127 2991 2184 inanis
3030 2129 3122 2183 illa
3166 2139 3221 2186 et
3262 2132 3546 2187 erroribus

1966 2212 2244 2290 implicata
2297 2215 2577 2273 discordia
2646 2232 2847 2289 magno
2903 2221 3159 2277 omnibus
3219 2230 3546 2293 argumento

1969 2310 2065 2375 sit,
2091 2308 2334 2365 salsitate
2366 2306 2493 2362 illos
2528 2321 2652 2364 esse
2683 2322 2793 2363 non
2818 2309 3048 2366 veritate
3073 2312 3362 2369 subnixos.
3387 2312 3545 2369 Nunc

1966 2399 2153 2471 itaque
2203 2412 2395 2453 eorum
2441 2397 2691 2454 oratione
2723 2406 2913 2455 nostra
2964 2400 3267 2473 detegenda
3296 2418 3362 2458 ac
3409 2418 3543 2459 con·

1966 2488 2239 2546 vincenda
2265 2488 2489 2545 vesania
2512 2497 2618 2545 εει.

2038 2581 2203 2653 266
2228 2578 2363 2634 Nam
2409 2577 2656 2649 ophim.
2701 2582 3164 2651 quemadmodum
3198 2584 3476 2651 diximus,
3511 2600 3543 2640 a

1967 2671 2213 2735 Nicolao‚
2243 2680 2297 2725 et
2320 2665 2624 2735 Gnosticis,
2653 2686 2718 2726 ac
2750 2672 3029 2742 prioribus
3049 2673 3175 2730 aliis
3214 2677 3382 2731 sectis
3396 2676 3543 2733 emo-

1968 2768 2215 2817 ruerunt.
2245 2758 2394 2826 Quos
2426 2759 2678 2830 ophitas,
2712 2758 2817 2814 boc
2853 2768 2938 2816 est
2984 2765 3268 2831 anquineos
3289 2804 3305 2829 ,
3342 2764 3412 2818 ab
3442 2778 3544 2819 an-

1966 2864 2077 2924 guo
2122 2850 2218 2905 illo
2273 2865 2434 2922 quem
2486 2849 2799 2914 celebrant,
2868 2851 3142 2920 appellare
3186 2852 3385 2909 solent.
3437 2853 3543 2910 Sed

1966 2941 2240 2997 horrenda
2269 2957 2403 2998 sane
2429 2949 2557 2997 sunt
2585 2957 2706 3012 quae
2734 2942 2985 2998 homines
3011 2942 3124 3008 isti,
3147 2951 3208 2998 ut
3235 2945 3312 3000 ita
3341 2945 3545 3014 dicam,

1966 3035 2239 3101 eructant,
2275 3050 2341 3090 ex
2369 3034 2464 3089 illo
2495 3048 2593 3090 esu
2625 3034 2771 3091 velut
2805 3043 2947 3090 tetro
2982 3036 3218 3105 quodam
3254 3034 3426 3091 odore
3456 3052 3546 3094 re-

1967 3121 2113 3178 ferti.
2158 3120 2476 3192 Serpentem
2511 3122 2713 3193 quippe
2759 3122 2885 3178 novi
2913 3122 3201 3194 cujusdam
3225 3123 3404 3179 instar
3435 3139 3543 3179 nu-

1967 3212 2132 3267 minis
2169 3220 2518 3267 venerantur.
2561 3211 2640 3267 Ac
2689 3211 2809 3268 vide
2854 3213 3074 3283 quantis
3126 3227 3223 3269 eos
3257 3212 3546 3273 fraudibus

295 3308 580 3380 ἀπατήσας
618 3308 763 3377 ὄφις.
791 3308 1057 3381 Καθάπερ
1082 3309 1191 3380 γὰρ
1213 3304 1275 3373 ἐξ
1298 3307 1549 3379 ὑπαρχῆς
1578 3308 1703 3372 τοὺς
1736 3308 1865 3381 περὶ
1891 3318 1935 3377 (3
1967 3300 2091 3366 ille,
2132 3316 2165 3356 a
2194 3316 2303 3372 quo
2332 3301 2692 3357 circumventi
2729 3312 2887 3367 sunt,
2919 3317 3145 3373 serpens
3188 3302 3434 3360 irretitos
3466 3314 3546 3361 ιε-

297 3397 445 3455 Εὖαν
493 3401 589 3453 καὶ
632 3399 722 3454 τὸν
754 3400 930 3471 Ἀδάμ
958 3401 1260 3472 ἠπάτησεν,
1288 3400 1432 3455 οῦτω
1469 3399 1566 3454 καὶ
1596 3398 1693 3453 νῦν
1734 3398 1868 3470 κρύ-

300 3504 455 3542 πτων
484 3486 673 3542 ἑαυτὸν
696 3487 756 3541 ἓν
793 3505 851 3541 τε
875 3488 952 3559 τῷ
984 3488 1327 3561 παρόντικαὶ
1359 3491 1419 3543 ὲν
1439 3487 1521 3559 τῷ
1559 3489 1737 3560 χρόνῳ
1759 3486 1868 3542 τῶν

308 3575 596 3642 Ἰουδαίων,
618 3577 747 3652 ἄχρι
770 3582 872 3651 τῆς
889 3579 986 3634 τοῦ
1009 3579 1246 3653 Χριστοῦ
1268 3578 1593 3650 παρουσίας.
1615 3573 1752 3633 Εἶτα
1774 3577 1869 3632 καὶ

293 3668 691 3742 προὸαινόντων
712 3670 824 3725 τῶν
842 3670 1049 3744 χρόνων
1074 3672 1288 3742 λίχνους
1309 3671 1471 3734 ὄντας
1499 3671 1625 3734 τοὺς
1654 3668 1865 3742 ἀνθρώ-

294 3777 430 3823 πους
461 3763 528 3832 τῇ
558 3760 625 3813 δι’
662 3760 827 3813 αὐτοῦ
866 3762 931 3814 ὲκ
971 3761 1072 3830 τῆς
1117 3759 1403 3831 παρακοῆς
1430 3758 1701 3828 ληφθείοῃ
1729 3757 1871 3827 βρώ-

298 3868 402 3916 σει,
432 3850 513 3903 ἒτι
550 3849 892 3904 ὑπονοθεύων
925 3849 1021 3900 καὶ
1051 3846 1335 3916 ἐρεθίζων,
1366 3847 1447 3907 είς
1478 3845 1870 3918 περισσοτέραν

292 3945 512 4012 ἀπάτην
556 3941 667 3994 ἀπὸ
713 3938 807 3994 τοῦ
851 3939 1003 4001 ὄντος
1045 3935 1183 3992 Θεοῦ
1229 3937 1512 4007 ἀφίστησι,
1561 3936 1730 3992 πολλὰ
1769 3938 1867 4009 μὲν

295 4029 730 4100 ὑπισχνούμενος
766 4029 874 4090 ἀεὶ,
903 4027 981 4091 ὡς
1022 4027 1117 4080 καὶ
1161 4027 1220 4093 ἐξ
1269 4028 1443 4099 ἀρχῆς
1462 4039 1479 4057 ·
1510 4028 1605 4082 καὶ
1635 4027 1743 4100 γὰρ
1773 4030 1868 4083 καὶ

297 4123 422 4176 τότε
444 4122 626 4192 ηπάτη
634 4138 713 4186 σε,
730 4119 905 4189 λέγων
922 4136 937 4151 ·
962 4121 1219 4174 'Ecca-os
1238 4119 1320 4186 ὠς
1339 4120 1464 4174 θεοί
1483 4136 1497 4151 ·
1519 4117 1639 4174 εἶτα
1659 4122 1869 4193 προῖόν-

298 4230 410 4266 των
435 4210 542 4265 τῶν
561 4212 786 4283 χρόνων,
813 4210 912 4281 τὴν
939 4209 1287 4282 πολύμορφον
1308 4210 1401 4264 καὶ
1427 4210 1705 4284 τερατώδη
1729 4228 1865 4282 φαν-

295 4305 492 4361 τασίαν
523 4305 705 4367 αὐτοῖς
744 4302 1119 4375 ἐξειργάσατο.
1137 4301 1270 4355 Ἀπὸ
1315 4302 1423 4375 γὰρ
1468 4304 1564 4358 τοῦ
1616 4305 1735 4369 ἑνὸς
1771 4306 1866 4360 καὶ

293 4395 390 4451 τοῦ
443 4393 694 4467 ἀληθινοῦ
746 4391 881 4447 Θεοῦ
925 4394 1239 4465 ἀποστήσας
1287 4393 1505 4459 αὐτοὺς,
1548 4395 1863 4467 ὲνεκίσσησε

293 4487 462 4542 πάλαι
509 4486 610 4559 τὴν
651 4487 750 4557 τῇς
800 4483 1243 4557 είδωλολατρείας
1288 4486 1383 4539 καὶ
1414 4486 1702 4550 πολυθεῖας
1732 4486 1863 4555 βλά-

296 4595 510 4650 σφημον
532 4576 881 4645 κενοφωνίαν.
913 4576 1177 4631 Οὐδέποτε
1206 4576 1316 4647 γὰρ
1348 4572 1487 4647 ἦσαν
1511 4576 1645 4642 θεοὶ,
1671 4575 1860 4648 ὥσπερ

292 4666 416 4720 οὐδὲ
440 4664 737 4730 εἰσὶν,άλλὰ
756 4667 785 4718 ὁ
808 4665 961 4728 Θεός.

1967 3400 2111 3446 neat.
2153 3390 2288 3446 Nam
2324 3400 2381 3446 ut
2408 3392 2576 3445 Evam
2633 3390 2762 3446 olim
2793 3399 2846 3445 et
2892 3389 3161 3445 Adamum
3191 3388 3428 3457 fefellit;
3469 3391 3544 3446 ita

1965 3482 2126 3539 modo
2157 3481 2397 3554 seipsum
2427 3491 2615 3554 tegens
2635 3497 2700 3537 ac
2721 3481 3100 3546 dissimulans,
3115 3480 3361 3554 adeoque
3381 3490 3543 3539 antea

1963 3566 2277 3626 Judaeorum
2322 3559 2703 3642 temporibuS‚
2741 3572 2807 3627 ad
2834 3570 3127 3626 adventum
3161 3587 3335 3642 usque
3380 3571 3542 3627 Chri-

1967 3661 2060 3727 sti,
2088 3662 2415 3719 mortalibus
2439 3663 2720 3733 imposuit.
2746 3660 2886 3717 Tum
2911 3662 3387 3731 progredientibus
3411 3670 3545 3715 irta-

1966 3754 2113 3811 tibus
2141 3769 2269 3809 esca
2297 3754 2414 3819 illa,
2444 3769 2608 3824 quam
2635 3760 2828 3808 contra
2860 3752 2955 3808 Dei
2985 3751 3337 3808 interdictum
3374 3766 3540 3808 usur-

1966 3859 2099 3915 pare
2147 3843 2266 3900 ausi
2304 3844 2542 3911 fuerant,
2591 3845 2923 3916 prolectatos
2955 3843 3236 3909 homines,
3268 3852 3324 3900 ει
3364 3844 3542 3900 avidi-

1966 3943 2078 3992 tate
2118 3947 2401 4007 correptos
2450 3936 2520 3992 ab
2566 3938 2838 4008 obsequio
2887 3938 2984 3995 Dei
3016 3937 3390 3995 callidioribus
3421 3952 3541 3992 ma-

1965 4027 2145 4083 chinis
2163 4028 2451 4093 abstraxit,
2483 4028 2862 4087 vehementius
2907 4027 3200 4085 identidem
3221 4028 3540 4087 adulterans

1964 4128 2018 4175 et
2049 4119 2318 4190 instigans
2339 4159 2354 4185 ,
2395 4134 2459 4175 ac
2495 4104 2791 4177 multarum
2839 4136 3020 4175 rerum
3053 4135 3207 4190 spem
3231 4160 3248 4184 ,
3291 4130 3351 4176 ιιι
3382 4121 3539 4177 initio

1965 4207 2200 4274 fecerat,
2244 4208 2563 4266 ostendens.
2602 4208 2740 4264 Nam
2783 4216 2836 4264 et
2869 4217 3001 4265 tunc
3047 4209 3122 4263 ita
3154 4209 3279 4265 illos
3325 4208 3542 4281 decepit

1964 4313 2092 4355 cum
2118 4300 2323 4356 diceret
2353 4318 2367 4355 z
2407 4299 2577 4355 Eritis
2619 4302 2758 4354 sicut
2795 4298 2872 4354 dii
2901 4299 2940 4355 ⁸.
2967 4299 3106 4355 Tum
3137 4300 3400 4370 paulatim
3441 4315 3540 4355 va-

1963 4390 2077 4446 rias
2105 4405 2168 4445 ao
2198 4392 2432 4461 portenti
2464 4392 2773 4448 simillimas
2799 4393 2880 4447 eis
2908 4391 3120 4462 species
3145 4392 3367 4463 objecit.
3400 4391 3538 4449 Cum

1963 4471 2107 4540 enim
2140 4486 2210 4540 ab
2257 4501 2368 4539 uno
2402 4501 2642 4555 veroque
2695 4485 2804 4541 Deo
2849 4486 2974 4541 illos
3008 4467 3331 4554 avertisset,
3367 4488 3542 4544 idolo-

1964 4576 2123 4631 latria
2177 4575 2674 4646 multipliciumque
2719 4575 2952 4632 deorum
2988 4578 3352 4649 ineptissimis
3409 4580 3540 4634 reli-

1970 4666 2222 4738 gionibus
2279 4666 2428 4720 velut
2474 4665 2876 4739 letudquodam
2934 4669 3198 4739 implevit.
3256 4668 3535 4738 Siquidem

292 4759 373 4815 dii
403 4773 683 4829 nunquam
742 4758 1107 4826 exstiterunt,
1152 4757 1234 4812 uti
1282 4773 1382 4814 nec
1421 4758 1700 4815 exsistunt
1730 4760 1930 4825 modo,
1963 4760 2058 4816 sed
2090 4759 2232 4817 Deus
2263 4760 2548 4817 duntaxat.

363 4872 671 4945 Προεκίσσα
690 4872 748 4926 δὲ
798 4871 897 4943 τὴν
932 4872 1337 4943 εἰδωλομανιαν,
1390 4872 1485 4928 καὶ
1542 4873 1855 4939 πολυθεῖαν,
1888 4878 1935 4933 1)
2033 4873 2234 4931 Verum
2257 4876 2510 4932 insanum
2535 4875 2957 4934 simulacrorum
2978 4877 3208 4945 cultum,
3232 4892 3296 4935 ac
3310 4878 3535 4937 deorum

292 4967 393 5022 καὶ
432 4963 719 5036 άπατηλὴν
759 4962 1017 5018 διάνοιαν.
1080 4961 1195 5016 Οὔκ
1248 4958 1319 5033 ἦν
1369 4962 1427 5017 δὲ
1482 4964 1653 5027 αἴτιος
1699 4964 1863 5034 μόνος

290 5061 323 5113 ὁ
361 5056 682 5128 φαινόμενος
720 5053 839 5106 τότε
889 5055 1031 5122 ὄφις,
1074 5052 1209 5106 ἀλλὰ
1239 5055 1268 5106 ὁ
1316 5054 1374 5107 ὲν
1418 5053 1498 5125 τῷ
1547 5054 1668 5125 ὄφει
1738 5056 1861 5126 ὄφις

239 5167 259 5182 “
292 5149 531 5221 λαλήσας
548 5188 564 5214 ,
613 5145 757 5217 φημὶ
802 5144 860 5198 δὲ
903 5143 1145 5208 διάὸολος
1164 5183 1181 5209 ,
1242 5143 1337 5200 καὶ
1399 5146 1497 5217 τὴν
1539 5149 1715 5218 ,ἀκοὴν
1764 5148 1859 5202 τοῦ

1962 4967 2366 5024 multitudinem
2390 5008 2407 5033 ,
2446 4976 2502 5025 et
2537 4969 2883 5027 fraudulenta
2911 4972 3144 5029 consilia
3155 4972 3363 5029 dudum
3390 4972 3537 5045 apud

1961 5071 2022 5113 se
2047 5067 2402 5129 conceperat.
2434 5058 2624 5131 Neque
2655 5076 2784 5117 vero
2808 5065 2959 5120 solus
2982 5064 3073 5120 ille
3094 5104 3112 5131 ,
3145 5065 3239 5135 qui
3262 5064 3536 5121 extrinse-

1957 5163 2060 5205 cus
2089 5150 2419 5219 apparebat,
2454 5166 2681 5221 serpens
2715 5155 2853 5209 tanti
2885 5155 3014 5211 mali
3061 5169 3288 5211 causam
3318 5155 3536 5223 attulit;

296 5238 577 5310 ἂνθριὶιπου
626 5235 870 5309 ταράξας
932 5234 1021 5290 διὰ
1072 5235 1173 5306 τῆς
1229 5237 1512 5305 γυναικός.
1575 5238 1688 5293 Καὶ
1737 5238 1859 5293 οὐδὲ
1955 5238 2053 5295 sed
2082 5240 2177 5309 qui
2206 5254 2304 5310 per
2331 5256 2458 5296 eum
2488 5241 2816 5313 loquebatur
2839 5244 2983 5300 alius
3011 5258 3240 5314 serpens
3262 5282 3280 5310 ,
3316 5243 3424 5300 hoc
3451 5256 3540 5301 est

290 5332 354 5385 τὸ
388 5330 545 5395 ξύλον
574 5325 643 5400 ἦν
682 5326 946 5399 ἁμαρτία.
972 5325 1107 5391 Θεὸς
1141 5325 1250 5398 γὰρ
1289 5327 1443 5381 οὐδὲν
1485 5328 1721 5401 πονηρὸν
1759 5347 1859 5400 φυ-

290 5420 461 5476 τεύει.
493 5418 698 5472 Γνῶσιν
723 5416 780 5474 δὲ
801 5416 1083 5485 ἐνεποίησε
1102 5414 1165 5469 τὸ
1187 5414 1343 5481 ξύλον
1366 5413 1461 5469 τοῦ
1489 5415 1686 5469 εἰδέναι
1716 5417 1857 5485 ἀγα-

290 5511 385 5565 oo,
416 5526 480 5563 τε
522 5508 617 5562 καὶ
650 5505 872 5577 φαῦλον.
905 5506 1015 5560 Καὶ
1057 5505 1180 5575 οὐχὶ
1209 5505 1298 5560 διὰ
1322 5505 1384 5558 τὸ
1411 5504 1608 5559 εἰδέναι
1636 5508 1665 5559 ὁ
1695 5505 1862 5560 θάνα-

288 5617 405 5667 τος,
435 5600 569 5654 ἀλλὰ
617 5599 707 5654 διὰ
749 5598 850 5669 τὴν
892 5598 1195 5669 παρακοήν.
1228 5595 1341 5650 Καὶ
1372 5595 1482 5665 γὰρ
1513 5597 1548 5667 ἡ
1581 5597 1731 5651 πᾶσα
1762 5597 1859 5651 τοῦ

289 5691 488 5766 ἐχθροῦ
517 5692 639 5746 τότε
672 5691 909 5763 συσκευὴ
939 5691 1037 5761 οὺχ
1069 5691 1253 5745 ἕνεκεν
1273 5690 1369 5746 τοῦ
1398 5689 1685 5762 βρώματος
1710 5691 1861 5760 γέγο-

281 5889 297 5916 ·.
375 5871 568 5942 Ἰιζγω
601 5874 680 5930 δέ.
756 5877 777 5908 ¹
808 5871 871 5929 F.
901 5874 1124 5939 αὐτούς.
1192 5872 1213 5904 ⁸
1246 5873 1382 5933 Gen.
1404 5890 1489 5944 ιιι,
1516 5875 1567 5929 5.

1962 5329 2249 5395 diabolus,
2290 5332 2385 5403 qui
2433 5333 2684 5389 auditum
2728 5335 2834 5390 viri
2885 5334 3132 5390 mulieris
3162 5350 3320 5391 -usus
3371 5350 3534 5407 opera

1963 5423 2325 5493 perturbavit.
2369 5423 2557 5497 Neque
2605 5426 2814 5498 lignum
2843 5427 3022 5498 ipsum
3069 5434 3352 5498 peccatum
3389 5427 3533 5496 fuit;

1963 5512 2101 5568 nibil
2128 5515 2274 5570 enim
2308 5530 2341 5570 a
2382 5515 2494 5571 Deo
2540 5519 2669 5573 mali
2704 5518 2945 5585 seritur,
2996 5518 3094 5577 sed
3134 5520 3263 5576 boni
3297 5520 3535 5593 malique

1964 5604 2334 5675 cognitionem
2385 5606 2594 5677 lignum
2651 5608 2786 5665 illud
2834 5610 3037 5666 attulit.
3089 5608 3160 5666 At
3205 5626 3317 5667 non
3353 5625 3421 5669 ex
3465 5623 3532 5665 ea

1966 5694 2199 5753 scientia
2230 5710 2378 5754 mors
2395 5703 2500 5764 est,
2524 5697 2624 5755 sed
2645 5714 2711 5756 ex
2735 5701 3082 5758 contumacia
3110 5702 3374 5773 prosecta.
3394 5699 3529 5756 Nam
