3850 6517
276 497 381 556 5⁰9

981 497 1350 566 ADVERSUS
1388 499 1730 559 HAERESES
1767 499 1898 556 Lm.
1940 501 1982 556 Ι.
2025 501 2190 557 Tou.
2232 501 2296 559 ΙΙ.
2336 532 2405 542 -
2451 497 2722 557 uAERES.
2757 497 2944 555 XXXI.

270 611 488 683 πρῶτον
521 611 945 685 μεμορφωκέναι
982 614 1152 685 αὐτὴν
1186 615 1245 668 ἐκ
1269 617 1369 687 τῆς
1396 614 1636 687 ψυχικῆς
1667 615 1855 680 οὐσίας
1884 620 1929 677 Α
1957 616 2244 679 convertit,
2274 615 2342 669 ad
2371 612 2538 685 idque
2562 629 2684 683 quae
2716 628 2748 667 a
2786 612 3069 668 Salvatore
3090 610 3290 667 tradita
3320 610 3537 669 fuerant

269 703 492 774 λέγουσι
537 703 633 759 τὸν
685 704 906 777 Πατέρα
950 705 1044 759 καὶ
1095 705 1320 776 βασιλέα
1362 706 1603 771 πάντων,
1639 705 1750 761 τῶν
1790 723 1853 762 τε

268 794 574 867 ὁμοουσίων
602 795 777 866 αὐτιῖ),
813 796 1058 850 τουτέστι
1090 795 1200 851 τῶν
1238 797 1506 869 ψυχικῶν,
1543 796 1581 853 ἃ
1610 797 1676 870 δὴ
1704 796 1854 863 δεξιὰ

271 886 521 947 καλοῦσι,
558 887 657 941 καὶ
681 886 790 940 τῶν
817 887 881 939 ἐκ
911 887 1007 942 τοῦ
1038 888 1247 953 πάθους
1280 889 1377 945 καὶ
1405 890 1506 962 τῆς
1543 888 1695 959 ὕλης,
1719 888 1757 945 ά
1788 889 1853 962 δὴ

270 978 540 1050 ἀριστερά
585 976 826 1033 καλοῦσι.
873 977 1061 1033 Πάντα
1100 980 1209 1054 γὰρ
1241 980 1314 1037 τὰ
1336 982 1458 1036 κατ’
1503 980 1707 1036 αὐτὸνι
1744 981 1851 1051 φά-
1896 1008 1908 1017 ·

278 1087 465 1125 σκουσι
513 1070 930 1142 μεμορφωκέναι
953 1113 970 1139 ,
1021 1072 1322 1144 λεληθότως
1379 1072 1695 1146 κινούμενον
1746 1072 1854 1128 ὑπὸ

274 1160 375 1230 τῆς
405 1162 640 1232 Μητρὸς,
669 1161 794 1216 ὅθεν
820 1162 915 1217 καὶ
956 1166 1385 1237 Μητροπάτορα,
1422 1166 1517 1221 καὶ
1555 1164 1848 1238 ’Δπάτορα,

274 1254 366 1305 καὶ
401 1252 739 1325 Δημιουργὸν
788 1254 952 1309 αὐτὸν
971 1294 987 1318 ,
1032 1258 1128 1311 καὶ
1169 1257 1391 1329 Πατέρα
1436 1256 1691 1312 καλοῦσι·
1740 1255 1850 1311 τῶν

271 1342 371 1411 μὲν
412 1342 601 1407 δεξιῶν
649 1346 866 1417 πατέρα
910 1346 1161 1416 λέγοντες
1215 1348 1399 1417 αὐτὸν,
1446 1348 1693 1403 τουτέστι
1738 1346 1849 1421 τῶν

264 1433 532 1503 ψυχικῶν,
553 1435 664 1489 τῶν
684 1436 742 1490 δὲ
766 1436 1093 1509 ἀριστερῶν,
1119 1440 1364 1494 τουτέστι
1385 1438 1495 1494 τῶν
1520 1439 1850 1511 ὑλικῶν,δη-

268 1522 545 1593 μιουργδν,
573 1524 901 1595 συμπάντων
930 1526 992 1580 δὲ
1014 1526 1258 1598 βασιλέα.
1283 1528 1395 1600 Τὴν
1432 1528 1544 1601 γάρ
1581 1526 1849 1599 'Evocan-

267 1629 353 1666 σιν
392 1614 617 1686 ταύτην,
649 1615 999 1689 βουληθεῖσαν
1036 1620 1118 1683 εἰς
1153 1618 1317 1691 τιμὴν
1375 1618 1485 1674 τῶν
1516 1617 1738 1673 Δίὠνων
1777 1618 1846 1673 τά

266 1703 445 1759 πάντα
475 1706 718 1776 ποιῆσαι,
748 1705 961 1775 εἰκόνας
997 1710 1212 1779 λέγουσι
1248 1710 1609 1781 πεποιηκέναι
1646 1708 1846 1775 αὐτῶν,

266 1792 467 1861 μᾶλλον
502 1794 560 1848 δὲ
598 1795 689 1848 τὸν
727 1797 958 1868 Σωτῆρα
1004 1800 1073 1853 δι’
1106 1800 1299 1871 αὐτῆς,
1330 1799 1426 1853 καὶ
1463 1798 1632 1870 αὐτὴν
1669 1798 1768 1869 μὲν
1788 1792 1847 1851 ἐν

260 1882 429 1936 εἰκόνι
453 1885 548 1939 τοῦ
577 1888 813 1959 ἀοράτου
845 1890 1061 1961 Πατρὺς
1086 1890 1447 1962 τετηρηκέναι
1476 1892 1551 1962 μὴ
1576 1906 1847 1959 γινωσκο-

1954 706 2280 763 documenta
2311 705 2615 761 transtulit.
2654 703 2734 760 Ac
2771 704 3007 775 primum
3044 710 3270 759 narrant
3313 718 3381 760 ex
3419 703 3536 759 ani-

1954 804 2101 853 mata
2128 796 2437 853 substantia
2466 795 2760 851 formatum
2793 794 2862 849 ab
2885 795 2974 849 illa
2997 792 3213 851 Patrem
3239 809 3305 850 ac
3331 792 3534 865 Regem

1955 889 2223 952 omnium,
2249 895 2361 943 tam
2394 902 2585 944 eorum
2617 886 2852 951 scilicet,
2873 900 2996 956 quae
3035 886 3224 942 eadem
3257 900 3380 941 cum
3415 884 3536 956 ipsu

1952 990 2152 1034 natura
2204 986 2483 1046 constant,
2538 977 2645 1033 hoc
2702 984 2790 1033 est
2848 976 3232 1042 animatorum,
3277 992 3399 1047 quae
3457 975 3534 1031 illi

1953 1068 2143 1125 dextra
2185 1078 2531 1142 nuncupant,
2572 1083 2737 1139 quam
2780 1083 2969 1125 eorum
3006 1083 3130 1138 quae
3162 1082 3228 1122 cx
3251 1066 3537 1123 affectione

1952 1171 2018 1212 ac
2075 1160 2300 1214 materia
2365 1168 2771 1231 componuntur
2791 1200 2808 1226 ,
2859 1173 2980 1228 quae
3038 1157 3260 1213 sinistra
3314 1162 3533 1212 vocant.

1949 1246 2088 1304 Nam
2119 1250 2397 1316 universa,
2425 1266 2551 1322 quae
2589 1258 2715 1322 post
2749 1251 2929 1322 ipsum
2976 1250 3328 1314 exstiterunt,
3355 1248 3425 1303 ab
3470 1264 3536 1304 eo

1951 1338 2143 1395 dicunt
2164 1339 2363 1406 efficta,
2392 1357 2519 1398 cum
2548 1356 2579 1396 a
2611 1341 2781 1399 Matre
2806 1341 2971 1397 tacite
2990 1342 3056 1396 ad
3081 1342 3133 1396 id
3155 1350 3300 1399 esset
3330 1343 3534 1412 impul-

1950 1442 2087 1484 susz
2120 1442 2186 1484 ac
2209 1436 2500 1500 propterea
2532 1429 2885 1501 Metropator,
2914 1435 2969 1483 et
2997 1428 3222 1499 Apator,
3243 1435 3298 1483 et
3331 1426 3536 1483 Condi-

1951 1527 2039 1575 tor
2062 1535 2128 1576 ac
2169 1520 2378 1579 Parens
2424 1522 2752 1594 appellatur.
2805 1520 3131 1577 Dextrorum
3169 1519 3441 1587 videlicet,
3476 1518 3531 1578 id

1949 1619 2033 1667 est
2071 1611 2254 1667 anima
2287 1612 2662 1684 praeditorum,
2699 1611 2943 1680 Parens3
2974 1611 3336 1666 sinistrorum
3378 1625 3530 1677 vero,

1947 1702 2056 1758 hoc
2093 1711 2179 1759 est
2220 1710 2599 1760 concretorum
2644 1718 2768 1759 cum
2814 1703 3066 1767 Materia,
3109 1701 3410 1771 Conditor;
3466 1715 3531 1758 ac

1951 1793 2066 1850 Rex
2126 1794 2345 1851 demum
2395 1796 2796 1854 universorum.
2857 1794 3135 1867 Siquidem
3175 1793 3529 1867 Enthymesin

1950 1884 2098 1939 illam
2119 1884 2378 1957 produnt,
2409 1901 2534 1941 cum
2563 1887 2630 1943 ad
2657 1886 2896 1942 AEonum
2927 1887 3186 1942 honorem
3216 1892 3271 1942 et
3300 1885 3530 1956 gloriam

265 1973 433 2044 μένην
476 1976 582 2031 ὑπὸ
613 1978 710 2033 τοῦ
743 1981 1106 2054 Δημιουργοῦ,
1137 1982 1328 2037 τοῦτον
1369 1982 1429 2037 δὲ
1470 1981 1566 2035 τοῦ
1616 1994 1839 2051 μονογε·
1869 1972 1913 2027 B
1942 1976 2120 2031 moliri
2146 1977 2330 2031 omnia
2374 1986 2620 2048 cuperet,
2660 1990 2840 2034 certas
2885 1992 3075 2032 eorum
3111 1976 3376 2046 imagines
3414 1974 3532 2032 edi-

257 2059 385 2129 νοῦς
412 2066 567 2135 Υἱοῦ,
597 2069 707 2125 τῶν
730 2072 789 2126 δὲ
814 2072 1015 2128 λοιπῶν
1042 2074 1265 2129 Δίώνων
1304 2075 1436 2138 τοὺς
1462 2073 1568 2127 ὑπὸ
1588 2071 1795 2126 τούτων
1820 2072 1841 2102 ⁸

254 2158 546 2225 γεγονότας
564 2161 936 2234 ἀρχαγγέλους
956 2180 1018 2219 τε
1047 2165 1142 2220 καὶ
1161 2166 1448 2235 ἀγγέλους.

1948 2067 2118 2131 disse,
2141 2067 2222 2123 vel
2268 2083 2365 2139 per
2403 2069 2578 2139 ipsam
2615 2070 2800 2139 potius
2853 2068 2907 2123 id
2950 2068 3126 2140 egisse
3168 2065 3526 2133 Salvatercm,

1949 2155 2193 2228 adeoque
2218 2157 2368 2212 illam
2400 2158 2458 2213 in
2481 2156 2656 2231 effigie
2690 2156 2870 2214 Patris
2904 2158 2999 2229 qui
3028 2158 3311 2214 oculorum
3348 2159 3527 2214 visum

252 2248 460 2322 effugit,
488 2255 801 2323 retinuisse,
847 2267 907 2313 ut
939 2273 1061 2314 eam
1094 2260 1321 2315 minime
1358 2258 1628 2314 Conditor
1692 2258 2080 2326 cognosceret;
2145 2248 2294 2305 hunc
2327 2264 2458 2305 vero
2497 2250 2567 2305 ad
2619 2251 2867 2322 unigenae
2899 2248 3022 2304 Filii
3055 2269 3070 2305 :
3103 2251 3172 2305 ad
3207 2259 3526 2307 oeterorum

257 2343 495 2401 AEonum
526 2350 959 2420 similitudinem,
994 2354 1167 2412 factos
1204 2356 1276 2412 ab
1307 2355 1377 2411 iis
1405 2354 1570 2426 106
1605 2347 1970 2420 archangelos
2001 2345 2334 2417 angelosque
2362 2346 2654 2415 prodiisse.

329 2435 550 2508 Πατέρα
570 2436 661 2493 οὗν
688 2443 784 2496 καὶ
804 2443 934 2498 Θεὸν
966 2444 1213 2514 λέγουσιν
1233 2446 1397 2502 αὐτὸν
1420 2445 1703 2516 γεγονέναι
1722 2441 1834 2498 τῶν

260 2524 419 2589 ἐκτὸς
439 2526 532 2580 τοῦ
562 2528 943 2603 πληρώματος,
989 2537 1219 2607 ποιητὴν
1258 2537 1389 2591 ὅντα
1428 2538 1647 2592 πάντων
1675 2534 1837 2605 ψυχι-

259 2613 372 2669 κῶν
394 2634 455 2671 τε
481 2620 578 2673 καὶ
610 2620 832 2677 ὑλικῶν.
860 2621 1223 2696 Διακρίναντα
1248 2628 1361 2697 γάρ
1396 2624 1497 2691 τάς
1531 2625 1627 2682 δύο
1650 2625 1837 2689 οὐσίας

261 2709 689 2780 συγκεχυμένας,
730 2712 825 2767 καὶ
860 2712 925 2781 ἐξ
953 2715 1263 2786 ἀσωμάτων
1298 2718 1836 2788 σωματοποιήσαντα,

247 2795 776 2874 δεδημιουργηκέναι
806 2806 879 2861 τά
913 2823 976 2860 τε
1017 2808 1245 2879 οὐράνια
1276 2808 1373 2863 καὶ
1407 2809 1477 2863 τά
1519 2810 1703 2881 γήϊνα,
1738 2810 1835 2865 καὶ

246 2892 527 2956 γεγονέναι
561 2893 765 2951 ὑλικῶν
806 2898 901 2952 καὶ
938 2897 1208 2970 ψυχικῶν,
1253 2900 1447 2966 δεξιῶν
1484 2901 1582 2955 καὶ
1620 2901 1835 2973 ἀριστε-

254 2974 364 3047 ρῶν
385 2978 738 3057 δημιουργὸν,
763 2988 985 3059 κούφων
1015 2991 1110 3045 καὶ
1140 2990 1377 3063 βαρέων,
1410 2992 1712 3066 ἀνωφερῶν
1736 2995 1832 3050 καὶ

248 3073 602 3158 κατωφερῶν.
656 3078 827 3134 Ἑπτά
880 3081 992 3154 γάρ
1034 3082 1299 3155 οὐρανοὺς
1344 3087 1828 3152 κατεσκευακέναι,

244 3147 326 3210 ὧν
368 3160 557 3217 ἐπάνω
602 3166 695 3221 τὸν
743 3170 1085 3243 Δημιουργδν
1134 3168 1272 3226 εἶναι
1313 3171 1557 3243 λέγουσι·
1601 3177 1697 3230 καὶ
1737 3176 1829 3231 διά

2013 2436 2378 2501 Quamobrem
2401 2434 2615 2493 Patrem
2647 2436 2798 2491 illum
2827 2450 2893 2491 ac
2918 2434 3089 2499 Deum
3112 2437 3361 2493 omnium
3389 2451 3494 2493 con
3518 2466 3527 2477 ·

1943 2524 2201 2591 stituunt,
2230 2540 2352 2596 quae
2398 2534 2554 2581 extra
2587 2527 2824 2597 pleroma
2857 2528 3216 2594 collocantur,
3251 2533 3526 2583 omnium-

1943 2631 2049 2686 que
2076 2616 2260 2673 itidem
2284 2616 2466 2671 anima
2486 2618 2572 2673 vel
2597 2619 2821 2673 materia
2847 2618 3219 2689 praeditorum.
3249 2617 3351 2674 Ubi
3377 2620 3522 2675 enim

1943 2704 2081 2763 duas
2098 2706 2223 2763 illas
2244 2716 2468 2763 naturas
2495 2709 2636 2763 inter
2665 2725 2788 2767 sese
2809 2712 3071 2767 confusas
3096 2726 3159 2765 ac
3181 2711 3523 2781 promiscuas

1943 2799 2271 2870 segregavit,
2292 2798 2728 2870 corporibusque
2773 2809 3024 2857 carentes
3056 2801 3262 2873 redegit
3305 2803 3359 2857 in
3399 2817 3523 2857 cor-

1934 2906 2108 2963 pora;
2137 2899 2255 2947 tum
2282 2893 2502 2948 demum
2526 2891 2771 2947 coelestia
2797 2892 2998 2964 pariter
3039 2908 3102 2948 ac
3139 2901 3357 2949 terrena
3389 2909 3523 2950 con-

1933 2981 2162 3049 didisse,
2183 2997 2251 3039 ac
2292 2982 2657 3038 materialium
2698 2992 2751 3038 et
2791 2984 3178 3049 animatorum,
3202 2984 3520 3042 dextrorum

1931 3084 1998 3125 ac
2025 3070 2401 3138 sinistrorum,
2432 3071 2633 3127 levium
2672 3085 2736 3126 ac
2757 3070 3024 3143 gravium,
3058 3086 3247 3127 eorum
3286 3075 3520 3145 denique

1927 3178 2051 3234 quae
2076 3178 2296 3219 sursum
2343 3170 2436 3217 aut
2488 3163 2742 3221 deorsum
2792 3163 3042 3220 feruntur
3075 3164 3322 3236 opificem
3348 3168 3520 3223 exsti-

243 3248 402 3305 τοῦτο
428 3253 730 3328 Ἐσδομάδα
764 3262 1023 3317 mofiezv
1050 3264 1355 3333 gavamm„
1395 3265 1454 3319 δὲ
1492 3266 1708 3339 μητέρα
1731 3263 1906 3339 2·th
1936 3250 2090 3307 tisse.
2131 3250 2400 3324 Septenos
2428 3255 2630 3325 quippe
2676 3254 2930 3310 coelestcs
2975 3256 3139 3311 orbes
3176 3254 3515 3315 fabricasse:

262 3339 514 3414 ’appan
547 3346 829 3418 Ὁγδοάδα,
880 3352 1273 3419 ἀποσώζουσαν
1316 3355 1411 3410 τὸν
1449 3357 1683 3430 ἀριθμὸν
1726 3358 1825 3413 τοῦ

251 3429 549 3503 ἀρχεγόνου
574 3435 619 3502 ⁸,
654 3440 747 3493 καὶ
784 3443 890 3514 πρὸ
928 3444 1028 3515 τῆς
1069 3446 1163 3499 τοῦ
1203 3447 1572 3519 πληρώματος
1605 3449 1828 3518 'ti-reo&-

246 3518 358 3585 δος.
388 3522 602 3589 Τοὺς-δὲ
618 3528 760 3584 tm&
780 3533 1043 3605 οὐρανοὺς
1060 3536 1084 3569 ⁸
1109 3538 1211 3591 οὑκ
1229 3534 1369 3592 εἶναι
1386 3538 1614 3610 νοητούς
1638 3557 1824 3610 φασιν.

257 3606 546 3679 ’ᾸΠὲλως
570 3614 628 3671 δὲ
654 3619 851 3688 αὐτοῦς
860 3624 1239 3695 ὑποτίθενται,
1260 3629 1358 3683 καὶ
1375 3627 1469 3683 τὸν
1482 3629 1828 3702 Δημιουργδν

241 3697 303 3755 δέ
331 3702 423 3756 καὶ
450 3706 612 3760 αὑτὸν
634 3710 863 3780 ἄγγελον
887 3714 1008 3785 Θεῷ
1034 3717 1256 3771 ἐοικότα
1275 3733 1290 3747 ·
1311 3718 1389 3780 ὡς
1411 3720 1506 3771 καὶ
1532 3719 1625 3774 τὸν
1650 3722 1829 3792 παρά-

241 3788 418 3845 δεισον
457 3796 597 3866 ὑπὲρ
627 3800 808 3868 τρίτον
841 3803 1069 3873 οὐρανὸν
1104 3805 1256 3869 ὄντα,
1300 3807 1565 3879 τέταρτον
1600 3811 1828 3881 ἀγγελον

244 3881 466 3949 λέγουσι
492 3886 719 3956 δυνάμει
763 3892 1050 3963 ὑπάρχειν,
1080 3894 1177 3948 καὶ
1199 3894 1309 3949 ἀπὸ
1340 3897 1532 3952 τούτου
1581 3917 1636 3954 τι
1678 3902 1825 3974 εἰλη·

247 3970 408 4039 φέναι
457 3974 551 4027 τὸν
594 3976 1178 4053 ’Δδάμ.διατετριφότα
1238 3984 1298 4040 έν
1339 3986 1509 4059 αὐτῷ.
1545 3989 1728 4045 Ταῦτα
1764 3992 1822 4046 δὲ

243 4060 336 4115 τὸν
373 4066 717 4137 Δημιουργὸν
760 4069 1057 4139 φάσκουσιν
1095 4072 1195 4145 ἀφ’
1228 4075 1427 4131 ἑαυτοῦ
1473 4078 1571 4149 μὲν
1612 4080 1822 4152 ᾠῆσθαι

246 4154 696 4220 κατασκευάζειν,
749 4162 1103 4231 πεποιηκέναι
1151 4163 1200 4216 δ’
1244 4166 1402 4221 αὐτὰ.
1428 4168 1531 4238 τῆς
1566 4170 1821 4242 ’Δχαμὼθ

244 4243 682 4319 προὸαλλοὺσης·
720 4250 945 4321 οὐρανὸν
988 4256 1349 4328 πεποιηκέναι
1391 4259 1466 4332 μὴ
1517 4262 1694 4317 εἰδότα
1729 4264 1823 4318 τὸν

240 4333 471 4404 οὐρανὸν
490 4353 505 4367 ·
552 4338 648 4393 καὶ
686 4340 970 4412 ἄνθρωπον
1009 4346 1347 4405 πεπλακέναι
1400 4352 1476 4425 μὴ
1511 4354 1691 4409 εἰδότα
1728 4355 1820 4409 τὸν

239 4423 557 4497 ἄνθρωπον·
608 4431 715 4503 γῆν
745 4451 805 4488 τε
854 4435 1171 4508 δεδειχέναι*
1197 4440 1274 4513 μὴ
1324 4444 1683 4516 ἐπιστάμενον
1723 4447 1821 4519 τὴν

239 4514 362 4585 γῆν.
399 4519 507 4571 Καὶ
533 4520 627 4575 ἐπὶ
654 4524 869 4579 πάντων
892 4526 1066 4593 οὕτως
1085 4529 1336 4599 λέγουσιν
1358 4534 1686 4605 ἠγνοηκέναι
1717 4538 1819 4591 αὐ-

1930 3359 2094 3416 supra
2121 3362 2262 3417 quos
2300 3347 2650 3404 Conditorem
2693 3348 3007 3414 collocant;
3059 3356 3222 3421 atque
3267 3351 3337 3408 ob
3377 3353 3519 3409 hanc

1929 3448 2154 3493 causam
2183 3436 2588 3494 Hebdomadem
2628 3454 2754 3495 eum
2803 3439 3127 3496 nominant:
3165 3441 3243 3496 uti
3281 3451 3514 3499 matrem

1925 3525 2255 3592 Achamoth,
2287 3528 2622 3601 Ogdoadem,
2649 3547 2760 3603 quo
2781 3532 3119 3604 primigeniae
3146 3548 3211 3589 ac
3237 3535 3425 3605 primas
3447 3535 3516 3589 de

1925 3616 2229 3687 pleromate
2269 3617 2543 3693 Ogdoadis
2576 3638 2864 3678 numerum
2895 3622 3206 3679 observent.
3246 3623 3418 3679 Orbes
3447 3624 3516 3677 il-

1926 3703 2012 3762 los
2039 3723 2169 3762 vero
2209 3717 2418 3780 septem
2456 3710 2727 3780 spiritales
2761 3726 2886 3767 esse
2922 3719 3246 3777 memorant,
3268 3714 3516 3785 adeoque

1926 3797 2171 3868 angelos,
2207 3805 2267 3851 ut
2297 3806 2352 3854 et
2373 3798 2725 3856 Conditorem
2752 3801 2930 3873 ipsum
2958 3803 3210 3875 angelum
3240 3801 3336 3859 Dei
3360 3806 3515 3863 simi·

1925 3888 2032 3943 lem
2059 3887 2267 3943 iaciunt
2286 3906 2302 3957 ;
2323 3905 2387 3945 ac
2410 3891 2724 3962 paradisum
2741 3908 2959 3965 quoque
2981 3895 3075 3967 qui
3098 3910 3262 3967 supra
3288 3897 3513 3952 tertium

1925 3975 2124 4034 ciclum
2149 3981 2372 4046 eminet,
2394 3992 2651 4052 quartum
2678 3986 2730 4040 vi
2760 3986 2998 4055 quadam
3029 4003 3153 4044 esse
3193 3988 3393 4044 coelum
3415 3988 3511 4044 de·

1922 4067 2158 4136 finiunt,
2205 4071 2276 4126 ab
2321 4085 2498 4144 eoque
2544 4077 2788 4132 nonnihil
2842 4078 3141 4145 Adamum,
3186 4095 3318 4136 cum
3363 4082 3507 4151 apud

1921 4157 2102 4227 ipsum
2130 4159 2368 4231 degeret,
2391 4165 2691 4235 accepisse.
2719 4165 2990 4223 Caeterum
3022 4170 3204 4225 omnia
3235 4170 3342 4225 ista
3366 4169 3509 4227 Con·

1920 4246 2153 4305 ditarem
2176 4260 2398 4322 putasse
2417 4256 2469 4310 vi
2497 4270 2557 4312 se
2576 4258 2796 4328 propria
2816 4274 2881 4314 ac
2908 4274 3009 4315 sua
3036 4259 3363 4331 perfecisse:
3383 4275 3508 4317 cum

1920 4338 2140 4397 interim
2168 4344 2471 4402 Achamoth
2502 4349 2759 4405 universa
2786 4351 3132 4421 produceret,
3156 4352 3248 4409 ille
3271 4368 3401 4409 vero
3430 4353 3509 4408 ita

1920 4433 2120 4488 coelum
2169 4436 2476 4504 moliretur,
2506 4447 2568 4494 ut
2605 4440 2805 4496 coelum
2849 4443 3072 4498 omnino
3112 4446 3387 4502 nesciret:
3431 4445 3507 4500 ita

1917 4520 2196 4578 hominem
2235 4525 2516 4593 formaret,
2536 4539 2596 4584 ut
2618 4529 2890 4587 hominem
2916 4532 3230 4605 ignoraret:
3264 4535 3509 4606 ignarus·

237 4605 350 4659 τῶν
373 4607 395 4638 ⁸
422 4608 523 4675 τὰς
571 4612 734 4679 Ἰδέας
773 4608 851 4671 ὧν
890 4618 1084 4685 ἐποίει,
1116 4621 1212 4677 καὶ
1246 4622 1419 4693 αὐτὴν
1443 4623 1541 4694 ἰὴν
1568 4624 1816 4697 Μητέρα,
1846 4613 1900 4677 Β
1923 4628 2032 4684 que
2100 4622 2261 4671 terrae
2327 4616 2567 4684 demum,
2597 4627 2799 4676 terram
2835 4623 3190 4679 nihilominus
3235 4626 3504 4691 efficeret;

235 4696 410 4753 Αὑτὸν
445 4700 503 4755 δὲ
533 4703 692 4774 μόνον
712 4706 925 4778 ᾡῆσθαι
954 4709 1132 4764 πάντα
1177 4708 1336 4767 εἶναι.
1369 4712 1559 4769 Διτίαν
1593 4713 1641 4768 δ’
1669 4716 1817 4790 αὐτῷ

238 4792 522 4860 γεγονέναι
555 4797 654 4869 τὴν
692 4799 921 4873 Μητέρα
954 4802 1054 4872 τῆς
1084 4804 1316 4875 οἰήσεως
1345 4806 1550 4878 ταύτης
1577 4807 1816 4877 φάσκου-

240 4895 317 4948 σι,
342 4883 442 4954 τὴν
479 4884 621 4939 οὕτω
646 4887 996 4961 βουληθεῖσαν
1040 4898 1375 4966 προαγαγεῖν
1415 4897 1600 4963 αὐτὸν,
1640 4915 1813 4970 κεφα-

236 4968 339 5039 λὴν
369 4972 468 5041 μὲν
496 4975 588 5027 καὶ
614 4975 789 5047 ἀρχὴν
823 4979 923 5050 τῆς
972 4981 1107 5047 ἰδίας
1151 4984 1360 5048 οὐσίας,
1392 4986 1581 5059 κύριον
1616 4988 1677 5042 δὲ
1711 4991 1812 5061 τῆς

235 5060 369 5133 ὅλης
422 5067 824 5135 πραγματείας.
878 5071 1094 5144 Ταύτην
1159 5074 1217 5128 δὲ
1271 5075 1372 5147 τὴν
1430 5077 1657 5150 Μητέρα
1717 5083 1814 5137 καὶ

248 5148 511 5219 Ὀγδοάδα
542 5153 795 5223 καλοῦσι,
836 5159 928 5213 καὶ
956 5161 1177 5230 Σοφίαν,
1202 5166 1296 5220 καὶ
1325 5165 1455 5237 Γῆν,
1485 5168 1579 5222 καὶ
1616 5168 1814 5240 Ἰερου-

236 5240 441 5313 σαλὴμ,
492 5245 585 5298 καὶ
634 5246 788 5316 ἅγιον
843 5250 1086 5323 Πνεῦμα,
1119 5256 1214 5309 καὶ
1258 5256 1463 5331 Κύριον
1488 5261 1810 5331 ἀρσενικῶς.

238 5331 424 5403 ΙΙ’Ἐχειν
450 5334 506 5389 δὲ
528 5337 620 5393 τὸν
646 5340 746 5409 τῆς
783 5343 1080 5416 μεσότητος
1106 5348 1271 5401 τόπον
1311 5350 1501 5421 αὐτὴν,
1543 5353 1637 5405 καὶ
1675 5350 1814 5409 εἶναι

234 5422 492 5495 ὑπεράνω
542 5430 642 5499 μὲν
683 5433 778 5487 τοῦ
817 5437 1183 5511 Δημιουργοῦ,
1220 5440 1476 5495 ὑποκάτω
1510 5443 1588 5510 δὲ,
1620 5444 1652 5515 ἢ
1704 5446 1810 5514 ἔξω

231 5511 328 5564 τοῦ
359 5515 722 5589 πληρώματος
753 5524 914 5598 μέχρι
945 5527 1271 5591 συντελείας.

325 5840 343 5874 ¹
364 5842 500 5903 ltcn.
559 5853 673 5921 21:7⁸
745 5855 922 5909 αὐτόν.

231 5911 417 5969 αὐτόν.

1918 4713 2083 4775 atque
2114 4706 2216 4762 hoc
2241 4716 2401 4778 pacto
2431 4708 2488 4763 in
2511 4709 2662 4765 omni
2696 4727 2881 4767 rerum
2920 4729 3120 4786 genere
3154 4730 3343 4771 corum
3380 4732 3504 4788 quae

1914 4792 2122 4853 iaceret
2142 4796 2318 4865 Meas,
2337 4799 2623 4875 ipsamque
2641 4803 2781 4861 adeo
2803 4804 3028 4863 Matrem
3054 4807 3278 4865 minime
3297 4823 3503 4880 cogno-

1914 4887 2093 4956 visse;
2115 4905 2175 4946 se
2198 4906 2329 4948 vero
2358 4908 2526 4948 unum
2555 4896 2842 4968 complecti
2861 4898 3043 4953 omnia
3066 4914 3386 4969 persuasum
3409 4900 3504 4956 ha-

1912 4976 2119 5035 buisse.
2149 4981 2319 5053 Cujus
2348 4984 2425 5040 illi
2455 4988 2781 5058 arrogantiae
2802 5004 3024 5046 causam
3046 5006 3079 5044 a
3113 4989 3283 5048 flatre
3310 4993 3505 5063 praebi-

1916 5078 2023 5125 tam
2044 5069 2235 5138 fuisse,
2267 5089 2390 5145 quae
2420 5075 2526 5131 hoc
2556 5077 2707 5133 illum
2740 5081 2905 5137 modo
2927 5096 3215 5151 procreare
3242 5084 3494 5151 voluerit,

1911 5165 1972 5214 ut
2004 5163 2237 5233 propriae
2250 5173 2458 5221 naturae
2476 5176 2642 5238 caput
2653 5184 2716 5224 ac
2735 5171 3010 5241 princeps,
3028 5171 3303 5241 totiusque
3321 5172 3501 5230 domi·

1910 5266 2018 5306 nus
2050 5254 2229 5322 operis
2259 5256 2566 5314 exsisteret.
2607 5259 2868 5316 Eamdem
2913 5262 3141 5333 insuper
3173 5262 3400 5321 Matrem
3444 5277 3500 5324 et

1911 5342 2221 5415 Ogdoadem
2274 5357 2491 5415 vocant,
2545 5358 2602 5407 et
2655 5350 3012 5423 Sapientiam,
3056 5363 3113 5410 et
3164 5354 3411 5424 Terram,
3446 5370 3501 5416 et

1914 5432 2276 5502 Hierusalem,
2304 5446 2359 5494 et
2389 5438 2653 5510 Spiritum
2681 5454 2953 5511 sanctum,
2982 5453 3038 5501 et
3072 5449 3379 5506 masculino
3408 5467 3495 5521 ge·

1912 5540 2043 5580 nere
2066 5526 2375 5585 Dominum.
2409 5531 2510 5587 Cui
2540 5533 2595 5588 in
2630 5534 2810 5592 media
2843 5538 3065 5609 regione
3091 5541 3384 5598 stationem
3409 5550 3493 5596 at-

1915 5617 2186 5683 tribuunt,
2231 5629 2290 5675 ut
2329 5620 2628 5681 Conditore
2669 5629 3030 5699 superiorem,
3080 5631 3162 5688 sic
3203 5633 3377 5697 infra,
3411 5636 3493 5689 vel

1910 5716 2065 5764 extra
2090 5711 2332 5781 pleroma
2367 5713 2436 5768 ad
2477 5717 2667 5773 mundi
2703 5720 2861 5777 tinem
2898 5738 3072 5796 usque
3117 5725 3491 5782 constitutam.

1025 5856 1126 5913 Τ.
1164 5859 1370 5916 τούτου.
1469 5862 1491 5895 ⁸
1518 5881 1606 5936 γρ.
1670 5866 1795 5932 τοὺς
1833 5865 2183 5942 ἀρχεγόνους.
2266 5869 2303 5947 ᾖ
2343 5868 2481 5929 lrctt.
2537 5874 2800 5948 οὐρανοὺς
2857 5877 2994 5937 εἶναι
3049 5880 3291 5952 νοητούς.
3381 5881 3490 5941 Ῥ.
