3850 6517
228 526 324 581 121

1236 519 1295 575 S.
1328 519 1672 575 EPtPttANtt
1710 520 1894 574 Au'tA
1934 522 2440 576 nobbstwtna.

3365 528 3468 578 ¹:22

222 651 335 695 tres
382 649 618 692 menses.
673 653 692 685 ι
741 632 833 687 Sic
875 639 1052 687 autem
1087 631 1292 687 dixisse
1325 652 1340 688 z
1373 652 1393 684 ι
1434 633 1532 688 Fui
1576 634 1789 702 episeo·
1818 636 1859 690 Α
1889 634 2078 702 liaris;
2111 635 2254 705 qnod
2282 649 2456 705 nsque
2491 635 2601 700 ille,
2630 635 2813 688 nimiaa
2840 650 2955 690 sure
2989 634 3320 691 cetetnitatis
3339 651 3465 706 per-

222 745 345 801 pus,
381 742 508 784 cum
555 740 730 782 essem
775 739 951 779 annos
976 724 1251 794 sexaginta
1299 738 1499 792 natus;
1554 726 1626 780 ini
1668 739 1798 780 vero

221 823 274 877 in
316 820 634 890 episcopatu
665 815 1061 887 quinquaginta
1099 816 1343 886 quinque
1387 833 1561 871 annos
1600 827 1655 872 et
1687 827 1798 872 tres

218 925 458 969 menses.
511 928 529 961 t
577 907 681 962 Sed
728 907 782 961 in
829 923 1102 961 annorum
1144 923 1373 962 numero
1426 909 1617 963 vitium
1671 925 1796 965 esse

217 1003 438 1074 aliquod
479 1016 639 1055 nemo
668 999 1022 1058 dubitaverit.
1071 1001 1244 1067 primo
1277 1001 1404 1069 qnia
1428 999 1796 1072 Hieronymus

218 1109 366 1148 antio
399 1090 506 1146 592
556 1089 623 1144 de
659 1088 969 1158 Epiphanio
1007 1089 1275 1152 scribens,
1329 1090 1380 1144 id
1425 1101 1528 1154 cst,
1583 1091 1794 1146 decimo

219 1191 347 1238 ante
375 1182 495 1251 ejus
524 1190 755 1236 mortem
784 1193 952 1241 anno,
985 1181 1180 1234 asserit
1222 1199 1241 1231 ι
1277 1182 1331 1234 in
1363 1190 1606 1236 extrema
1635 1192 1794 1238 aetate

219 1275 369 1329 naria
412 1272 592 1328 adhuc
625 1272 824 1328 cudere
860 1272 1158 1340 opuscula;
1210 1291 1228 1324 ι
1274 1272 1419 1342 qnod
1456 1289 1618 1327 nemo
1667 1286 1793 1344 apte

218 1365 544 1420 intellexerit
578 1366 647 1420 de
693 1361 919 1419 bomine
963 1373 1182 1419 centum
1229 1375 1287 1419 et
1334 1365 1575 1436 quinque
1618 1381 1791 1423 annos

217 1454 655 1511 natm-Secundo
681 1455 821 1526 quia
840 1470 1107 1510 annorum
1141 1467 1360 1511 centum
1391 1467 1446 1512 et
1472 1459 1786 1528 quindecim

214 1563 424 1610 senem,
458 1562 620 1601 nemo
647 1547 831 1603 credet
869 1546 990 1616 ejus
1024 1544 1195 1603 fuisse
1236 1548 1462 1617 vigoris,
1514 1559 1573 1605 ut
1623 1550 1670 1604 ei
1721 1550 1789 1604 li-

210 1639 398 1697 huerit
424 1637 959 1708 Constantinopolim
999 1638 1276 1708 navigare.
1327 1638 1512 1694 Tertio
1557 1642 1684 1709 quia
1731 1641 1787 1696 in

211 1732 459 1802 Dialogo,
492 1729 586 1798 qui
614 1731 681 1784 de
710 1727 830 1782 Vita
856 1726 916 1783 S.
935 1727 1168 1784 loannis
1207 1728 1590 1800 Chrysostomi
1609 1744 1790 1789 exstat

212 1825 317 1880 sub
341 1823 563 1878 nominc
584 1819 828 1883 Palladii,
853 1820 1010 1888 qnasi
1040 1835 1109 1875 ex
1131 1834 1387 1877 sermone
1409 1822 1595 1879 habito
1628 1826 1786 1883 Sosi-

215 1915 292 1970 mi
324 1912 486 1984 Papae
518 1921 786 1982 tempore,
826 1911 880 1967 id
915 1921 1002 1967 est
1042 1927 1188 1966 anno
1233 1912 1358 1980 418,
1418 1916 1559 1971 inter
1607 1917 1786 1974 Palla-

211 2005 364 2060 dium
436 2002 942 2071 Helenopolitanum
1015 2002 1331 2073 episcopum
1402 2003 1784 2077 chrysostomi
1821 1992 1860 2045 Β
1889 2017 1999 2070 quo
2030 2009 2204 2054 totum
2234 1999 2537 2067 Orientem,
2571 2013 2799 2073 excepto
2845 2017 2983 2073 papa
3035 2004 3332 2060 Athanasio
3372 2017 3460 2062 st-
3570 2070 3574 2075 ¹

210 2097 535 2168 discipulum
561 2106 614 2151 ct
635 2094 988 2150 Theodorum
1023 2093 1285 2150 Romanae
1321 2096 1575 2154 Ecctesim
1605 2100 1789 2157 diaeo·

217 2204 371 2254 num,
397 2188 616 2255 dieitur,
646 2186 793 2258 qnod
827 2186 1163 2256 Epiphanius
1185 2205 1205 2239 ι
1239 2187 1457 2258 triginta
1483 2207 1575 2245 sex
1612 2207 1789 2249 annos

215 2277 469 2334 Ecclesiae
519 2277 754 2349 praefuit.
807 2276 911 2330 sub
950 2275 1184 2334 Damaso
1225 2287 1280 2334 et
1320 2278 1550 2349 Syn-icio,
1597 2301 1616 2334 ›
1648 2298 1788 2353 quo-

212 2385 334 2424 rum
367 2370 518 2440 prior
541 2385 687 2425 anno
717 2368 826 2423 558
855 2369 1044 2438 eoepit,
1092 2370 1230 2424 alter
1279 2386 1424 2425 anno
1465 2372 1568 2427 598
1601 2375 1782 2432 desiit.

210 2459 508 2515 Numerum
536 2468 718 2515 sutem
753 2474 1026 2514 annorum
1069 2459 1139 2512 55
1189 2460 1398 2531 integre
1435 2463 1778 2531 expletor-uin

215 2568 341 2606 cum
369 2551 526 2605 initio
558 2551 686 2605 anni
713 2551 784 2605 56
808 2552 855 2607 si
904 2560 1112 2616 teneaS,
1156 2561 1351 2606 caetera
1401 2555 1545 2608 haud
1575 2556 1784 2611 incom-

219 2641 386 2695 mode
415 2657 539 2694 cum
591 2642 816 2696 veritate
851 2641 1189 2708 consistent;
1229 2644 1303 2697 ita
1353 2654 1414 2699 ut
1454 2646 1634 2700 aetatis
1670 2661 1784 2702 sure

215 2747 365 2786 amno
392 2731 461 2786 96
501 2731 700 2786 obierit
742 2740 983 2798 sanetus,
1027 2733 1320 2803 solumque
1349 2749 1412 2790 ex
1469 2736 1569 2791 levi
1617 2737 1782 2793 nnius

206 2822 403 2877 litterae
429 2836 641 2885 errore,
669 2837 784 2892 quo
807 2827 879 2875 νε’
901 2822 1181 2893 scripserit
1211 2823 1411 2892 aliquis
1439 2839 1534 2894 pro
1560 2824 1631 2877 λε’
1662 2840 1782 2896 per·

204 2913 403 2968 ductus
456 2911 621 2968 tuerit
659 2913 918 2970 Actorum
966 2924 1162 2970 auctor
1213 2914 1265 2968 in
1320 2914 1588 2971 calculum
1644 2916 1782 2972 adeo

207 3002 622 3060 exorbitantem.
680 3002 775 3061 Sic
820 3019 950 3060 vero
1001 3004 1108 3061 dici
1158 3005 1361 3075 poterit
1413 3005 1777 3076 Epiphanius,

208 3105 354 3148 anno
392 3091 499 3149 568
538 3093 778 3161 ineunte,
813 3095 994 3151 factus
1036 3095 1348 3166 episcopus,
1391 3106 1445 3153 et
1491 3113 1639 3153 anno
1676 3099 1782 3156 508

204 3194 383 3242 natus.
417 3184 491 3240 De
512 3200 626 3256 quo
655 3185 788 3242 dum
822 3187 876 3240 in
912 3183 1149 3256 Syuopsi
1192 3186 1260 3241 ad
1293 3187 1620 3243 Ancon-atum
1659 3191 1781 3258 ejus

203 3276 421 3349 legitur,
451 3275 605 3350 qnod
630 3295 651 3330 ο
694 3278 928 3347 primam
962 3280 1250 3336 monastici
1293 3279 1528 3337 instituti
1570 3282 1780 3338 exerei-

203 3369 465 3424 tationem
490 3369 549 3422 in
587 3366 824 3438 AEgypto
852 3367 1114 3437 suscepit,
1151 3368 1336 3440 ibique
1359 3370 1426 3425 ad
1457 3370 1778 3426 vicesimum

202 3474 380 3528 usque
412 3458 592 3514 aetatis
612 3475 817 3513 annum
852 3461 1174 3529 permansit,
1207 3462 1384 3518 donee
1422 3464 1487 3518 ad
1530 3462 1781 3520 Eleuthe-

203 3551 569 3621 ropolitanam
605 3553 880 3622 regionem
906 3566 1157 3609 reversus
1196 3555 1591 3609 monasterium
1628 3555 1683 3609 in
1714 3570 1778 3609 ea

203 3642 467 3711 condidit,
506 3661 530 3697 s
564 3645 729 3699 datur
757 3643 987 3715 intelligi
1022 3659 1169 3700 anno
1212 3643 1319 3699 529
1365 3645 1672 3700 excessisse
1712 3660 1780 3701 ex

205 3733 458 3808 AEgypto,
495 3735 740 3807 adeoque
769 3752 882 3794 non
912 3736 1067 3792 valde
1098 3737 1321 3808 longum
1345 3737 1518 3793 luisse
1541 3745 1780 3808 tempus,

202 3843 314 3898 quo
340 3827 417 3884 ibi
450 3828 592 3884 inter
619 3832 920 3886 monachos
941 3829 1154 3885 vixisse
1168 3830 1411 3898 potuerit
1440 3848 1457 3886 ε
1485 3838 1540 3886 et
1567 3830 1783 3885 denun-

203 3922 487 3978 tiationem
515 3921 665 3975 illam
695 3918 1116 3981 Gnosticorum,
1141 3919 1412 3987 episcopis
1443 3921 1781 3978 Alexandriae

203 4012 554 4085 congregatis
576 4010 803 4073 iactam,
827 4015 957 4076 apte
986 4004 1175 4061 referri
1196 4023 1361 4078 posse
1382 4010 1435 4064 in
1455 4008 1776 4069 Ianuarium

208 4100 347 4156 anni
384 4097 515 4162 526,
553 4097 771 4167 quando
813 4109 1032 4153 mortuo
1069 4097 1127 4156 S.
1160 4099 1471 4159 Alexandro
1497 4108 1776 4178 episcopo,

214 4189 284 4242 ad
348 4201 719 4243 successorem
785 4185 844 4244 S.
903 4187 1263 4246 Athanasium
1329 4191 1775 4252 substituendum

215 4285 580 4335 convenerunt
604 4279 864 4351 episcopi.
901 4277 1014 4336 Nec
1055 4280 1200 4337 enim
1240 4282 1458 4339 videtur
1483 4290 1779 4344 convenire

212 4378 268 4426 nt
287 4369 507 4426 biennio
525 4371 688 4426 eitius
712 4371 763 4428 id
799 4371 1001 4432 iecisse
1036 4371 1272 4440 dicatur,
1306 4383 1438 4444 puta
1472 4391 1621 4433 armo
1645 4359 1773 4446 524,

202 4463 428 4534 quando
456 4463 782 4534 praesidente
805 4463 977 4521 Hosio
1009 4465 1350 4523 Cordubensi
1378 4469 1652 4528 celebrata
1688 4483 1775 4530 est

199 4556 445 4628 synodus
491 4556 879 4620 Alexandrina,
921 4567 1052 4614 tunc
1106 4560 1253 4615 enim
1313 4575 1584 4619 annorum
1635 4546 1776 4621 dun-

203 4656 354 4702 taxat
379 4647 611 4702 sedecim
639 4647 960 4707 adolescens
993 4639 1206 4705 suisset.

282 4738 367 4792 il.
397 4735 464 4790 Ut
495 4747 554 4791 ut
581 4737 672 4801 sit,
702 4738 885 4792 statim
926 4746 1052 4808 post
1097 4738 1244 4794 illam
1281 4740 1774 4813 denuntiationem,

203 4828 429 4886 dimissa
457 4828 804 4894 Alexandria,
830 4844 1077 4885 eremum
1108 4830 1334 4901 petitam
1365 4833 1436 4888 ab
1469 4832 1776 4905 Epiphanio

202 4919 391 4975 nullus
438 4918 629 4975 dubito
675 4938 690 4974 ε
733 4937 858 4976 cum
904 4930 1087 4976 autem
1134 4922 1183 4977 is
1232 4923 1391 4978 rediit
1444 4924 1498 4979 in
1557 4924 1773 4997 Syriam

193 5011 448 5080 junxisse
478 5025 538 5066 se
559 5010 736 5079 potnit
758 5009 819 5065 S.
844 5010 1136 5079 Hilarioni,
1160 5013 1228 5068 de
1256 5029 1368 5082 quo
1388 5015 1535 5071 circa
1567 5031 1772 5073 annum

198 5103 324 5167 stt,
354 5103 484 5158 iilue
517 5102 776 5158 similiter
797 5102 866 5157 ab
899 5102 1153 5174 AEgyptia
1192 5104 1296 5160 sub
1333 5104 1572 5162 Antonio
1611 5123 1770 5164 exer-

197 5191 460 5247 citatione
484 5208 729 5258 reverso,
756 5194 945 5252 scribit
982 5192 1350 5265 Hieronymus
1389 5197 1442 5249 in
1471 5196 1593 5266 eins
1633 5197 1770 5266 Vita,

195 5283 347 5354 quod
400 5294 525 5353 post
568 5285 643 5338 22
688 5285 1006 5341 solitudinis
1044 5301 1274 5351 annum,
1331 5287 1382 5342 id
1432 5297 1517 5344 est
1564 5304 1770 5345 annum

197 5375 401 5431 Christi
430 5375 558 5443 525,
597 5394 617 5428 ι
643 5377 712 5433 de
737 5376 894 5448 Syria
916 5386 972 5434 et
996 5376 1235 5449 AEgypto
1263 5377 1330 5432 ad
1366 5394 1490 5435 eum
1523 5382 1770 5438 certatim

197 5467 383 5538 populi
412 5468 782 5538 confluebant,
816 5471 892 5527 ita
927 5479 988 5524 ut
1028 5470 1185 5525 multi
1228 5471 1280 5525 in
1325 5471 1606 5528 Christum
1651 5490 1772 5530 ere-

195 5560 412 5624 derent,
447 5568 501 5616 et
527 5575 589 5616 se
612 5563 913 5618 monachos
939 5562 1349 5631 profiterentur.
1391 5581 1409 5614 »
1443 5561 1649 5620 Horum
1679 5581 1772 5621 au·

196 5662 307 5707 tem
341 5653 611 5708 crescenti
649 5669 882 5710 numero
925 5653 1106 5724 potuit
1151 5669 1210 5709 se
1249 5654 1497 5723 junxisse
1541 5655 1772 5726 Epipha-

197 5741 363 5810 nius3
394 5745 572 5813 potuit
595 5745 785 5812 etiam,
817 5760 944 5801 mox
973 5754 1034 5801 ut
1055 5745 1215 5800 rediit
1243 5745 1297 5799 iu
1321 5746 1552 5814 patriam
1588 5747 1768 5802 vicum

196 5834 475 5904 recepisse
504 5850 589 5900 se,
627 5837 864 5893 similem
910 5847 1135 5894 acturus
1178 5837 1366 5899 vitam,
1401 5844 1457 5891 et
1491 5836 1770 5892 nihilomi-

197 5939 305 5983 nus
334 5924 605 5985 Hitarioni
640 5926 914 6000 frequenti
945 5927 1361 5985 conversatione
1388 5925 1558 5985 luisse
1603 5924 1767 5984 fami·

1901 731 2085 788 ta=suS,
2123 724 2265 779 circa
2298 740 2499 778 annum
2549 725 2652 779 560
2692 723 2936 794 profugit
2968 725 3021 778 in
3052 725 3370 796 AEgyptum,
3401 743 3479 805 se.⁵

1895 815 2132 885 denique
2167 815 2223 871 in
2253 815 2492 887 Cyprum
2535 832 2624 869 an.
2675 815 2782 869 564
2828 817 2917 870 ubi
2959 832 3085 871 cum
3122 819 3258 872 mori
3283 820 3465 875 conti·-

1895 907 2060 975 gisset
2103 906 2398 963 Salaminis
2441 907 2784 976 episcopum,
2825 908 2966 961 haud
3010 908 3249 964 mirabor
3299 909 3346 965 si
3395 926 3466 965 ex

1898 996 2196 1054 Hilarionis
2244 999 2478 1053 consilio
2534 999 2843 1068 postulatus
2886 1015 2918 1054 e
2960 998 3250 1054 Palzestina
3302 998 3468 1056 fuerit

1893 1088 2236 1159 Epiphanius
2262 1108 2275 1144 ε
2304 1091 2395 1161 qni
2430 1093 2691 1148 libentius
2720 1106 2861 1146 onus
2887 1092 3030 1146 istud
3053 1093 3356 1159 admiserit,
3397 1109 3467 1147 ne

1892 1181 2218 1236 Arianorum
2274 1192 2619 1252 grassantem
2677 1184 2781 1238 snb
2844 1183 3069 1239 Valente
3120 1185 3466 1256 tyrannidem

1892 1282 2140 1339 spectare
2169 1283 2225 1328 et
2273 1275 2543 1329 sustinere
2592 1284 2898 1345 cogeretur,
2942 1285 2997 1330 et
3045 1277 3174 1345 qnia
3225 1286 3468 1333 veterem

1893 1363 2197 1432 spiritualis
2245 1363 2374 1419 vitae
2422 1364 2749 1434 iiiagistrum
2805 1376 2895 1420 ant
2943 1366 3152 1421 socium
3196 1366 3269 1421 ihi
3318 1376 3464 1424 esset

1891 1462 2225 1522 reperturus,
2257 1462 2313 1507 et
2340 1468 2406 1508 eo
2428 1455 2604 1522 quoa.l
2633 1453 2831 1509 viveret
2858 1453 3148 1510 fruiturus.
3190 1453 3338 1511 Vixit
3363 1472 3466 1511 au-

1890 1552 1996 1598 tem
2022 1541 2264 1599 Hilarion
2314 1560 2487 1613 usque
2532 1545 2599 1598 ad
2650 1559 2857 1599 annum
2901 1545 3080 1600 aetatis
3119 1544 3213 1609 80,
3257 1545 3466 1602 Christi

1888 1634 2014 1698 572,
2046 1634 2265 1705 qnando
2294 1652 2314 1686 ι
2347 1634 2413 1689 de
2433 1634 2552 1703 ejus
2580 1634 2833 1690 laudibus
2867 1635 3081 1690 brevem
3114 1637 3402 1704 epistolam
3436 1657 3459 1688 ι

1890 1725 2033 1781 idem
2064 1725 2397 1795 Epiphanius
2419 1746 2438 1779 e
2463 1726 2706 1795 scripsit,
2734 1746 2753 1777 ι
2775 1728 2919 1781 sient
2937 1728 2989 1782 in
3021 1726 3139 1782 Vita
3165 1727 3460 1783 Hilarionis

1889 1826 2119 1871 testatur
2160 1816 2218 1871 S.
2267 1816 2673 1890 Hieronymus:
2704 1833 2771 1873 ex
2812 1819 2972 1887 cnjus
3019 1821 3182 1874 etiam
3228 1822 3462 1890 epistola

1889 1908 1977 1970 61,
2006 1908 2076 1961 nd
2106 1907 2514 1963 Pammachinm
2547 1909 2837 1976 discimus,
2866 1912 3013 1980 quod
3041 1927 3109 1966 eo
3151 1929 3171 1963 ι
3219 1922 3462 1979 tempore

1888 2109 1994 2163 que
2014 2092 2267 2159 Paulino,
2296 2091 2630 2173 Arianoruin·
2662 2102 2831 2164 atque
2855 2094 3318 2151 Eunomianorum
3346 2097 3462 2153 hae·

1887 2188 2027 2244 resis
2056 2187 2387 2256 possidebat,
2418 2187 2640 2258 quando
2675 2185 2918 2243 loannes
2950 2206 2970 2240 ι
3005 2187 3186 2244 adhue
3216 2189 3462 2259 privatus

1887 2282 2099 2349 (eontra
2125 2293 2287 2348 quem
2325 2290 2507 2348 postea
2549 2278 3104 2351 llierosolymitannm
3139 2283 3460 2353 episcopum

1884 2371 2086 2441 scripta
2120 2370 2384 2441 Epistola)
2417 2371 2469 2425 in
2512 2372 2617 2427 title
2654 2371 3016 2427 dissimulans
3049 2373 3130 2426 vel
3176 2373 3460 2436 vacillans.

1890 2480 1909 2512 ι
1946 2460 2389 2517 Occiulentalibns
2420 2469 2471 2516 et
2506 2461 2561 2516 in
2595 2461 2776 2516 medio
2808 2462 3005 2517 exsilio
3040 2462 3458 2523 consessoribus

1885 2550 1987 2606 SS.
2041 2549 2302 2621 Dionysio
2346 2549 2776 2616 Mediolanensi,
2825 2551 3062 2606 Eusebio
3108 2549 3460 2622 vercellensi,

1882 2652 1936 2699 et
1971 2642 2224 2699 Lucifero
2270 2641 2605 2707 Calaritano,
2648 2657 2758 2697 non
2808 2644 3283 2709 communicabat:
3328 2647 3460 2716 Epi-

1883 2733 2120 2802 phanius
2162 2732 2246 2786 vel
2283 2733 2564 2802 presbyter
2608 2731 2664 2785 in
2707 2733 3039 2788 monasterio
3078 2734 3148 2789 ab
3188 2732 3462 2806 Eutychio

1882 2825 2206 2881 audiebatur
2272 2822 2475 2895 (iiiagni
2543 2823 2730 2892 utique
2783 2824 3022 2880 nominis
3068 2825 3274 2895 aliquo,
3327 2841 3458 2883 cum

1881 2913 2109 2983 epistola
2142 2914 2245 2969 sub
2286 2929 2489 2968 annmn
2534 2912 2637 2969 396
2680 2915 3031 2980 scriberetur,
3075 2915 3331 2986 episcopo
3362 2925 3458 2973 snt

1882 3004 2097 3066 abbate.
2133 3004 2363 3059 necdum
2413 3012 2596 3058 tamen
2635 3004 2855 3059 aliunde
2913 3005 3065 3074 noto)
3132 3005 3215 3059 vel
3268 3014 3460 3075 postea

1879 3095 2169 3164 episcopus
2195 3093 2383 3166 Cypri,
2416 3110 2449 3149 a
2480 3093 2705 3150 Valente
2739 3110 2851 3149 non
2889 3101 3254 3166 tangebatur:
3289 3106 3458 3154 tanta

1880 3186 2025 3242 enim
2066 3187 2433 3242 venerationis
2471 3202 2688 3257 semper
2728 3187 2855 3250 suit,
2887 3197 2946 3242 ut
2988 3199 3275 3258 regnantes
3336 3191 3454 3244 hat·

1885 3276 2038 3332 retici
2082 3275 2435 3347 ignominiam
2480 3292 2637 3332 suain
2682 3285 2937 3346 putarent
2983 3277 3029 3332 si
3073 3278 3233 3331 talem
3280 3277 3456 3334 virum

1883 3377 2363 3440 persequerentur.
2441 3387 2461 3421 ι
2529 3367 2762 3424 Exsuies
2832 3377 3016 3424 antem
3082 3368 3334 3424 vixerunt
3397 3371 3454 3427 iu

1880 3458 2104 3514 Oriente
2148 3458 2496 3514 confessores
2541 3458 2783 3529 praedicti
2821 3460 2891 3514 ab
2916 3475 3061 3514 asino
3089 3459 3195 3514 555
3224 3460 3292 3514 ad
3326 3460 3454 3528 562,

1880 3561 1935 3604 et
1959 3548 2156 3603 Valens
2187 3549 2524 3604 orthodoxos
2564 3558 2649 3604 est
2689 3559 3009 3619 persecutns
3044 3551 3113 3604 ab
3159 3565 3305 3606 anno
3348 3550 3458 3607 566

1880 3641 1949 3697 ad
1986 3641 2113 3697 575.
2157 3639 2311 3697 Unde
2361 3640 2591 3711 intelligi
2636 3640 2822 3706 datur,
2870 3658 2978 3697 non
3028 3650 3239 3696 tantum
3287 3657 3453 3713 quam

1882 3734 2093 3805 integra
2125 3743 2245 3789 toto
2275 3733 2371 3789 illo
2418 3742 2661 3804 tempore
2695 3733 2860 3788 suerit
2895 3732 3183 3803 Epiphanii
3218 3732 3362 3788 lama
3399 3743 3453 3789 et

1881 3823 2191 3890 veneratio;
2213 3824 2308 3878 sed
2336 3823 2502 3877 etiam
2529 3821 2674 3890 qnod
2705 3821 2817 3889 jam
2866 3821 2992 3876 inde
3033 3820 3103 3874 ab
3134 3820 3289 3875 initio
3324 3812 3452 3890 pei-2·

1879 3915 2201 3982 secutionis,
2236 3931 2265 3969 a
2294 3915 2622 3969 Constantio
2649 3913 2946 3978 suscitatae,
2971 3911 3252 3985 presbyter
3287 3911 3455 3971 ruerit

1879 4015 2250 4063 consecratus.

1950 4121 2037 4176 ¹2.
2069 4118 2244 4176 Porro
2267 4119 2335 4175 de
2368 4127 2557 4174 mutua
2593 4119 2737 4174 inter
2768 4126 2992 4173 sanctos
3036 4115 3369 4172 Hilarionem
3393 4123 3451 4171 et

1879 4196 2237 4284 Epiphaninm
2266 4210 2637 4267 satiiiliaritate
2672 4210 2903 4265 habetur
2953 4207 3186 4279 insignis
3211 4207 3368 4264 locus
3393 4207 3448 4265 in

1877 4305 2073 4360 libellis
2101 4305 2174 4358 De
2215 4302 2335 4359 Vita
2366 4312 2414 4357 et
2446 4303 2689 4357 doctrina
2720 4311 2771 4356 et
2801 4300 3119 4370 perfectione
3142 4307 3450 4355 sanctorm

1877 4394 2127 4464 Parrum,
2152 4411 2292 4467 quos
2347 4402 2487 4450 teste
2544 4392 2830 4463 Sigeherto
2877 4391 3131 4463 Pelagius
3179 4391 3451 4448 diaeonus

1876 4485 2137 4543 Romanae
2174 4484 2430 4542 Ecclesiae
2452 4483 2730 4539 transtulit
2754 4483 2822 4538 de
2842 4482 3039 4539 Graeeo
3064 4482 3117 4537 in
3165 4481 3443 4550 Latinum,

1874 4577 2078 4646 quique
2125 4576 2178 4630 in
2223 4573 2354 4628 Vitis
2400 4572 2622 4626 Patriam
2665 4573 2827 4628 editis
2868 4588 2899 4627 a
2939 4583 3129 4628 nostro
3163 4570 3451 4627 Heriberto

1804 4667 1849 4723 D
1878 4665 2169 4723 Roswcitlo
2200 4665 2295 4719 lih.
2337 4681 2365 4717 v
2420 4663 2763 4718 constituunt
2800 4682 2814 4717 ε
2848 4665 2922 4717 ibi
2972 4663 3118 4717 enim
3153 4662 3337 4717 libello
3379 4677 3445 4719 m

1878 4769 2029 4809 num.
2061 4754 2127 4809 15
2152 4753 2231 4808 sic
2272 4753 2510 4823 legitur:
2544 4770 2564 4802 ι
2602 4750 2744 4805 Misit
2780 4750 3073 4819 aliquando
3109 4749 3448 4821 Epiphanius

1874 4845 2165 4916 episcopus
2184 4844 2417 4916 Cyprius
2453 4845 2519 4899 ad
2563 4842 2815 4898 abbatem
2850 4840 3201 4910 llilarionem,
3244 4858 3447 4910 rogans

1873 4950 1999 4990 eum
2044 4943 2099 4991 et
2145 4934 2355 4999 dicens,
2392 4933 2525 4989 Veni
2572 4943 2631 4988 ut
2666 4948 2767 4988 nos
2814 4933 3114 5000 videamus,
3149 4941 3443 5004 antequam

1873 5023 1942 5079 de
1970 5038 2199 5094 corpore
2233 5038 2518 5079 exeamus.
2560 5022 2663 5089 Qui
2713 5038 2839 5077 eum
2881 5023 3156 5079 venisseut
3190 5023 3257 5078 ad
3305 5023 3443 5078 invi·

1872 5129 2015 5177 cem,
2071 5113 2530 5169 manducantibus
2586 5113 2668 5169 eis
2714 5114 2934 5169 allatum
2985 5121 3070 5167 est
3125 5114 3192 5168 de
3248 5114 3443 5172 avibus

1873 5201 2153 5274 quiddam,
2181 5203 2328 5272 quod
2361 5210 2554 5258 tenens
2596 5202 2887 5272 episcopus
2910 5201 3059 5256 dedit
3082 5202 3264 5257 abbati
3298 5203 3444 5261 Hila-

1874 5293 2037 5347 rioni.
2068 5292 2135 5348 Et
2165 5293 2296 5349 dicit
2324 5294 2397 5351 iui
2426 5308 2588 5348 senex
2627 5310 2641 5346 ε
2678 5292 2898 5363 ignosce
2930 5293 3083 5360 mihi,
3108 5291 3289 5359 Pater,
3312 5297 3440 5366 quia

1874 5400 1942 5440 ex
1970 5400 2081 5452 quo
2108 5385 2292 5455 accepi
2325 5385 2573 5440 habitum
2604 5385 2769 5439 istum
2796 5400 2900 5437 non
2932 5385 3258 5440 manducavi
3282 5386 3441 5456 quid-

1871 5490 2038 5546 quam
2072 5476 2337 5532 oecisnm.
2369 5475 2435 5530 Et
2459 5475 2600 5529 dixit
2618 5476 2667 5530 ei
2696 5474 3065 5546 Epiphanius:
3093 5475 3205 5547 Ego
3233 5487 3439 5543 autem,

1870 5581 1938 5620 ex
1964 5581 2075 5638 quo
2114 5566 2297 5636 accepi
2341 5565 2590 5620 habitum
2626 5566 2813 5628 istum,
2846 5583 2955 5621 non
2987 5566 3169 5624 dimisi
3200 5568 3435 5638 aliquem

1870 5656 2131 5723 dormire,
2162 5654 2255 5724 qni
2288 5654 2519 5709 habebat
2555 5656 2761 5726 aliquid
2792 5657 3081 5712 adversum
3117 5672 3236 5724 me;
3266 5673 3441 5729 nequo

1870 5762 1974 5816 ego
2002 5747 2236 5802 dormivi
2267 5748 2473 5802 habens
2520 5747 2726 5816 aliquid
2775 5750 3038 5804 adversus
3077 5747 3335 5818 aliquem.
3372 5748 3440 5806 Et

1871 5837 2009 5892 dicit
2029 5838 2080 5892 ei
2117 5853 2307 5904 senex,
2338 5836 2563 5909 ignosce
2594 5838 2744 5902 mihi,
2785 5840 2913 5908 quia
2955 5848 3045 5892 tua
3090 5839 3436 5895 conversatio

1873 5927 2050 6000 major
2076 5937 2160 5986 est
2190 5944 2332 5985 mea.
2376 5947 2395 5982 t
2438 5927 2617 6000 Atque
2650 5928 2718 5984 azl
2750 5930 2892 5985 hanc
2921 5927 3177 5997 mitigatae
3205 5928 3275 5986 ah
3303 5925 3436 5998 Epi·
