3850 6517
303 438 371 496 19
1570 441 1994 500 TESTmoNJA
2036 441 2388 500 VETERUM.
2520 498 2523 501 ,
3469 443 3537 496 20

302 555 518 613 illarum
546 552 891 624 capitumque
912 555 1235 626 compendio
1263 554 1409 622 lieet,
1434 570 1542 610 uon
1571 562 1779 610 tantum
1806 568 1912 624 qua
1944 569 2007 608 ex
2034 554 2227 610 haeresi
2256 555 2438 611 locum
2466 554 2619 610 illum
2642 554 2955 621 adduxeris,
2978 554 3073 612 sed
3097 554 3261 611 etiam
3288 560 3455 623 quoto
3472 569 3539 608 ex

304 645 526 701 haeresis
549 643 798 708 num‘ero,
831 642 911 700 vel
944 644 1214 700 ascribere
1242 644 1423 715 ipsum
1457 643 1540 698 vel
1564 643 1860 713 ascriptum
1911 643 1981 698 ab
2011 643 2133 699 aliis
2180 644 2330 699 nullo
2378 645 2594 714 negotio
2629 646 2888 715 reperire.
2930 645 3086 713 Quod
3116 647 3161 701 si
3194 644 3326 700 mihi
3357 644 3411 698 id
3439 656 3538 698 oc-

302 735 567 792 currisset
602 735 775 804 initio,
802 736 869 794 de
896 751 1026 807 quo,
1058 735 1248 793 affecto
1273 737 1385 807 jam
1416 751 1599 807 opere,
1626 736 1846 792 venitin
1881 744 2139 802 mentem,
2162 736 2324 792 etiam
2356 736 2681 794 Basiieensis
2705 739 2961 796 editionis
2991 739 3217 810 paginas
3240 737 3307 792 ad
3337 737 3539 804 margi-

301 843 426 883 nem
453 836 650 885 nostrae
679 829 842 901 hujus
866 829 1220 893 addidissem,
1243 838 1462 900 propter
1488 845 1585 886 eos
1625 829 1878 885 videlieet
1918 839 2210 898 auctores,
2246 831 2340 902 qui
2378 846 2502 887 cum
2537 829 2826 901 Epiphanii
2870 829 3050 886 locum
3089 830 3329 900 aliquem
3358 827 3539 897 proie-

300 930 449 988 runt,
477 923 800 994 paginarum
829 921 1018 976 eadem
1047 937 1114 977 ex
1140 921 1380 978 editione
1401 937 1690 978 numerum
1709 923 1917 979 utiliter
1935 923 2220 979 adnotant.
2240 921 2423 990 Quare
2448 922 2597 979 istud
2620 922 2675 977 in
2703 922 2843 989 alia,
2872 922 2920 978 si
2944 937 3031 978 res
3051 921 3274 987 tulerit,
3301 919 3543 978 editione

298 1012 611 1071 faciendum
630 1012 920 1070 suaserim.

371 1103 455 1160 '1‘u
488 1104 672 1170 velim,
700 1103 966 1160 catholice
997 1120 1066 1162 ac
1096 1105 1326 1162 candide
1352 1104 1550 1161 Lector
1590 1105 1951 1177 (nequeenim
1971 1103 2222 1176 pluribus
2248 1105 2577 1178 tedetineo),
2594 1105 2663 1161 ad
2684 1105 2826 1162 hanc
2845 1104 3275 1162 lucubrationem
3295 1111 3539 1161 nostram

297 1199 380 1256 sic
411 1197 663 1263 accedas,
692 1205 753 1253 ut
780 1197 1068 1271 intelligas,
1095 1214 1273 1270 neque
1308 1200 1446 1255 nihil
1483 1215 1515 1255 a
1550 1201 1710 1257 nobis
1737 1217 1860 1258 esse
1885 1208 2170 1272 peccatum
2203 1216 2219 1254 z
2245 1208 2298 1255 et
2327 1199 2375 1255 si
2400 1214 2523 1270 quae
2554 1199 2612 1253 in
2633 1197 2725 1254 illa
2763 1200 3060 1257 commissa
3092 1198 3533 1270 deprehenderis,

296 1307 361 1347 ea
390 1289 640 1362 pluribus
665 1303 791 1345 cum
824 1288 986 1345 bonis
1015 1308 1029 1346 ι
1066 1290 1111 1346 si
1131 1291 1293 1347 modo
1321 1291 1477 1362 plura
1509 1292 1641 1346 mihi
1667 1286 1810 1348 bona
1836 1300 1967 1348 sunt
1999 1310 2013 1346 ε
2048 1299 2143 1346 aut
2164 1291 2503 1362 aequalibus.
2538 1290 2957 1360 paucioribusve
2985 1305 3346 1362 compenses:
3375 1297 3542 1359 atque

299 1383 386 1438 his
436 1381 637 1446 fruare,
686 1379 794 1436 illis
831 1381 1047 1437 veniam
1090 1383 1301 1439 tribuas
1349 1399 1364 1436 t
1408 1399 1508 1455 pro
1561 1385 1820 1454 aequitate
1872 1392 1966 1438 tua
2026 1382 2263 1453 denique
2308 1382 2515 1452 majora
2556 1391 2610 1438 et
2654 1381 2873 1437 utiliora
2904 1382 3161 1450 deinceps
3200 1397 3231 1437 a
3259 1379 3414 1437 nobis
3443 1394 3542 1437 ex·

296 1484 528 1546 spectes.

456 1729 461 1734 ³
549 1803 698 1892 DE
771 1801 1444 1895 EP1PHAN10
1519 1803 2101 1898 veranum
2176 1800 2629 1896 ΕιοαιΑ
2706 1797 3283 1908 QUAEDAM.

1199 2143 1552 2217 Hieronymus
1574 2147 1711 2202 libro
1743 2146 1818 2205 De
1837 2147 2199 2218 scriptoribus
2225 2147 2632 2204 ecelesiasticis.

366 2253 725 2325 Epiphanius,
747 2251 907 2325 Cypri
939 2252 1228 2309 Salaminiae
1257 2257 1568 2327 episcopus,
1598 2257 1820 2330 scripsit
1848 2260 2140 2315 adversum
2164 2275 2356 2315 omnes
2397 2262 2631 2317 haereses
2664 2260 2831 2315 libros
2850 2300 2863 2322 ,
2888 2269 2942 2315 et
2974 2260 3143 2314 multa
3168 2259 3295 2326 alia,
3325 2275 3447 2331 quae
3478 2259 3548 2321 ab

301 2346 533 2400 eruditis
560 2353 779 2414 propter
810 2359 920 2407 res,
955 2359 986 2398 a
1015 2345 1441 2413 simplicioribus
1467 2359 1688 2418 propter
1713 2350 1874 2405 verba
1909 2343 2242 2405 lectitantur.
2278 2351 2538 2422 Superest
2588 2366 2761 2420 usque
2789 2351 2948 2405 hodie
2967 2390 2983 2416 ,
3012 2360 3067 2406 et
3111 2351 3164 2405 ln
3188 2359 3429 2405 extrema
3462 2367 3549 2407 se-

296 2447 514 2495 nectute
544 2442 694 2497 varia
725 2445 876 2501 cudit
906 2461 1094 2518 opera.

1296 2540 1447 2597 Idem
1479 2543 1726 2614 apoloqia
1763 2545 1995 2599 secunda
2030 2541 2234 2600 Contra
2266 2542 2545 2598 Rufinum.

365 2622 486 2680 Non
518 2626 615 2682 tibi
641 2627 836 2684 sufficit
865 2632 1068 2701 passim
1117 2642 1308 2689 contra
1344 2650 1535 2691 omnes
1574 2637 1873 2704 detractio,
1900 2636 2008 2692 nisi
2052 2635 2358 2707 specialiter
2389 2644 2578 2690 contra
2628 2635 2843 2692 beatum
2882 2642 2936 2691 et
2997 2634 3266 2708 insignem
3290 2631 3548 2687 Ecclesia)

293 2714 634 2771 sacerdotem
660 2716 783 2789 styli
824 2719 902 2774 tui
928 2721 1173 2778 lanceam
1203 2724 1447 2794 dirigas?
1472 2723 1608 2791 Quis
1630 2726 1742 2791 ille,
1768 2728 1863 2797 qui
1885 2727 2037 2783 velut
2063 2726 2447 2782 necessitatem
2475 2727 2879 2798 evangelizandi
2905 2743 2999 2797 per
3030 2742 3219 2780 omn·-s
3245 2731 3430 2790 gentes
3449 2761 3463 2778 ‚
3489 2731 3544 2772 et

295 2820 389 2876 per
420 2822 614 2865 omnes
651 2811 866 2884 linguas
899 2813 1095 2870 babere
1144 2829 1206 2873 se
1242 2826 1400 2888 putat
1424 2819 1492 2874 de
1530 2818 1763 2891 Origene
1800 2824 1943 2877 male
1974 2820 2269 2891 loquendi:
2305 2821 2398 2889 qui
2434 2837 2527 2875 sex
2554 2821 2723 2874 millia
2764 2818 3025 2871 librorum
3064 2816 3179 2883 ejus
3226 2807 3537 2874 selegisse,

293 2899 700 2967 quamplurima
733 2901 961 2959 fratrum
990 2905 1336 2964 multitudine
1373 2908 1642 2975 audiente,
1678 2913 1962 2965 consessus
1986 2908 2109 2964 est?

371 2991 521 3046 Mox.
547 2989 782 3046 Crimini
809 2996 857 3050 ei
888 2995 1128 3054 dandum
1161 3008 1265 3067 est,
1308 3017 1480 3073 quare
1509 3001 1780 3067 Graecam,
1805 3000 2024 3069 Syram,
2056 3004 2113 3050 et
2162 2992 2442 3048 Hebraeam
2465 3033 2480 3058 ,
2507 2999 2562 3046 et
2583 2989 2963 3060 AEgyptiacam
2985 2987 3254 3059 linguam.
3289 3000 3353 3040 ⁰1
3389 2993 3544 3054 1³³¹·oe

293 3091 349 3137 et
383 3079 635 3136 Latinam
665 3084 898 3151 noverit,
926 3095 1012 3143 etc

369 3172 610 3228 Bleniinit
635 3159 685 3229 οἳ
714 3177 948 3244 passim,
983 3188 1042 3233 ut
1068 3180 1121 3235 in
1150 3179 1400 3251 Epistola
1439 3181 1499 3237 61
1540 3191 1723 3236 contra
1752 3180 2016 3234 Ioannem
2032 3174 2320 3240 Hierosol„
2353 3175 2404 3228 in
2434 3171 2723 3244 Epitaphio
2744 3172 2944 3239 Paulae,
2976 3173 3034 3228 in
3069 3171 3187 3227 Vita
3219 3169 3530 3237 [lilarionis.

291 3274 343 3320 et
371 3265 498 3320 aliis
519 3267 580 3320 in
611 3266 766 3324 locis.

1163 3370 1494 3439 Auqustinus
1528 3369 1660 3423 libro
1686 3369 1763 3423 Be
1789 3364 2106 3430 haeresibus,
2142 3363 2208 3419 ad
2235 3361 2686 3429 Quodvultdeum.

366 3469 556 3544 Usque
583 3475 650 3530 ad
679 3477 810 3532 istos
836 3492 966 3548 ergo
996 3477 1071 3533 De
1098 3481 1381 3536 haeresibus
1417 3496 1555 3552 opus
1571 3496 1733 3536 suum
1759 3478 2012 3550 perduxit
2038 3477 2386 3547 supradictus
2414 3473 2775 3544 Epiphanius,
2805 3475 3095 3545 episcopus
3122 3476 3375 3547 Cyprius,
3405 3476 3548 3544 apud

296 3562 519 3620 Graecos
549 3564 690 3622 inter
720 3583 948 3639 magnos
978 3570 1215 3641 habitus,
1246 3590 1299 3630 et
1333 3593 1364 3631 a
1392 3577 1578 3632 multis
1603 3575 1657 3630 in
1688 3573 1969 3630 catholicae
1994 3573 2116 3628 fidei
2140 3573 2374 3628 sanitate
2400 3570 2673 3640 laudatus.

369 3653 576 3711 Coetera
602 3659 806 3727 quoe-de
832 3661 1122 3734 Epiphanii
1147 3682 1297 3736 opere
1324 3669 1502 3724 eodem
1528 3669 1583 3722 in
1621 3668 1757 3721 libro
1785 3674 2155 3721 commemorat
2184 3664 2531 3734 Auyustinus,
2565 3661 2618 3714 in
2653 3660 2893 3731 Epistola
2916 3677 3077 3730 supra
3098 3679 3129 3714 a
3164 3665 3311 3718 nohis
3351 3664 3527 3718 allata

300 3756 350 3802 ot
371 3763 596 3804 excussa
632 3760 774 3806 sunt.

1541 3828 1863 3884 Sozomenus
1894 3827 1988 3883 tit».
2022 3843 2119 3892 vn,
2143 3843 2188 3881 c.
2216 3825 2306 3879 26.

367 3911 471 3967 Per
505 3910 648 3967 idem
681 3921 896 3984 tempus
926 3916 1262 3988 Epiphanius
1289 3922 1718 3991 metropolitanae
1762 3922 1873 3992 Cy·
2050 3919 2188 3991 Περὶ
2214 3917 2272 3971 δὲ
2308 3916 2499 3970 τοῦτον
2526 3917 2617 3970 τὸν
2644 3914 2832 3988 χρόνον
2848 3915 2943 3967 καὶ
2981 3914 3295 3983 Ἐπιιρᾰνιος
3322 3913 3422 3982 τῆς
3446 3913 3553 3966 Κυ-

297 3997 545 4063 priorum
595 3995 851 4054 Ecclesiae
900 4011 1148 4070 praeerat.
1179 4002 1350 4069 Quem
1410 4021 1516 4060 non
1561 4007 1724 4061 modo
1755 4007 1881 4063 vitae
1981 4010 2157 4082 πρίων
2186 4008 2484 4062 ἐπεσκόπει
2511 4006 2898 4078 μητροπόλεως
2918 4025 2932 4038 ·
2963 4005 3022 4060 ὃν
3046 4007 3107 4059 οὐ
3145 4007 3303 4087 μόνον
3324 4005 3394 4060 τὰ
3424 4008 3554 4079 περὶ

299 4087 634 4153 institutum,
659 4102 725 4144 ao
749 4091 1023 4158 praeclarae
1051 4093 1279 4150 virtutes
1306 4096 1572 4167 insignem
1631 4097 1880 4152 reddide-
1976 4102 2075 4172 τὴν
2108 4099 2384 4154 πολιτείαν
2409 4100 2677 4168 ἐπίσημον
2710 4100 2803 4151 ἐπὶ
2822 4099 3043 4170 ἀρεταῖς
3073 4100 3373 4169 ἀπέδειξεν,
3417 4099 3555 4153 ἀλλὰ

298 4185 456 4242 rnnt;
496 4177 593 4233 sed
620 4189 675 4234 et
700 4179 963 4236 miracula
996 4181 1133 4252 ipsa,
1158 4198 1281 4252 quae
1315 4186 1514 4254 partim
1546 4185 1672 4240 vivo
1701 4187 1878 4242 adhuc
1980 4193 2074 4245 καὶ
2106 4193 2206 4247 ὅσα
2236 4188 2516 4262 παράδοξα
2541 4188 2742 4253 ζῶντος
2764 4189 2950 4252 αὐτοῦ,
2983 4190 3077 4242 καὶ
3112 4190 3249 4260 μετὰ
3275 4191 3553 4261 τελευτὴν,

300 4263 441 4332 39⁵⁰·
478 4266 676 4336 ΡὶΓῑῙΙΙΙ
709 4278 834 4336 Ρθθῑ
856 4269 976 4338 01¹¹ss
1005 4270 1211 4326 obitum
1243 4271 1386 4329 Deus
1430 4274 1483 4328 1¹¹
1510 4273 1682 4344 ipsius
1708 4274 1879 4330 hono·
1979 4283 2151 4354 τιμῶν
2201 4284 2290 4336 τὸν
2339 4279 2507 4352 ἄνδρα
2555 4281 2584 4332 ὁ
2637 4279 2770 4342 Θεὸς
2800 4277 3137 4344 ἐπετέλεσεν.
3204 4279 3555 4333 Ἀποθανόντι

299 4371 415 4411 rem
450 4358 639 4415 edidit.
669 4358 885 4416 Mortuo
912 4363 1058 4418 enim
1087 4362 1202 4429 illo,
1256 4364 1403 4435 quod
1459 4365 1637 4421 adhuc
1686 4381 1875 4435 super·
1984 4374 2114 4446 γὰρ,
2144 4373 2172 4426 ό
2200 4375 2277 4444 μὴ
2315 4369 2555 4442 περιόντι
2579 4368 2806 4440 ὑπῆρξε,
2844 4368 2999 4437 λόγος
3041 4369 3133 4423 ἐπὶ
3156 4369 3234 4440 τῷ
3262 4371 3417 4440 τάφῳ
3454 4370 3556 4423 αὺ-

299 4447 428 4503 stite
463 4464 572 4505 non
601 4454 923 4524 contigerat,
958 4453 1102 4510 fama
1155 4463 1235 4511 est
1296 4455 1564 4526 hodieque
1605 4457 1879 4513 daemones
1984 4467 2076 4522 τοῦ
2126 4468 2289 4522 εἰσέτι
2340 4464 2436 4518 νῦν
2487 4463 2746 4532 δαίμονας
2790 4457 3205 4525 ἀπελαύνεσθαι,
3257 4460 3351 4513 καὶ
3386 4459 3556 4522 ἰάσεις

301 4538 373 4594 ad
400 4540 523 4612 eius
555 4543 867 4614 sepulcrum
897 4544 1096 4615 fugari,
1144 4561 1209 4601 ac
1251 4546 1539 4602 nonnullas
1568 4547 1877 4603 curationes
1982 4560 2134 4623 τινὰς
2155 4555 2420 4628 γίνεσθαι.
2452 4555 2541 4607 Ἐν
2565 4545 2609 4619 ᾧ
2638 4553 2733 4606 καὶ
2765 4549 2873 4615 ζῶν
2904 4547 3186 4620 ἐτύγχανε,
3217 4549 3387 4603 πολλὰ
3420 4548 3555 4601 oao-

304 4631 446 4688 iieri.
480 4631 585 4690 Sed
605 4644 662 4691 et
699 4637 901 4693 viventi
930 4637 1230 4693 etiamnum
1282 4639 1450 4694 multa
1491 4639 1737 4711 prodigia
1785 4641 1880 4694 tri·
1987 4651 2157 4723 μάσια
2185 4647 2335 4719 αὐτῷ
2356 4644 2689 4700 ἀνατιθέασι.

192 4797 196 4802 .
286 4722 572 4782 bttuatur.
610 4725 740 4784 Vide
767 4729 960 4785 ibidem
985 4730 1208 4800 reliqua.

377 4935 700 4992 Mentionem
728 4936 960 5007 ejusdem
990 4939 1117 5009 facit
1152 4947 1198 4993 et
1224 4936 1494 5002 Socrates,
1525 4935 1618 4992 lib.
1653 4951 1725 4999 vt,
1751 4951 1868 5003 cap.
1897 4934 1987 5000 10,
2013 4932 2100 4999 11,
2131 4931 2185 4985 in
2214 4929 2439 4984 historia
2465 4926 2846 5000 chrysostomi.
2889 4927 3208 4982 sozomenus
3238 4923 3551 4994 quoquetib.

307 5043 428 5096 vni,
458 5041 576 5097 cap.
607 5025 697 5091 14,
730 5034 781 5081 et
801 5042 866 5080 ex
890 5025 1000 5081 illis
1024 5026 1355 5098 Nicephorus
1390 5026 1482 5081 lib.
1509 5042 1631 5092 xiii,
1660 5041 1778 5094 cap.
1835 5022 1924 5078 12.
1954 5022 2061 5078 Sed
2098 5020 2313 5075 cavendi
2345 5019 2512 5099 iidem.
2552 5018 2634 5073 ilii
2661 5018 2940 5088 scriptores
2967 5058 2982 5082 ,
3026 5017 3153 5069 dum
3198 5014 3554 5085 Epiphaniam

311 5120 544 5190 referunt
578 5117 1240 5188 Anthropomorphitarum
1287 5121 1439 5174 initio
1493 5120 1726 5191 doqmati
1771 5117 2109 5173 inhoerentem
2132 5157 2147 5182 ,
2191 5124 2241 5170 et
2278 5132 2312 5169 a
2338 5112 2617 5182 Theophila
2648 5129 2877 5167 errorem
2911 5110 3210 5173 dedoctum,
3236 5109 3403 5162 eidem
3431 5123 3554 5176 pro-

309 5223 488 5282 pterea
518 5213 740 5282 lavisse,
769 5223 926 5283 atque
953 5208 1231 5281 Oriqenem
1282 5213 1584 5271 dantnasse.
1642 5212 1864 5268 Fallunt
1900 5214 2079 5277 enim,
2131 5219 2223 5264 aut
2269 5208 2537 5279 [alluatur
2577 5207 2817 5262 historici
2865 5207 2948 5262 ilii
2995 5205 3209 5277 origeni
3248 5206 3368 5275 plus
3404 5219 3551 5274 oequo

309 5302 501 5370 dediti,
539 5314 591 5360 et
617 5322 735 5361 eam
759 5305 872 5360 viro
905 5303 1237 5359 sanctissimo
1287 5321 1350 5358 ac
1377 5306 1682 5360 doctissimo
1731 5304 2055 5359 calumniam
2096 5312 2400 5373 asperqunt,
2425 5317 2584 5372 quam
2609 5297 2901 5356 Catholicis
2943 5300 3203 5366 imponere
3237 5298 3390 5367 vulqo
3424 5294 3550 5351 Ori-

311 5399 531 5471 qenistoe
556 5408 963 5465 consueverant,
954 5415 967 5427 ·
999 5399 1079 5453 uti
1104 5398 1356 5453 nimirum
1397 5398 1567 5453 Deum
1586 5399 1650 5453 ab
1681 5398 1793 5453 illis
1829 5414 2171 5468 corporeum,
2206 5414 2269 5452 ac
2314 5399 2564 5454 membris
2599 5399 2710 5453 suis
2761 5398 2991 5449 humano
3054 5410 3192 5448 ntore
3229 5401 3554 5447 constantem

314 5490 481 5562 linai,
507 5490 834 5560 impudenter
872 5502 1183 5546 assererent.
1234 5488 1379 5545 Nam
1423 5490 1489 5545 ab
1521 5491 1663 5544 omiti
1706 5490 1805 5545 hac
1861 5491 2065 5546 invidia
2089 5490 2448 5561 Epiphaniam
2481 5490 2718 5547 sublevat
2768 5487 3116 5557 Hieronymus
3140 5486 3362 5556 epistota
3388 5483 3450 5540 61
3484 5483 3554 5538 ad

314 5581 724 5639 lammaehinm
770 5593 954 5637 contra
1001 5582 1265 5639 Ioannem
1305 5583 1573 5639 Hierosot.
1631 5583 1755 5639 Vide
1785 5582 2026 5642 Annales
2071 5584 2272 5640 Baron.
2307 5601 2446 5638 anno
2480 5583 2776 5701 proesertim
2820 5579 2928 5636 592
2966 5591 3015 5635 et
3048 5581 3171 5638 393.
3198 5577 3373 5635 Sedet
3419 5578 3553 5634 alios

313 5675 578 5748 deinceps,
602 5678 658 5732 in
684 5678 873 5749 quibus
901 5677 1188 5750 Epiphanii
1210 5687 1355 5750 qesta
1383 5678 1736 5776 prosequitur.

1021 5767 1410 5864 [Meminerant
1416 5775 1528 5846 ejus
1553 5786 1804 5846 proeterea
1840 5783 1889 5830 et
1918 5772 2154 5830 Nicoenae
2182 5771 2368 5842 synodi
2404 5770 2645 5825 secunda·
2673 5767 2826 5822 Acta.
2831 5764 2855 5839 ]
