3850 6517
291 500 397 558 3⁸5

1701 499 1756 554 S.
1800 499 2139 558 EPwflANtt

3444 501 3556 560 344

295 619 437 689 gelia
467 617 603 676 salsa
637 615 1027 688 discipulorum
1076 615 1298 671 nomine
1345 615 1693 672 conscribere
1740 624 1868 673 sunt
1898 624 1943 681 Α
1971 619 2077 673 τῶν
2122 619 2535 691 συγγράψασθαι
2565 620 2996 691 τετολμήκασιν·
3036 619 3197 674 αὐτόν
3222 635 3282 673 τε
3307 619 3403 674 τὸν
3436 620 3558 677 Σω-

295 711 438 768 ausi.
471 711 581 768 Nec
608 726 703 767 eos
738 709 921 766 dicere
959 709 1125 781 pudet
1156 709 1494 764 salvatorem
1525 718 1771 766 nostrum
1803 725 1868 765 ac

299 799 586 855 Dominum
618 797 805 855 Jcsum
848 797 1128 852 Christum
1172 797 1440 868 ejusmodi
1471 813 1566 868 per
1612 812 1734 853 sese
1760 805 1870 853 tur-

296 889 596 959 pitudinem
617 900 974 946 monstrasse.
1018 889 1229 945 Etenim
1260 890 1316 944 iu
1346 888 1527 944 Mariae
1563 888 1871 961 Interroga-

299 979 532 1035 tionibus
571 997 711 1052 quas
742 981 980 1053 majores
1010 992 1207 1037 vocant
1236 981 1386 1055 (sunt
1424 981 1570 1037 enim
1613 980 1731 1037 aliae
1775 982 1872 1037 mi·-

295 1083 460 1126 nores
512 1071 740 1142 perinde
787 1072 1215 1144 commentitiae),
1264 1072 1411 1129 bunc
1438 1072 1518 1128 illi
1548 1072 1873 1143 patefecisse

299 1161 534 1234 lingunt,
565 1180 690 1220 cum
740 1180 861 1221 eam
902 1166 961 1221 in
1001 1173 1242 1221 montem
1272 1164 1574 1233 eduxisset,
1618 1173 1873 1236 essetque

299 1261 580 1321 precatus,
621 1269 685 1311 ac
730 1254 996 1325 producta
1036 1255 1104 1311 de
1133 1257 1302 1311 latere
1336 1270 1439 1312 suo
1473 1254 1702 1311 muliere
1745 1269 1870 1310 cum

297 1356 361 1397 ea
392 1356 506 1397 rem
550 1343 753 1400 habere
796 1344 1089 1417 coepisset;
1124 1352 1243 1400 tum
1284 1345 1510 1401 seminis
1560 1345 1647 1401 sui
1684 1343 1870 1416 prosu·

299 1433 453 1488 sione
479 1432 769 1504 degustata
810 1444 1195 1503 monstrasset,
1229 1435 1330 1503 ita,
1376 1444 1439 1492 ut
1470 1436 1654 1492 vivere
1699 1439 1876 1506 possi-

302 1537 445 1586 mus,
474 1537 597 1579 esse
629 1522 960 1580 laciendum.
984 1523 1210 1581 Addunt
1235 1533 1288 1580 et
1305 1525 1679 1597 perturbatam
1709 1524 1876 1581 fuisse

301 1609 546 1678 Mariam,
588 1619 753 1681 atque
798 1612 947 1668 humi
985 1611 1271 1678 cecidisse,
1315 1628 1544 1684 eamque
1584 1628 1613 1667 a
1655 1613 1876 1669 Christo

301 1716 425 1759 cum
472 1700 560 1757 his
603 1703 785 1759 verbis
825 1711 1104 1759 erectam:
1153 1705 1330 1772 Quare
1354 1704 1612 1759 dubitasti
1656 1704 1877 1761 modicae

301 1791 425 1862 fidei
446 1794 472 1848 2
500 1790 679 1863 Atque
705 1793 808 1848 boc
838 1793 1016 1864 ipsum
1045 1808 1169 1849 esse
1194 1794 1406 1860 volunt,
1437 1793 1584 1867 quod
1617 1793 1675 1849 in
1700 1794 1878 1849 Evan-

302 1883 444 1956 gelio
472 1882 675 1940 dicitur
707 1903 721 1940 ι
753 1882 815 1939 Si
846 1877 1054 1940 terrena
1083 1886 1193 1940 dixi
1220 1886 1385 1954 vobis,
1420 1897 1471 1942 et
1511 1902 1616 1941 non
1647 1886 1877 1943 credidi·

302 1974 423 2039 stis,
452 1974 682 2029 coelestia
715 1975 976 2046 quomodo
1023 1975 1244 2032 credetis
1268 1977 1321 2031 ’ί
1369 1975 1505 2034 Item
1536 1977 1671 2035 illud
1703 1996 1716 2033 :
1746 1977 1880 2035 Cum
1909 1964 1955 2020 Β

305 2063 542 2119 videritis
591 2061 791 2120 Filium
848 2064 1070 2123 boniinis
1119 2084 1179 2123 eo
1211 2066 1575 2124 ascendentem
1627 2069 1717 2124 ubi
1767 2081 1880 2126 erat

301 2154 524 2223 μήκη
559 2153 662 2210 boc
702 2161 811 2221 est,
848 2153 1124 2227 inquiunt,
1163 2157 1440 2229 profluens
1469 2173 1657 2214 semen
1693 2173 1878 2214 exsor-

304 2252 479 2318 ptum,
527 2254 589 2300 ut
634 2260 702 2301 eo
748 2246 894 2303 unde
941 2249 1148 2304 exierat
1187 2259 1509 2307 revertatur.
1561 2249 1701 2307 Tum
1736 2250 1882 2322 quod

305 2337 437 2394 alibi
502 2338 768 2408 scriptum
825 2346 911 2397 est
943 2358 957 2395 ε
993 2337 1120 2396 Nisi
1177 2339 1620 2399 manducat-eritis
1670 2359 1884 2399 carnem

305 2442 499 2494 meam,
532 2437 583 2484 et
617 2428 850 2484 biberitis
887 2445 1058 2485 meum
1086 2433 1420 2504 sanquinem·
1440 2474 1453 2486 .
1485 2433 1569 2490 Ad
1601 2450 1725 2507 quae
1760 2451 1886 2506 per-

307 2518 546 2574 turbatis
578 2519 888 2593 discipulis.
935 2535 1002 2577 ae
1043 2521 1356 2580 dicentibus
1383 2543 1396 2581 ε
1427 2523 1559 2591 Quis
1589 2526 1686 2581 Ιιοι·
1714 2536 1885 2596 potest

307 2612 569 2670 audirffi?
594 2613 665 2671 de
694 2615 1032 2688 turpitudine
1068 2632 1381 2675 sermonem
1416 2634 1541 2675 eum
1572 2619 1882 2676 institutum

310 2704 528 2772 serunt,
585 2705 820 2779 ideoque
859 2706 1110 2766 turbatos
1159 2717 1308 2765 retro
1362 2709 1552 2780 pedem
1608 2710 1881 2768 retulisse.

307 2796 562 2855 Nondum
600 2797 746 2855 enim
779 2799 1020 2871 perfecte
1045 2800 1385 2858 corroborati
1425 2809 1583 2857 erant
1623 2817 1688 2858 ac
1717 2802 1885 2860 stabi·

309 2888 411 2946 liti.
447 2887 566 2959 Quo
592 2888 758 2945 etiam
787 2887 1013 2946 Davidis
1043 2889 1179 2945 illud
1205 2889 1413 2947 dictum
1440 2889 1688 2947 referunt
1715 2910 1730 2946 ι
1765 2891 1885 2946 Erit

311 2989 566 3051 tmtquam
597 2980 796 3053 lignum
822 2979 962 3051 quod
994 2981 1298 3051 plantatum
1333 2991 1410 3047 eu
1450 2997 1600 3036 secus
1632 2981 1885 3038 decursus

308 3086 587 3143 aquarum,
617 3068 755 3141 quod
787 3070 1021 3142 fructum
1050 3085 1205 3124 suum
1225 3068 1373 3124 dabit
1396 3070 1702 3141 intempore
1728 3088 1824 3127 suo
1839 3073 1882 3127 ⁸.

307 3160 419 3232 90
442 3158 621 3231 Atque
664 3159 720 3215 in
750 3174 817 3214 eo
872 3159 1018 3232 quod
1053 3161 1321 3233 scriptum
1356 3169 1478 3218 est:
1510 3160 1670 3219 Sacas
1703 3164 1889 3219 decur-

1970 712 2111 783 τῆρα
2137 711 2295 784 ἡμῶν
2322 713 2416 764 καὶ
2462 712 2665 784 Κύριον
2712 710 2919 782 Ἰησοῦν
2947 711 3181 783 Χριστὸν
3222 711 3325 764 οὐκ
3348 713 3556 784 αἰσχύ-

1970 820 2149 856 νονται
2188 802 2387 870 λέγειν,
2424 803 2505 856 ὅτι
2549 802 2709 865 αὐτὸς
2755 801 3075 871 ἀπεκάλυψε
3118 801 3217 872 τὴν
3258 802 3559 876 αἰσχρουρ-

1971 893 2095 962 γίαν
2126 892 2347 964 ταύτην.
2393 894 2480 948 Ἐν
2520 893 2629 963 γὰρ
2647 896 2767 957 ταῖς
2804 892 3163 961 Ἐρωτήσεσι
3187 892 3413 964 Μαρίας
3460 912 3558 949 κα·

1970 988 2261 1060 λουμέναις
2312 988 2573 1059 μεγάλαις
2623 988 2751 1057 (εἰσὶ
2799 986 2908 1058 γὰρ
2962 986 3056 1040 καὶ
3112 985 3307 1056 μικραὶ
3362 986 3557 1053 αὐτοῖς

1973 1080 2382 1151 πεπλασμέναι)
2460 1078 2804 1133 ὑποτίθενται
2854 1077 3013 1131 αὐτὸν
3076 1077 3213 1146 αὐτῇ
3265 1077 3554 1132 ἀποκαλύ-

1975 1188 2152 1235 πτειν,
2181 1169 2565 1241 παραλαὸόντα
2602 1167 2768 1238 αὐτὴν
2801 1169 2881 1231 είς
2918 1166 2980 1220 τὸ
3007 1166 3154 1237 ὅρος.
3187 1166 3283 1221 καὶ
3317 1166 3560 1239 εὐξάμε-

1973 1277 2084 1325 νον,
2112 1260 2207 1315 καὶ
2240 1259 2537 1314 ὲκόαλόντα
2573 1260 2638 1312 ἐκ
2662 1258 2760 1328 τῆς
2807 1257 3049 1328 πλευρᾶς
3085 1257 3251 1311 αὐτοῦ
3283 1261 3558 1326 γυναῖκα,

1975 1350 2070 1404 καὶ
2111 1348 2418 1421 ἀρξάμενον
2461 1348 2595 1418 αὐτῇ
2639 1345 3177 1416 ἐγκαταμίγνυσθαι·
3233 1346 3334 1399 καὶ
3379 1345 3563 1411 οὕτως

1974 1440 2131 1512 δῆθεν
2159 1440 2258 1511 τὴν
2299 1438 2597 1510 ἀπόρροιαν
2640 1435 2805 1490 αὑτοῦ
2841 1435 3213 1506 μεταλαὸόντα
3245 1434 3444 1501 δεῖξαι,
3473 1436 3560 1492 ὅτι

1975 1531 2056 1584 δεῖ
2080 1529 2251 1594 οὕτως
2280 1532 2469 1594 ποιεῖν,
2503 1529 2589 1581 ἴνα
2620 1526 2873 1598 ζήσωμεν
2897 1541 2908 1554 ·
2965 1527 3059 1579 καὶ
3084 1526 3160 1589 ὡς
3194 1525 3295 1595 τῆς
3335 1525 3561 1600 Μαρίας

1975 1621 2358 1694 ταραχθείσης,
2408 1621 2503 1675 καὶ
2532 1621 2804 1692 πεσούσης
2847 1619 3045 1690 χαμαὶ,
3073 1618 3232 1674 αὐτὸν
3265 1618 3436 1672 πάλιν
3461 1619 3565 1673 αὗ-

1975 1707 2074 1780 τὴν
2117 1707 2405 1778 ἐγείραντα
2460 1709 2633 1761 εἰπεῖν
2667 1708 2805 1779 αὐτῇ
2831 1723 2843 1736 ·
2894 1709 3028 1763 Ἵνα
3090 1707 3150 1760 τί
3199 1706 3562 1777 ἐδίστασας,

1978 1797 2357 1867 darmatas&
2403 1795 2511 1850 Καί
2560 1811 2748 1866 φασιν,
2779 1796 2862 1849 ὅτι
2894 1794 2989 1849 καὶ
3024 1794 3183 1848 τοῦτό
3211 1796 3329 1849 ἐστι
3374 1796 3442 1850 τὸ
3477 1797 3565 1851 εί-

1982 1887 2216 1959 ρημένον
2240 1887 2299 1941 ἐν
2324 1885 2407 1958 τῷ
2446 1886 2784 1956 Εὐαγγελίῳ,
2826 1886 2906 1940 ὅτι
2927 1887 2995 1939 Et
3020 1884 3092 1939 τὰ
3116 1886 3351 1956 ἐπίγεια
3384 1883 3568 1943 εἶπον

1982 1977 2144 2049 ὑμῖν,
2179 1977 2280 2032 καὶ
2322 1980 2435 2033 οὐκ
2484 1978 2904 2040 ἐπιστεύσατε,
2955 1977 3028 2031 τὰ
3070 1975 3403 2046 ἐπουράνια
3436 1977 3570 2046 πῶς·

1984 2068 2373 2133 πιστεύσετε,-
2412 2068 2505 2125 καὶ
2549 2068 2631 2133 τὸ,
2667 2069 2853 2122 Ὅταν
2890 2067 3052 2136 ἴδητε
3101 2066 3211 2121 τὸν
3266 2068 3409 2123 reov-
3454 2069 3569 2125 τοῦ

1983 2159 2296 2228 ἀνθρώπου
2343 2159 2745 2228 ἀνερχόμενον
2795 2159 2946 2214 ὅπου
2995 2156 3075 2229 ἦν
3116 2157 3184 2213 τὸ
3235 2160 3565 2229 πρότερον·

1984 2249 2229 2302 τουτέστι
2253 2247 2351 2320 τὴν
2379 2249 2677 2321 ἀπόρροιαν
2710 2247 3287 2321 μεταλαμὸανομένην,
3313 2247 3444 2304 ὅθεν
3471 2250 3571 2305 καὶ

1984 2340 2210 2411 ἐξῆλθε·
2253 2340 2348 2394 καὶ
2375 2339 2437 2393 τὸ
2478 2340 2683 2392 εἰπεῖν·
2726 2339 2867 2394 Ἐὰν
2896 2339 2982 2409 μὴ
3032 2338 3258 2409 godrun}
3299 2356 3419 2409 μου
3450 2339 3572 2410 τὴν

1985 2431 2201 2503 σάρκα,
2234 2432 2332 2486 καὶ
2360 2430 2534 2499 πίητέ
2557 2448 2677 2500 μου
2707 2429 2771 2484 τὸ
2810 2427 2970 2501 αἷμα.
3006 2431 3119 2486 Καὶ
3158 2431 3264 2485 τῶν
3300 2430 3571 2503 μαθητῶν

1984 2521 2427 2595 ταρασσομένων,
2477 2504 2892 2588 καὶ”λεγόντων,
2943 2519 3039 2586 Τίς
3083 2519 3336 2575 δύναται
3382 2520 3571 2578 τοῦτο

1985 2613 2279 2677 amoena,-
2320 2611 2505 2682 φασὶν,
2531 2610 2608 2675 ὡς
2640 2610 2769 2682 περὶ
2808 2610 2906 2682 τῆς
2932 2610 3286 2684 αίσχρότητος
3311 2606 3380 2682 ἦν
3404 2613 3435 2665 ὁ
3476 2611 3571 2664 λό-

1985 2723 2116 2777 γος·
2165 2705 2247 2762 διὸ
2304 2705 2402 2758 καὶ
2457 2702 2837 2775 ἐταράχθησαν
2858 2741 2874 2766 ,
2927 2703 3024 2757 καὶ
3070 2702 3307 2776 ἀπῆλθον
3357 2703 3438 2766 είς
3488 2703 3564 2758 τὰ

1986 2802 2181 2855 ὀπίσω.
2214 2797 2381 2853 Οὔπω
2414 2797 2525 2869 γὰρ
2548 2792 2708 2868 ἦσαν,
2750 2796 2939 2865 φασὶν,
2968 2797 3028 2849 ἐν
3067 2794 3374 2869 πληρώματι
3395 2794 3552 2844 ἑστε-

1989 2892 2271 2964 ρεωμένοι.
2311 2889 2423 2942 Καὶ
2463 2887 2527 2941 τὸ
2566 2889 2744 2942 εἰπεῖν
2781 2886 2870 2940 τὸν
2899 2887 3092 2942 Δαὸίδ·
3137 2888 3335 2943 Ἔσται
3368 2883 3448 2949 ὡς
3478 2881 3550 2937 τὸ

1988 2984 2180 3048 ξύλον
2212 2981 2279 3036 τὸ
2312 2965 2765 3049 πεφυτευμένον
2792 2977 2952 3046 παρὰ
2980 2977 3086 3045 τὰς
3112 2973 3414 3042 διεξόδους
3437 2969 3565 3027 τῶν

1990 3070 2241 3132 ὑδάτων,
2266 3069 2299 3124 ὃ
2333 3067 2440 3124 τὸν
2465 3068 2698 3137 καρπὸν
2729 3067 2915 3122 αὐτοῦ
2940 3067 3114 3121 δώσει
3140 3066 3213 3118 ἐν
3234 3060 3418 3132 καιρῷ
3447 3063 3570 3118 αὐ-

1987 3163 2091 3219 τοῦ
2110 3182 2124 3196 ·
2156 3162 2286 3235 περὶ
2318 3162 2422 3234 τῆς
2445 3160 2801 3233 αἰσχρότητος
2828 3156 2918 3214 τοῦ
2948 3155 3156 3226 ἀνδρὸς,
3185 3154 3339 3222 φασὶ,
3376 3153 3559 3223 λέγει,

309 3268 401 3307 sus
429 3268 706 3324 aquarum,
736 3251 966 3308 indicari
989 3252 1093 3308 viri
1119 3253 1423 3310 l'oeditatem
1451 3255 1717 3321 asset-uin
1737 3255 1886 3312 istud
1911 3293 1955 3352 c
2002 3254 2126 3308 Ἐπί
2163 3258 2278 3324 τὴν
2310 3253 2527 3318 ἔξοδον
2557 3252 2674 3306 τῶν
2705 3251 2954 3307 ὑδάτων.
2990 3245 3119 3307 Καὶ,
3164 3245 3233 3299 Ὃ
3269 3241 3380 3299 τὸν
3416 3260 3569 3314 καρ-

310 3357 473 3399 vero:
503 3341 657 3411 Quod
678 3343 913 3414 [ructum
945 3360 1101 3400 suum
1131 3345 1277 3403 dabit
1305 3331 1622 3416 intempore
1651 3363 1769 3409 suo,
1790 3362 1887 3402 vo-

310 3432 539 3504 luptatis
581 3432 959 3489 demonstrare
1000 3434 1339 3505 proluviem3
1390 3449 1516 3489 nam
1556 3435 1703 3505 quod
1733 3434 1890 3496 addi·

311 3529 575 3602 tum·est,
605 3520 672 3577 Et
697 3518 890 3593 folium
913 3522 1030 3594 ejus
1053 3540 1158 3580 non
1195 3522 1387 3594 defluet
1408 3525 1453 3591 ⁸,
1492 3530 1610 3580 tum
1643 3539 1678 3583 a
1706 3524 1886 3590 nobis,

313 3615 593 3687 inquiunt,
636 3613 936 3687 perficitur,
986 3631 1110 3671 cum
1161 3617 1217 3672 in
1250 3627 1447 3673 terram
1492 3617 1745 3675 decidere
1779 3633 1888 3673 non

315 3704 579 3775 patimur,
612 3704 711 3761 sed
745 3704 965 3777 ipsimet
987 3703 1123 3761 illud
1149 3706 1511 3765 absumimus.

383 3793 478 3852 tx.
518 3798 597 3852 Ac
629 3811 697 3852 ne
738 3797 968 3868 prolatis
1011 3796 1228 3854 illorum
1259 3798 1591 3859 testimoniis
1629 3802 1754 3874 plus
1796 3801 1894 3860 de-

315 3887 564 3944 trimenti
584 3903 750 3959 quam
793 3889 1050 3947 utilitatis
1093 3890 1340 3954 afferam,
1389 3891 1596 3950 idcireo
1633 3895 1893 3966 pleraque

318 3978 538 4037 silentio
576 3980 1009 4050 praetermittam.
1037 3981 1297 4054 Alioquin
1315 3985 1520 4049 omnia,
1563 4000 1686 4056 quae
1717 3985 1789 4045 ab
1825 3985 1894 4041 il-

318 4073 390 4131 lis
417 4070 698 4137 dicuntur,
733 4070 839 4128 hoc
870 4071 994 4129 loeo
1016 4074 1346 4147 explicando
1378 4089 1889 4132 commemorarem.

319 4162 456 4220 Nam
493 4160 645 4235 quod
710 4162 766 4217 in
807 4161 1093 4233 Scriptura
1134 4164 1365 4235 legimus
1412 4163 1567 4221 Raab
1608 4165 1893 4221 coccinum

320 4256 375 4315 in
399 4252 638 4315 [suestra
661 4254 918 4326 posuisse
938 4255 989 4322 ⁸,
1011 4270 1123 4311 non
1147 4254 1432 4311 coccinum
1447 4262 1589 4322 erat,
1617 4254 1892 4327 inquiunt,

320 4346 419 4404 sed
460 4347 728 4405 muliebre
773 4346 1129 4419 pudendum:
1164 4349 1221 4403 in
1267 4363 1378 4420 quo
1419 4348 1711 4406 coccineus
1744 4349 1896 4406 color

324 4446 665 4493 menstruum
710 4437 1039 4510 sanguinem
1073 4436 1364 4512 siguificat.
1410 4435 1558 4504 Quin
1595 4439 1761 4497 etiam
1802 4454 1897 4497 eo·

320 4527 444 4594 dem
474 4527 610 4585 illud
652 4537 862 4602 spectat
892 4547 908 4587 ι
938 4529 1068 4586 Bibe
1099 4547 1294 4601 aquam
1323 4530 1388 4587 de
1418 4531 1527 4588 tuis
1562 4532 1704 4591 uasis
1721 4532 1764 4587 ⁸.
1807 4530 1896 4591 st-

1988 3347 2107 3400 πὸν
2130 3343 2315 3399 αὑτοῦ
2340 3342 2539 3406 δώσει,
2573 3341 2671 3413 τὴν
2706 3341 2805 3413 τῆς
2845 3339 3035 3412 ἡδονῆς
3068 3332 3370 3406 enipeum,
3404 3333 3574 3398 φασὶ,

1989 3434 2169 3504 λέγει·
2203 3433 2313 3488 Καὶ
2351 3431 2419 3486 τὸ
2453 3431 2694 3501 φύλλον
2728 3429 2913 3484 αὑτοῦ
2943 3429 3054 3482 οὐκ
3094 3419 3574 3492 ἀπορρυήσεται,

1988 3527 2070 3581 ὅτι
2099 3526 2198 3580 οὐκ
2230 3523 2407 3597 ἐῶμεν
2440 3522 2570 3576 αὐτὸ
2600 3521 2775 3593 χαμαὶ
2804 3521 3010 3580 πεσεῖν,
3042 3515 3179 3570 ἀλλὰ
3225 3512 3384 3569 αὐτοὶ
3435 3510 3572 3569 ab&

1992 3617 2260 3688 ἐσθίομεν.

2060 3799 2137 3856 Θ’.
2177 3797 2289 3853 Καὶ
2314 3797 2402 3853 ἰ’να
2454 3795 2530 3868 μὴ
2580 3792 2678 3860 τας
2729 3784 3035 3863 μαρτυρίας
3080 3782 3262 3840 αὐτῶν
3314 3784 3373 3836 ἐν
3421 3779 3571 3854 μέσῳ

1994 3874 2142 3962 ἄγων
2179 3890 2369 3962 βλάψω
2420 3885 2619 3960 μᾶλλον
2668 3883 2812 3956 ἥπερ
2841 3878 3132 3949 ὠφελήσω,
3169 3874 3362 3929 τούτου
3408 3873 3568 3946 χάριν

1992 3981 2063 4037 τὰ
2094 3981 2265 4036 πολλὰ
2305 3977 2710 4052 ὑπερθήσομαι.
2756 3972 2910 4026 Ἐπεὶ
2940 3972 2961 4004 ⁸
3004 3972 3070 4026 ἂν
3102 3968 3169 4023 τὰ
3209 3967 3387 4022 πάντα
3437 3964 3572 4036 παρ’

1994 4074 2175 4137 αὐτοῖς
2203 4072 2389 4136 κακῶς
2420 4069 2690 4140 λεγόμενα
2725 4064 2959 4120 ἐνταῦθα
3027 4059 3462 4134 παρατιθέμενος
3497 4056 3580 4111 δι-

1995 4162 2278 4236 ηγόρευον.
2312 4162 2387 4216 Τὸ
2410 4161 2726 4234 γαρείπεῐν,
2744 4157 2897 4228 φασὶ,
2928 4155 3231 4210 τεθεικέναι
3257 4150 3355 4223 τὴν
3402 4150 3579 4205 'Pera‘

1995 4255 2247 4311 κόκκινον
2284 4256 2343 4310 ἐν
2375 4257 2441 4328 τῇ
2477 4253 2676 4326 θυρίδι,
2702 4250 2802 4305 οὐκ
2829 4245 2919 4323 ἦν,
2945 4247 3100 4319 φασϊ,
3128 4246 3405 4310 κόκκινον,
3435 4241 3578 4297 ἀλλὰ

1994 4345 2067 4401 τὰ
2110 4346 2279 4418 μόρια
2304 4346 2402 4420 τῆς
2440 4344 2759 4417 γυναικείας
2793 4342 3042 4413 φύσεως·
3079 4340 3176 4395 καὶ
3210 4337 3272 4391 τὸ
3318 4337 3577 4391 κόκκινον

1997 4432 2136 4509 αἷμα
2182 4438 2291 4494 τῶν
2338 4438 2689 4510 καταμηνίων
2740 4436 2910 4505 λέγει.
2951 4433 3059 4489 Καὶ
3093 4431 3156 4486 τὸ
3197 4431 3391 4495 εἰπεῖν,
3428 4428 3578 4484 Πίνε

1996 4528 2187 4584 ὕδατα
2216 4529 2331 4585 ἀπὸ
2369 4528 2497 4585 σῶν
2535 4529 2806 4599 ἀγγείων,
2827 4525 2957 4597 περὶ
2990 4522 3179 4577 τούτου
3224 4520 3389 4588 λέγει.
3435 4517 3578 4572 Φασὶ

320 4621 543 4694 quidem
569 4621 796 4679 interire
822 4636 1072 4691 carnem,
1104 4637 1206 4680 nec
1235 4623 1467 4681 excitari
1494 4623 1681 4683 denuo.
1700 4625 1896 4697 praedi·
1924 4636 1972 4697 n
1997 4623 2054 4681 δὲ
2080 4619 2220 4679 εἶναι
2253 4623 2353 4693 τὴν
2387 4623 2565 4692 σάρκα
2594 4617 2994 4690 ἀπολλυμένην,
3031 4613 3125 4667 καὶ
3173 4610 3250 4683 μὴ
3276 4608 3578 4681 ἐγειρομέ-

321 4719 475 4781 cant,
524 4727 755 4790 eamque
796 4713 865 4770 ad
892 4713 1193 4787 principem
1223 4716 1520 4786 pertinere.
1551 4714 1673 4773 Vim
1712 4725 1896 4777 sutem

323 4805 496 4870 illam,
529 4820 651 4877 quae
698 4806 759 4861 in
795 4807 1099 4862 menstruis
1148 4813 1235 4862 est
1275 4821 1341 4862 ac
1391 4804 1622 4872 semine,
1659 4801 1897 4863 animam

322 4910 468 4962 esse,
502 4911 668 4967 quam
700 4895 986 4951 collectam
1022 4896 1379 4954 comedimus.
1425 4894 1577 4953 Unde
1614 4912 1738 4953 cum
1775 4911 1904 4952 car·

326 4985 488 5043 nibus
542 4992 639 5040 aut
685 4984 950 5050 oleribus,
1000 4993 1095 5040 aut
1153 5001 1314 5057 pane,
1354 4993 1450 5043 aut
1493 4986 1602 5042 alio
1641 4986 1897 5059 quopiam

323 5079 618 5145 vescimur,
645 5076 784 5133 bene
809 5075 878 5132 de
911 5077 1110 5133 creatis
1141 5078 1304 5134 rebus
1338 5064 1793 5144 meremur,'duni
1826 5093 1894 5133 ex

325 5165 412 5222 bis
438 5167 694 5224 omnibus
723 5167 961 5223 animam
996 5180 1375 5238 corrogamus,
1404 5179 1470 5221 ac
1507 5165 1796 5221 nobiscum
1835 5165 1891 5220 in

325 5255 525 5313 eoelum
571 5259 874 5315 evehimus.
931 5256 1164 5329 ideoque
1204 5272 1402 5330 genere
1452 5257 1600 5314 omni
1646 5257 1895 5313 carnium

326 5355 579 5414 utuntur,
607 5359 667 5405 ut
696 5351 930 5423 generis,
961 5351 1135 5415 aiunt,
1167 5348 1340 5407 nostri
1374 5349 1752 5407 misereamur.
1781 5345 1897 5404 cm-

326 5447 504 5495 terum
529 5441 774 5497 eamdem
806 5442 988 5498 inesse
1007 5451 1200 5513 putant
1225 5441 1575 5509 animalibus,
1599 5449 1654 5497 et
1679 5441 1894 5507 bestiis,

1999 4733 2098 4787 νην
2117 4730 2133 4748 ·
2165 4709 2305 4769 εἶναι
2336 4713 2392 4767 δέ
2436 4710 2639 4782 ταύτην
2664 4709 2762 4764 τοῦ
2790 4709 3068 4780 ἄρχοντος.
3113 4704 3223 4775 Τὴν
3256 4701 3312 4755 δὲ
3342 4698 3578 4771 δύναμιν

1998 4807 2099 4879 τὴν
2147 4806 2206 4859 ἐν
2239 4807 2351 4869 τοῖς
2383 4801 2740 4874 καταμηνίοις
2783 4797 2878 4853 καὶ
2922 4799 2979 4850 ἐν
3029 4797 3149 4859 ταῖς
3180 4794 3366 4863 γοναῖς
3391 4788 3578 4861 ψυχὴν

1999 4891 2139 4949 εἷναί
2190 4912 2374 4966 φασιν,
2425 4894 2491 4964 ῆν
2546 4881 2897 4958 συλλέγοντες
2948 4885 3222 4956 ἐσθίομεν.
3274 4881 3383 4935 Καὶ
3428 4879 3577 4951 ἅπερ

2000 4989 2161 5060 ἡμεῖς
2192 4985 2441 5056 ἐσθίομεν
2475 4982 2584 5053 (75)
2629 4981 2786 5052 κρέα,
2815 4980 2850 5052 ἦ
2898 4978 3129 5050 λάχανα,
3165 4976 3198 5048 ἢ
3242 4974 3426 5048 ἄρτον,
3462 4972 3498 5044 ἦ
3522 4989 3579 5026 τι

2000 5076 2209 5148 ἕτερον,
2262 5075 2425 5146 χάριν
2467 5070 2727 5143 ποιοῦμεν
2773 5072 2896 5135 ταῖς
2937 5068 3172 5129 κτίσεσι,
3221 5061 3580 5130 συλλέγοντες

2000 5167 2108 5222 ἀπὸ
2137 5167 2354 5221 πάντων
2389 5162 2486 5235 τὴν
2516 5162 2713 5235 ψυχὴν,
2746 5162 2842 5218 καὶ
2879 5157 3273 5233 μεταφέροντες
3307 5151 3424 5224 μεθ’
3452 5151 3578 5205 ἐαυ-

2000 5256 2109 5310 τῶν
2155 5256 2235 5320 είς
2284 5253 2356 5308 τὰ
2396 5253 2714 5324 ἐπουράνια.
2769 5253 2970 5321 Διόπερ
3015 5245 3111 5302 καὶ
3155 5243 3373 5298 πάντων
3409 5258 3578 5312 μετα-

2000 5346 2338 5420 λαμὸάνουσι
2365 5345 2543 5418 κρεῶν
2568 5344 2839 5410 λέγοντες,
2873 5341 2964 5394 ἵνα
2994 5338 3309 5409 ἐλεήσωμεν
3331 5331 3393 5387 τὸ
3417 5333 3582 5402 γένος

2004 5439 2181 5512 ἡμῶν.
2204 5439 2478 5493 Φάσκουσι
2502 5438 2559 5493 δέ
2585 5437 2685 5509 τὴν
2706 5434 2877 5506 αὐτὴν
2902 5430 3079 5503 ψυχὴν
3105 5424 3245 5483 εἶναι
3278 5424 3335 5480 ἐν
3371 5442 3431 5478 τε
3461 5427 3583 5490 τοῖς

404 5591 421 5622 ¹
447 5590 604 5647 loen.
632 5607 712 5652 m.
750 5592 836 5649 te.
915 5596 934 5625 ¹
964 5592 1122 5651 loun.
1160 5613 1235 5662 vr,
1269 5594 1356 5652 66.
1437 5596 1457 5628 ⁸
1487 5595 1620 5651 ibid.
1647 5596 1735 5651 54.
1808 5596 1832 5627 ⁸
1864 5594 1995 5651 ibid.
2029 5595 2117 5649 61.
2186 5596 2208 5628 ⁸
2231 5594 2375 5651 Psal.
2401 5611 2441 5660 t,
2466 5595 2520 5649 5.
2601 5592 2621 5623 ⁸
2653 5589 2785 5645 ibid.
2853 5590 2873 5620 '¹
2904 5585 3071 5643 Josue
3104 5602 3164 5651 u,
3194 5583 3286 5636 et.
3353 5580 3376 5613 ⁸
3410 5579 3577 5637 Prov.

330 5677 383 5726 v,
426 5662 507 5717 ¹5.
593 5662 614 5694 ⁸
641 5662 701 5716 F.
735 5663 849 5726 πῶς
873 5663 955 5718 ἄν.

398 5800 511 5872 (75)
543 5803 654 5858 Καὶ
687 5802 837 5874 ἅπερ
867 5804 1035 5874 ἡμεῖς
1067 5804 1364 5875 ἐσθίομεν.
1397 5804 1537 5862 ldcm
1582 5801 1865 5860 Manichaei
1899 5801 2155 5873 jactitare
2183 5801 2449 5868 solebant,
2478 5808 2536 5857 ut
2562 5815 2630 5858 ex
2662 5799 2799 5873 Aug.
2832 5800 2927 5856 lib·
2984 5797 3246 5852 Adversus
3309 5791 3570 5849 Faustum

383 5880 576 5943 υμνοι.
