3850 6517
289 545 395 603 569

292 749 449 821 χερσὶ
481 745 557 817 μὴ
584 744 955 815 ἐπιστάμενοι,
990 742 1084 796 καὶ
1110 741 1181 795 τά
1204 741 1502 813 ἐπουράνια
1534 735 1867 807 ἐπαγγελλό-

296 855 449 910 μενοι
498 837 715 907 μέτροις
745 836 885 888 τισὶν
912 833 1203 905 ὁροθετεῖν,
1237 831 1330 886 καί
1366 849 1525 885 τινων
1556 826 1868 901 μαιωτικῶν

299 926 545 1000 μητρῶν,
575 926 651 989 ὡς
674 923 1009 996 ἐπουρανίων
1038 922 1280 994 μητρῶν,
1313 922 1389 986 ὡς
1432 918 1788 992 ὑπαρχουσῶν
1824 918 1866 979 “,

298 1018 608 1087 ἐπιστήμας
634 1015 1033 1085 ἀναδεχόμενοι.
1086 1014 1347 1077 Ἀκούσας
1378 1013 1433 1067 δέ
1462 1029 1543 1075 τις
1570 1008 1717 1082 παρὰ
1742 1008 1868 1062 τού-

298 1125 425 1173 των,
456 1109 505 1160 εί
538 1108 635 1177 μὲν
664 1105 771 1159 τῶν
797 1104 1211 1175 ἀφρονεστάτων
1239 1103 1347 1175 εἴη,
1374 1102 1468 1173 -τῷ
1500 1100 1684 1172 ψεύδει
1719 1099 1873 1169 νομί-

301 1198 390 1262 ζον
433 1215 487 1250 τι
517 1198 538 1227 ’
580 1197 709 1268 παρ’
745 1195 929 1257 αὐτοῖς
973 1195 1262 1265 μετάρσιον
1303 1193 1631 1262 ἐγνωκέναι,
1676 1189 1872 1262 ῥᾳδίως

302 1288 697 1360 ὑπαχθὴσεται·
732 1287 855 1339 ’Ότι
892 1284 1019 1340 πᾶν
1065 1285 1277 1352 ὄρνεον
1322 1282 1471 1338 κατὰ
1509 1282 1682 1353 γένος
1723 1297 1874 1335 συν·

300 1381 521 1450 ἀγεται,
552 1375 652 1433 καὶ
691 1378 773 1445 τῷ
803 1377 983 1447 ὁμοίῳ
1017 1374 1462 1443 κολληθήσεται
1503 1374 1679 1442 ἀνὴρ,
1710 1374 1873 1444 φησὶν

303 1472 338 1542 η
372 1471 582 1543 Γραφή.
614 1471 677 1523 Ei
711 1467 771 1522 δέ
810 1486 894 1532 τις
946 1467 1099 1539 τύχοι
1136 1469 1318 1531 αὐτοῖς
1350 1467 1460 1520 τῶν
1497 1466 1752 1530 συνετῶν,
1781 1467 1876 1519 καὶ

303 1563 393 1617 τὸν
414 1562 635 1630 εὔλογον
669 1561 930 1632 λογισμὸν
972 1560 1346 1632 κεκτημένων,
1389 1558 1744 1627 καταγελάσει
1778 1556 1875 1627 μὲν

303 1653 403 1724 τῆς
428 1652 697 1723 τοσαύτης
722 1651 1015 1723 ληρῳδίας,
1043 1654 1136 1705 ἀπ’
1163 1652 1334 1722 αὐτῆς
1360 1650 1418 1706 δέ
1443 1652 1541 1721 τῆς
1572 1650 1877 1713 ὑποθέσεως

302 1743 413 1795 τῶν
443 1744 570 1812 παρ’
601 1742 780 1805 αὐτοῖς
815 1740 1121 1811 λεγομένων
1164 1740 1261 1811 τὴν
1305 1740 1614 1811 ἀνατροπὴν
1653 1740 1875 1793 εἴσεται.

318 1833 656 1902 Ἐλέγχονται
683 1833 790 1905 γάρ
820 1827 965 1885 οὗτοι
996 1833 1305 1886 παντάπασι
1334 1831 1455 1886 καθ’
1483 1831 1691 1885 ἑαυτῶν
1724 1829 1880 1884 ὁπλι-

304 1922 518 1994 ζόμενοι
548 1922 616 1976 τά
651 1922 821 1992 ψεύδη
851 1922 952 1992 τῆς
985 1922 1164 1976 αὐτῶν
1193 1921 1605 1992 ματαιοπονίας.

375 2197 675 2269 Πόθεν,γ.“ιρ
705 2197 852 2264 ὑμῖν,
886 2189 931 2250 ὧ
958 2190 1102 2251 οὗτοι
1128 2195 1455 2267 Πτολεμαῖοί
1480 2212 1540 2247 τε
1560 2193 1665 2247 καὶ
1691 2190 1886 2247 Πτολε-

312 2294 485 2361 μαίαι,
532 2290 624 2343 τοῦ
668 2288 835 2343 Βυθοῦ
878 2289 946 2343 τὰ
991 2290 1185 2361 μέτρα,
1231 2289 1326 2343 καὶ
1372 2289 1430 2341 αί
1469 2287 1732 2359 μαιώσεις
1780 2287 1884 2341 τῶν

309 2381 564 2445 τοκετῶν,
603 2383 697 2435 καλΙ
726 2383 1055 2450 γεννητικῶν
1094 2381 1404 2435 ὑποθέσεων
1442 2383 1475 2453 ἡ
1514 2380 1752 2450 γνῶσις;
1794 2382 1884 2444 Ὦ,

316 2471 426 2541 γὰρ
457 2471 735 2542 παρόντες,
765 2471 860 2523 καὶ
895 2472 999 2525 τῶν
1037 2474 1371 2544 ἐπουρανίων
1401 2474 1500 2537 τὰς
1540 2473 1731 2542 φύσεις
1763 2473 1889 2527 θεα-

321 2562 563 2630 σάμενοι,
599 2562 693 2614 καὶ
724 2561 798 2625 ὡς
824 2562 976 2615 αὐτοὶ
1016 2564 1268 2632 προόντες
1303 2564 1401 2617 τοῦ
1443 2566 1571 2637 παρ’
1597 2565 1751 2635 ὑμῶν
1787 2565 1891 2616 Βυ-

327 2650 420 2703 θοῦ
454 2650 805 2723 καλουμένου,
836 2652 1235 2719 ἐπαγγέλλεσθε
1253 2653 1353 2725 τὴν
1382 2652 1585 2724 εἴδησιν
1606 2655 1740 2726 ἡμῖν
1768 2655 1892 2708 ὑπο-

314 2744 368 2795 δε
382 2743 605 2805 ίκνυναι,
633 2744 845 2815 οὐδενὸς
879 2742 1097 2796 πώποτε
1127 2742 1237 2796 τῶν
1283 2743 1579 2815 προφητῶν
1616 2744 1778 2800 τοῦτο
1816 2747 1892 2797 εί-

315 2833 565 2903 ρηκότος,
595 2835 695 2887 οὐκ
719 2834 885 2888 αὑτοῦ
913 2836 1210 2899 Μωῦσέως,
1245 2836 1308 2889 οὐ
1333 2834 1446 2889 τῶν
1475 2835 1579 2907 πρὸ
1609 2835 1795 2897 αὐτοῦ.
1832 2836 1892 2889 οὒ

313 2925 421 2976 τῶν
445 2926 561 2994 μετ’
584 2927 780 2990 αὐτὸν,
808 2928 868 2980 οὐ
897 2927 1012 2981 τῶν
1049 2927 1473 2996 εὐαγγελιστῶν,
1512 2928 1573 2981 ού
1617 2928 1723 2981 τῶν
1761 2930 1895 2981 ἀπο-

318 3014 548 3068 στόλων·
602 3020 651 3069 εί
697 3017 773 3090 μὴ
815 3018 924 3089 ἄρα
963 3018 1030 3071 τά
1068 3018 1340 3087 ἐθνόμυθα
1391 3021 1671 3090 ποιήματα
1717 3018 1895 3082 εἴποις

316 3104 424 3159 τῶν
476 3106 604 3178 περὶ
655 3108 856 3190 ᾯρφέα
906 3126 966 3161 τε
1022 3108 1116 3167 καὶ
1157 3109 1438 3173 Ἡσίοδον,
1494 3108 1588 3162 καὶ
1639 3109 1895 3179 Στησίχο·

318 3211 413 3270 ρον
454 3196 566 3268 (5),
623 3200 751 3270 παρ’
781 3196 861 3262 οἷς
901 3202 956 3253 αἱ
1010 3199 1121 3252 τῶν
1175 3200 1477 3272 ἀνθρώπων
1531 3203 1715 3269 γενεαὶ
1770 3219 1899 3271 μετ-

1039 533 1408 589 ADVERSUS
1450 527 1790 587 nAEnESEs
1827 526 1954 582 LlB.
1998 526 2038 585 l.
2081 528 2241 583 Toll.
2285 528 2349 583 ll.
2388 559 2452 571 -—
2495 524 2768 581 llAERES.
2804 523 3047 581 xxxin.

291 658 505 718 έόαλον,
547 656 642 710 καὶ
682 650 1033 723 γενεαλογίας
1076 651 1447 721 ἀπεράντους,
1486 650 1645 703 αὐτοὶ
1680 648 1749 701 τὰ
1806 648 1865 701 ὲν
1894 649 1941 706 Α
1967 663 2035 702 ac
2049 646 2381 717 genealogiis
2421 643 2960 699 interminabilibus⁸
3014 641 3386 712 implicarunt,
3415 655 3543 695 cum
3640 675 3653 691 ,

3439 523 3543 582 570

1969 754 2038 793 nc
2070 754 2131 793 ea
2153 738 2370 808 quidem
2400 737 2625 801 scirent,
2657 737 2856 805 quaein
2885 736 3136 789 manibus
3183 741 3311 790 suut
3343 733 3543 802 posita,

1969 841 2024 887 et
2054 831 2222 886 certis
2245 828 2461 883 interim
2500 829 2775 882 mensuris
2805 827 3048 881 coelcstia
3074 842 3134 880 se
3171 825 3401 881 delinire
3419 839 3548 895 pro-
3625 848 3642 873 ι

1971 923 2275 986 (iterentur,
2310 927 2474 989 atque
2520 918 2997 973 obstetricantium
3040 916 3404 986 quorumdam
3423 924 3544 970 ute-

1971 1030 2158 1070 rorum
2211 1012 2361 1068 velut
2402 1011 2710 1065 coelestium
2756 1009 3070 1070 matricum,
3109 1010 3191 1062 rei
3216 1008 3377 1077 plane
3395 1020 3547 1060 com·

1971 1107 2253 1169 mentitiae,
2287 1104 2369 1160 sic
2422 1112 2683 1171 tanquam
2753 1116 2896 1155 verae
2927 1098 3223 1168 solidaeque
3266 1097 3547 1153 scientiam

1973 1196 2414 1272 praeseferrent.
2466 1193 2789 1265 Cuiusmodi
2842 1195 2935 1263 qui
2985 1192 3203 1246 abillis
3255 1188 3463 1251 audiat,
3497 1186 3547 1242 si

1975 1294 2137 1362 paulo
2163 1289 2512 1359 insipientior
2564 1289 2657 1353 sit,
2696 1287 2932 1343 sublime
2979 1283 3238 1353 quiddam
3286 1296 3346 1337 se
3403 1278 3546 1348 apud

1976 1385 2096 1439 illos
2133 1383 2393 1437 didicisse
2422 1387 2598 1443 ratus,
2659 1378 2818 1433 facile
2873 1373 3284 1429 mendaciorum
3333 1369 3544 1425 lenoci-

1976 1477 2087 1531 niis
2119 1475 2410 1529 inducetur
2436 1490 2448 1525 :
2480 1471 2744 1537 Quoniam
2769 1469 2879 1523 auis
2904 1467 3074 1522 omnis
3093 1464 3371 1520 secundum
3388 1476 3547 1532 genua

1976 1581 2129 1621 ntum
2162 1571 2533 1634 conqveyatur,
2562 1570 2610 1614 et
2640 1560 2810 1613 omnis
2860 1559 3014 1611 hoino
3044 1553 3211 1608 simili
3244 1552 3328 1607 tui
3377 1550 3551 1605 tocia-

1979 1658 2140 1718 ln‘tur,
2171 1655 2249 1709 ait
2275 1653 2557 1722 Scriptura
2579 1651 2624 1705 ⁸.
2653 1650 2749 1703 Sin
2782 1649 2945 1718 paulo
3002 1642 3392 1713 intelligentior
3443 1640 3548 1693 ali-

1978 1745 2125 1814 quis,
2165 1757 2230 1797 ac
2273 1748 2426 1794 recto
2468 1738 2678 1807 judicio
2731 1738 2994 1806 praeditus
3048 1739 3324 1790 occurrat,
3376 1742 3552 1798 nugas

1982 1836 2103 1889 illas
2132 1831 2460 1887 deridendas
2501 1830 2732 1899 putabit,
2783 1835 2950 1897 atque
2976 1842 3044 1881 ex
3085 1825 3194 1879 illis
3245 1824 3377 1893 ipsis
3428 1835 3552 1887 qua:

1981 1920 2732 1995 disputantqucmadmodum
2766 1918 2991 1972 refutari
3023 1917 3235 1986 possint
3267 1911 3550 1983 perspicit.

1909 2006 1953 2060 Β
1984 2016 2040 2071 Si
2069 2014 2288 2084 quidem
2307 2012 2424 2065 suis
2457 2010 2560 2078 ipsi
2585 2008 2904 2063 vanissimis
2940 2006 3239 2061 mendaciis
3259 2011 3454 2059 contra
3490 2015 3552 2056 se

1985 2101 2181 2157 armati
2209 2114 2333 2154 esse
2359 2098 2576 2167 penitus
2601 2103 2927 2166 arguuntur.

2054 2211 2190 2265 Volo
2210 2210 2357 2264 enim
2386 2208 2518 2262 milii
2556 2206 2956 2275 respondeatis,
2986 2220 3021 2259 o
3047 2204 3321 2260 Ptolemaei
3363 2217 3556 2258 omnes

1985 2320 2050 2359 ac
2094 2303 2433 2358 Ptolemaeae!
2491 2298 2637 2354 unde
2662 2300 2769 2353 ‘ulae
2803 2300 2960 2354 vobis
2990 2297 3146 2369 Byilii
3179 2310 3470 2362 mensurae,
3493 2308 3558 2348 ac

1989 2401 2245 2467 partuum
2301 2392 2804 2453 obstetricationes‚
2837 2399 2892 2445 et
2935 2392 3212 2443 variarum
3247 2386 3560 2457 generatio-

1989 2503 2120 2543 num
2148 2484 2407 2554 cognitio.
2441 2482 2533 2535 Sic
2560 2483 2705 2547 enim
2768 2491 3027 2549 tanquam
3055 2485 3354 2548 praesentes
3378 2475 3558 2530 inter·

1989 2578 2228 2637 fueritis,
2262 2590 2326 2629 ac
2353 2573 2659 2628 coelestium
2724 2578 2978 2629 naturam
3006 2567 3358 2637 contemplati
3407 2566 3556 2627 sitis,

1992 2668 2105 2721 imo
2135 2664 2366 2734 llytlmm
2406 2661 2560 2714 illum
2598 2668 2840 2714 vestrum
2884 2655 3314 2715 antecesseritis,
3362 2667 3556 2708 earum

1995 2755 2154 2811 nobis
2184 2766 2367 2807 rerum
2422 2749 2711 2805 scientiam
2752 2746 3066 2802 ostenditis.
3098 2745 3265 2813 Atqui
3300 2744 3484 2798 nullus
3506 2743 3563 2798 ld

1995 2860 2236 2916 unquam
2269 2842 2702 2912 eprophetarum
2737 2853 2967 2893 numero
2993 2838 3158 2892 dixit:
3204 2851 3312 2890 non
3349 2834 3565 2906 Moyses

1996 2940 2287 3008 ipse;non
2342 2932 2528 3003 Moyse
2576 2933 2729 3001 prior
2771 2931 2971 2999 aliquis
3003 2930 3087 2983 vel
3125 2928 3418 2998 posterior,
3457 2940 3567 2981 non

1998 3026 2484 3096 evangelistarum,
2504 3011 2614 3076 non
2629 3021 3001 3090 apostolorum
3015 3018 3254 3087 denique
3269 3016 3565 3085 quispiam.

1997 3118 2111 3175 Nisi
2140 3119 2278 3172 l’orte
2314 3115 2384 3170 ad
2423 3114 2702 3184 gentilium
2736 3118 2980 3182 poemata
3038 3108 3348 3179 confugias,
3384 3106 3570 3177 qualia

2000 3224 2132 3266 sunt
2159 3208 2386 3278 Orphei,
2422 3206 2664 3269 Hesiodi,
2692 3202 3016 3266 Stesichori,
3042 3201 3187 3272 apud
3220 3215 3362 3271 quos
3386 3198 3569 3253 homi-

317 3286 648 3360 επωῆθησᾱν
678 3291 762 3353 εἷς
796 3289 932 3342 θεῶν
964 3290 1297 3360 ἐπωνυμίας,
1342 3290 1436 3343 καὶ
1466 3289 1536 3344 τὰ
1585 3292 1645 3344 ἐν
1685 3290 1897 3363 ἀνθρώ·
1922 3336 1967 3394 C
2001 3319 2129 3359 num
2163 3302 2541 3373 generationes
2585 3298 2655 3354 ad
2694 3297 2923 3353 deorum
2971 3293 3363 3364 appellationes
3382 3300 3570 3345 trans·

320 3392 443 3440 ποις
481 3378 834 3450 τετελεσμένα
876 3379 1172 3450 ποιητικῶς
1213 3380 1726 3452 ὲδραματουργὴθη.
1775 3384 1883 3436 K&-

324 3467 490 3519 κεῖνοι
522 3468 630 3538 γὰρ
655 3467 822 3532 οὕτως
859 3471 1135 3539 ἐνόμισαν,
1173 3472 1557 3536 ἐκθειάσαντες
1591 3472 1716 3536 τοὺς
1767 3474 1896 3544 περὶ

321 3555 442 3620 Δία,
475 3556 570 3611 καὶ
610 3558 785 3620 Ῥέαν,
827 3563 919 3615 καὶ
942 3563 1138 3634 Ἥραν,
1168 3565 1262 3617 καὶ
1302 3565 1554 3635 Ἀθηνᾶν,
1582 3566 1677 3618 καὶ
1707 3565 1898 3618 Ἀπόλ-

320 3645 482 3715 λωνα,
516 3647 610 3701 καὶ
647 3650 982 3724 Ἀφροδίτην,
1012 3655 1106 3707 καὶ
1134 3654 1233 3719 τὰς
1254 3655 1458 3708 τούτων
1488 3654 1899 3724 κακίας’γονάς

320 3741 667 3811 τιμήσαντες,
697 3744 774 3805 εἰς
814 3745 1113 3811 φαντασίαν
1161 3746 1447 3809 πολυθεῖας
1486 3749 1580 3800 καὶ
1617 3748 1901 3801 εἰδωλολα-

319 3831 502 3899 τρείας
537 3831 626 3882 τὸν
652 3831 852 3896 κόσμον
892 3832 1165 3884 ἐνὲδαλον.
1206 3833 1365 3886 Ἀλλά
1391 3835 1573 3887 οὐκέτι
1605 3851 1696 3905 μοι
1730 3836 1898 3907 πολλή

320 3938 404 3981 τις
434 3920 589 3988 χρεία
631 3923 918 3990 γενήσεται
946 3923 1026 3984 είς
1053 3922 1158 3992 τήν
1191 3938 1304 3986 σου,
1338 3917 1744 3999 ὢᾸῘτολεμαῖε,
1773 3928 1902 3982 ἀνα·

325 4012 533 4081 τροπήν
581 4027 640 4061 τε
690 4012 783 4062 καὶ
823 4011 1063 4082 ἔλεγχον,
1098 4013 1190 4067 καὶ
1235 4015 1343 4067 τῶν
1378 4017 1520 4071 κατὰ
1550 4020 1627 4083 σὲ,
1656 4020 1757 4090 ἤδη
1794 4021 1902 4075 τῶν

335 4099 443 4199 σῶν
477 4099 833 4170 προπατόρων
862 4103 952 4155 τὸν
988 4102 1204 4173 ἔλεγχον
1236 4106 1433 4171 ἱκανῶς
1464 4109 1778 4180 εἰληφότων.
1806 4113 1904 4165 Διὰ

330 4205 439 4241 των
475 4192 886 4261 προειρημένων
921 4194 1019 4263 τὴν
1046 4196 1187 4249 κατὰ
1211 4197 1303 4250 σοῦ
1338 4199 1599 4272 αἰσχύνην
1632 4204 1901 4275 συστησά-

334 4298 515 4351 μενος,
545 4281 769 4352 διέξειμι
797 4283 895 4355 τὴν
925 4284 1032 4337 τῶν
1062 4286 1264 4357 ἑτέρων
1291 4290 1518 4362 πλάνην,
1551 4292 1682 4346 Θεὸν
1713 4296 1905 4348 ἐπικα-

330 4373 590 4443 λούμενος
636 4374 920 4447 ἐπίκουρον
968 4376 1070 4447 τῆς
1125 4379 1283 4449 ημῶν
1330 4385 1713 4455 μετριότητος,
1756 4388 1905 4450 ὅπως

330 4465 432 4535 τὴν
476 4466 606 4537 παρ’
650 4468 864 4539 ἑκάστῳ
902 4468 1041 4522 ἔθνει
1079 4472 1264 4535 κακῶς
1305 4476 1725 4549 ἐπινενοημένην
1771 4480 1904 4532 ὑπό·

334 4553 483 4607 θεσιν
515 4556 750 4626 φωράσω
791 4575 848 4611 τε
887 4560 981 4611 καὶ
1031 4557 1402 4630 θριαμόεύεω,
1439 4566 1531 4617 ἐπὶ
1567 4568 1632 4635 τῇ
1671 4568 1907 4635 ἐπαγγε-

249 4721 266 4730 “
332 4644 422 4714 λία
458 4643 558 4710 τῆς
591 4644 824 4714 σπουδῆς
855 4647 1005 4717 παρὰ
1029 4647 1165 4701 Θεοῦ
1199 4650 1516 4721 αἰτούμενος
1537 4652 1635 4723 τὴν
1661 4654 1841 4725 χάριν.

2000 3395 2122 3449 latae
2180 3399 2329 3457 sunt,
2363 3404 2538 3460 eaque
2565 3403 2686 3459 quae
2712 3389 2857 3441 inter
2880 3385 3138 3440 mortales
3161 3390 3312 3452 gesta
3340 3380 3568 3437 fuerant

1998 3486 2214 3557 poetico
2253 3499 2406 3539 more
2429 3481 2791 3537 conformata.
2815 3477 2940 3534 Fuit
2985 3478 3131 3533 enim
3185 3474 3566 3546 huiuscemodi

2000 3580 2218 3634 illorum
2275 3575 2482 3645 opinio,
2510 3588 2636 3628 cum
2686 3570 2897 3636 lovem,
2936 3583 3000 3623 ac
3054 3568 3281 3631 illicam,
3312 3575 3368 3622 et
3396 3564 3573 3620 June·

1999 3684 2126 3725 nem
2151 3706 2168 3732 ,
2221 3665 2521 3729 Palladem,
2583 3663 2889 3733 Apollinem
2949 3659 3323 3726 Veneremque
3371 3654 3575 3708 divinis

2002 3757 2302 3813 honoribus
2328 3760 2738 3813 consecrantes,
2763 3762 3063 3817 eorumque
3087 3746 3381 3817 pessimam
3406 3743 3589 3798 sobo-³

2002 3851 2107 3904 lem
2145 3848 2413 3911 venerati,
2455 3853 2628 3899 totum
2684 3842 2871 3897 orbem
2905 3842 3179 3895 variorum
3246 3836 3475 3891 deorum
3509 3848 3577 3887 ac

2005 3936 2424 3992 simulacrorum
2454 3932 2700 3987 inanium
2743 3930 3028 3986 erroribus
3064 3928 3399 3983 imbuerunt.
3442 3923 3577 3978 Mihi

2003 4043 2133 4082 vcro
2160 4027 2230 4081 ad
2258 4034 2427 4090 tuam,
2458 4039 2492 4078 o
2518 4022 2805 4078 Ptolemaee
2825 4063 2841 4087 ,
2867 4029 3198 4088 tuorumque
3234 4014 3565 4072 confutatio-

2005 4132 2127 4173 nem
2155 4117 2286 4171 niliil
2318 4116 2523 4170 idcireo
2543 4127 2871 4183 magnopere
2888 4111 3275 4180 requirendum
3307 4112 3412 4167 est,
3430 4104 3577 4174 quod

2006 4198 2251 4279 majores
2274 4214 2399 4261 tuos
2425 4204 2642 4260 abunde
2693 4203 2808 4273 jam
2852 4201 3176 4257 refellimus.
3222 4197 3406 4264 Quare
3449 4207 3577 4251 ‘cum

2006 4315 2070 4354 ex
2103 4299 2170 4353 iis
2203 4314 2322 4368 quae
2347 4296 2495 4351 dicta
2533 4302 2683 4357 sunt,
2717 4307 2880 4363 quam
2935 4290 3190 4362 pudenda
3231 4290 3345 4344 sint
3365 4296 3459 4341 tua
3488 4288 3581 4342 illa

2006 4391 2258 4459 dogmata
2284 4387 2621 4443 declaratum
2657 4384 2845 4446 suerit,
2871 4383 3160 4452 implorata
3207 4378 3373 4452 225
3419 4380 3578 4449 prius

2006 4498 2109 4549 ope
2132 4479 2402 4543 Numinis,
2433 4480 2516 4531 uti
2538 4492 2672 4531 meae
2700 4474 2956 4532 tenuitati
2989 4484 3297 4532 succurrat.
3324 4473 3392 4527 ad
3431 4472 3574 4526 alio·

2010 4584 2128 4624 rum
2157 4565 2530 4622 discutiendos
2576 4579 2793 4620 errores
2835 4578 2922 4618 me
2954 4562 3262 4628 conseram,
3282 4570 3344 4617 ut
3373 4576 3496 4633 quae
3524 4562 3581 4617 io

1947 4657 1994 4713 D
2022 4670 2348 4727 unaquaque
2377 4663 2537 4726 geute
2556 4654 2828 4724 pestilera
2853 4654 3144 4727 opiniones
3164 4654 3399 4711 inventae
3418 4664 3576 4717 sunt.

332 4751 428 4790 eas
474 4736 756 4806 ‹len-gam
828 4753 894 4794 ac
930 4741 996 4794 de
1055 4743 1305 4799 omnibus
1338 4746 1743 4814 quodammodo
1784 4752 2134 4825 triumphem.
2166 4751 2326 4819 Quod
2379 4749 2694 4809 institutum
2748 4769 2780 4808 a
2827 4767 2916 4809 me
2962 4753 3419 4822 propositumque
3461 4760 3586 4807 stu·

261 4843 272 4854 “
334 4829 488 4884 dium
520 4840 575 4885 ut
604 4847 908 4903 exsequar,
962 4836 1241 4892 coelestem
1299 4840 1431 4892 milii
1493 4839 1733 4898 l'avorem
1776 4849 2122 4918 gratiamque
2150 4846 2466 4917 postulabo.

406 4948 484 5002 Θ.
525 4949 644 5002 Ἵνα
671 4950 726 5002 δέ
755 4951 831 5023 μὴ
877 4952 1209 5008 άῦασάνιστα
1250 4951 1283 5029 ᾖ
1322 4958 1392 5011 τά
1431 4960 1559 5029 τρία
1604 4978 1697 5014 σου
1741 4962 1913 5028 λεξεί·

335 5039 445 5103 δια,
483 5037 521 5092 ἃ
571 5038 637 5109 δὴ
688 5040 825 5110 πρὸς
892 5041 1114 5114 Φλώραν
1177 5044 1236 5096 τὸ
1289 5046 1511 5112 γύναιον
1582 5052 1912 5107 ἐπιστέλλων

339 5130 658 5200 ἐκομπάσω,
700 5126 746 5185 ὦ
787 5133 1087 5204 Πτολεμαῖε
1131 5137 1238 5205 (ἀεὶ
1262 5138 1371 5207 γὰρ
1407 5139 1465 5192 αί
1496 5139 1744 5208 ὀφιώδεις
1764 5144 1912 5197 διδα-

349 5220 563 5273 σκαλίαι
615 5224 939 5295 γυναικάρια
993 5228 1374 5297 σεσωρευμένα
1425 5230 1717 5301 ἁμαρτίαις
1770 5236 1906 5289 ἀττα-

348 5313 497 5376 τῶσι,
525 5316 664 5368 κατὰ
695 5317 784 5369 τὸν
808 5316 902 5369 τοῦ
936 5319 1256 5373 Ἀποστόλου
1288 5320 1495 5392 λόγον),
1526 5325 1620 5377 καὶ
1647 5312 1819 5386 αὐτάς
1846 5328 1911 5399 δὴ

346 5404 440 5467 τὰς
476 5405 647 5471 λέξεις
686 5410 889 5473 κυρίως
930 5410 1163 5463 ἐνταῦθα
1205 5412 1625 5485 παραθήσομαι,
1674 5419 1767 5471 καὶ
1812 5418 1913 5490 τὴν

350 5690 434 5741 ιιι,
461 5677 514 5730 6.

2086 4968 2175 5022 lx.
2217 4966 2416 5023 Verum
2448 4974 2509 5020 ut
2537 4980 2710 5035 pauca
2734 4965 2826 5019 illa
2861 4963 3029 5020 verba
3055 4962 3278 5019 interim
3297 4961 3584 5034 expenda-
3622 4970 3628 4986 '

2019 5076 2162 5119 mus.
2189 5076 2311 5130 quae
2333 5059 2400 5113 ad
2421 5057 2635 5113 Floram
2666 5057 2870 5129 ingenti
2901 5071 3025 5112 cum
3055 5055 3195 5112 fasm
3241 5055 3587 5125 arrogantia-

2017 5164 2123 5220 que
2188 5148 2459 5219 scripsisti
2539 5147 2741 5218 (solent
2822 5148 2966 5203 enim
3041 5152 3254 5200 onustae
3345 5144 3590 5214 peccatis

2019 5240 2354 5295 mulierculae
2381 5280 2398 5306 ,
2435 5246 2494 5294 ut
2543 5239 2621 5293 ait
2652 5239 2946 5309 Apostolus
2975 5239 3019 5301 ⁸,
3062 5236 3287 5307 cipereis
3317 5236 3589 5305 ejusmodi

2017 5330 2363 5401 dogmatibus
2393 5330 2757 5401 decipi);tuas
2779 5328 3270 5401 ipsas,Ptolemaee,
3294 5341 3454 5384 voces
3486 5327 3591 5384 hoc
3706 5368 3712 5373 -

2019 5420 2138 5475 loco
2166 5435 2488 5493 proponam,
2513 5436 2716 5491 easque
2756 5420 3083 5477 necessitate
3112 5429 3359 5485 coactus,
3393 5435 3464 5476 ne
3484 5434 3590 5490 qua

416 5608 433 5637 ⁸
463 5605 521 5660 F·
573 5613 675 5664 Οὐκ
700 5614 895 5666 θ’)’ῶν-
1005 5615 1025 5645 ¹
1064 5611 1123 5667 F·
1156 5613 1391 5684 νομίζων
1407 5630 1477 5668 τι·
1580 5614 1602 5647 ⁸
1634 5615 1761 5687 Reg-
1790 5619 1989 5683 κακίας
2023 5618 2208 5690 μονάς.
2318 5619 2340 5649 ⁸
2370 5619 2389 5673 l
2415 5618 2556 5676 Tim.
2586 5637 2625 5687 ι,
2657 5620 2714 5676 ⁴.
2772 5621 2795 5653 ⁸
2824 5620 2999 5677 Eccle.
3029 5635 3150 5688 xm,
3172 5620 3262 5678 20.
3339 5622 3360 5652 ⁸
3393 5618 3590 5675 ll‘rim.

416 5845 497 5912 (5)
533 5846 642 5898 Καὶ
684 5845 1072 5915 Στησίχορον.
1131 5838 1480 5901 Stesichorus
1543 5848 1820 5908 fabulosas
1878 5851 2106 5910 deorum
2157 5857 2442 5929 prosapias
2482 5856 2886 5930 descripserat,
2936 5870 2995 5916 ut
3027 5860 3157 5916 alibi
3222 5859 3428 5915 iudicat
3465 5854 3585 5929 lipi-

347 5913 605 5986 planius.
