3850 6517
306 444 382 496 ⁵5
1329 419 1334 424 ’
1570 463 1627 514 s.
1673 461 2012 516 El‘tl‘llANtl
2048 462 2225 516 vrrs.
3437 463 3506 518 st

327 566 488 624 ’lma
531 568 669 625 Καθ’
720 572 931 642 ἡμέραν
976 569 1067 625 οὖν
1127 572 1440 641 Ἐπιφόινιος
1499 577 1591 628 καὶ
1632 579 1659 629 ὁ
1708 578 1856 644 φιλό-
1885 588 1930 641 Α
2029 576 2215 630 xxiv.
2256 576 2507 642 Quotidie
2541 593 2667 646 ergo
2695 575 3029 647 Epiphanius
3076 585 3129 630 et
3173 577 3526 647 philosophus

294 675 454 726 σοφος
481 661 541 713 ἐν
567 661 733 732 πολλῇ
763 662 1061 733 φιλονεικίᾳ
1087 658 1225 733 ἦσαν
1260 663 1394 735 πρὸς
1420 665 1660 729 ἑαυτούς.
1698 663 1862 720 Εἶπεν

291 748 345 801 δὲ
373 747 691 818 Ἐπιφάνιος
715 751 793 822 τῷ
821 752 1119 824 φιλοσόφῳ·
1146 753 1306 821 Λέγει
1340 755 1557 826 Δανιὴλ,
1587 757 1861 826 φιλόσοφε,

290 842 372 893 ὅτι
403 841 708 910 κριτήριον
736 842 1036 910 ἐκάθισεν,
1068 845 1164 899 καί
1201 846 1404 910 ‚elsam
1446 846 1859 917 ἠνεῴχθησαν.

293 931 466 1002 Δεῦρο
501 933 728 1003 πρόθες,
777 936 945 1004 φησὶ,
998 936 1098 999 τὰς
1135 937 1234 1000 σὰς
1277 937 1524 1007 βίόλους,
1571 938 1724 1007 κάγὼ
1766 940 1864 1003 τὰς

298 1025 462 1092 ἱμὰς,
493 1023 556 1087 ἃς
583 1041 672 1094 μοι
703 1027 733 1078 ὀ
761 1025 892 1089 Θεὸς
920 1026 1230 1100 ἐχαρίσατο,
1251 1029 1343 1082 καὶ
1368 1028 1741 1100 καθεσθῶμεν,
1772 1032 1865 1084 καὶ

301 1114 659 1185 διακριθῶμεν
688 1115 826 1187 πρὸς
858 1116 1101 1181 ἑαυτούς.
1128 1118 1426 1190 Ἐπέθηκεν
1458 1119 1514 1171 δὲ
1548 1119 1864 1188 Ἐπιφάνιος

303 1207 398 1270 τὰς
427 1206 811 1273 θεοπνεύστους
837 1208 1056 1280 Γραφάς
1080 1210 1144 1262 ὲκ
1175 1209 1380 1276 δεξιῶν,
1409 1212 1501 1263 καὶ
1527 1211 1554 1262 ό
1580 1210 1862 1280 φιλόσοφος

300 1295 358 1360 ἐξ
394 1295 727 1367 ἀριστερῶν·
783 1297 893 1351 τῶν
940 1298 995 1351 δὲ
1035 1298 1356 1370 ἀρξαμένων
1402 1302 1495 1354 ἀπ’
1540 1300 1714 1371 ἀρχῆς
1763 1300 1864 1371 τῆς

299 1389 673 1459 κοσμοποιῖας,
703 1390 730 1441 ό
756 1389 859 1460 μὲν
883 1388 1198 1459 Ἐπιφάνιος
1228 1391 1336 1444 ἀπὸ
1359 1391 1454 1461 τῆς
1483 1390 1763 1458 γενέσεως,
1797 1387 1864 1461 ἧς

296 1479 530 1550 Μωῦσῆς
562 1480 958 1551 συνεγράψατο,
984 1484 1011 1535 ό
1038 1481 1094 1534 δὲ
1127 1481 1410 1552 φιλόσοφος
1437 1483 1543 1536 ἀπὸ
1574 1486 1671 1555 τῆς
1697 1484 1864 1555 αὐτῆς

292 1569 591 1636 γενέσεως,
636 1566 706 1642 ἧς
743 1574 770 1625 ό
825 1571 1064 1636 Ἡσίοδος
1110 1573 1504 1644 συνεγράψατο.
1550 1575 1704 1628 Κατά
1737 1574 1865 1638 ἔπος

291 1655 384 1713 οὗν
428 1661 785 1728 διεξελθόντες
812 1663 885 1716 τὰ
929 1661 1024 1716 δύο
1066 1663 1280 1734 βιόλία,
1330 1664 1690 1734 ἐφιλονείκουν
1732 1665 1864 1737 πρὸς

294 1752 540 1815 ἑαυτούς,
568 1748 676 1805 Ἦν
702 1753 758 1806 δὲ
786 1753 846 1807 τὸ
873 1753 990 1822 φῶς
1043 1755 1157 1823 φῶς
1174 1796 1189 1816 ,
1226 1754 1320 1808 καὶ
1348 1754 1410 1807 τὸ
1441 1755 1630 1818 σκότος
1658 1754 1860 1816 σκότος.

306 1839 364 1893 Ὃ
394 1840 501 1912 γὰρ
532 1841 769 1912 Μωῦσῆς
809 1841 945 1895 Θεοῦ
995 1846 1425 1916 συνεργήσαντος
1460 1843 1831 1914 συνεγράψατο
1850 1861 1862 1873 ·

294 1932 324 1984 ⁶
361 1933 419 1985 δὲ
469 1933 708 1996 Ἠσίοδος
749 1935 855 1987 ἀπὸ
907 1935 1006 2005 μιν
1061 1935 1198 1988 Θεοῦ
1239 1937 1301 1988 τὸ
1335 1936 1433 2006 ζῇν
1463 1933 1631 2005 εἶχεν,
1676 1935 1784 1988 ἀπὸ
1809 1935 1865 1988 δὲ
1897 1911 1940 1965 Β

292 2023 557 2094 δαιμόνων
599 2026 699 2096 τὴν
741 2027 970 2101 πλάνην.
1024 2028 1304 2083 Ἐνιαυτδν
1345 2027 1439 2083 οὖν
1488 2029 1606 2082 ὅλον
1654 2028 1867 2099 ἔμεινεν

294 2114 604 2185 Ἐπιφάνιος
635 2119 1014 2191 διαλεγόμενος
1046 2120 1124 2192 τῷ
1154 2121 1446 2193 φιλοσόφῳ,
1482 2122 1575 2174 καὶ
1597 2122 1699 2174 οὐκ
1722 2119 1869 2174 ἔπει-

295 2222 386 2260 σεν
416 2208 597 2262 αὐτόν.
645 2211 784 2264 Ποτὲ
814 2212 944 2279 γοῦν
975 2212 1246 2283 ἀγροίκων
1285 2213 1380 2266 τὸν
1425 2212 1657 2284 ἀριθμὸν
1695 2209 1735 2276 ξ’
1774 2210 1870 2280 φέ·

294 2314 477 2369 ρουσιν
507 2300 789 2354 νεανίσκον
830 2302 952 2356 τινὰ
997 2303 1101 2356 ὑπὸ
1137 2303 1228 2356 τοῦ
1276 2302 1589 2373 ἀκαθάρτου
1630 2300 1870 2371 ὲνοχλού·

300 2403 476 2454 μενον.
508 2387 661 2441 Ἐπεὶ
690 2386 784 2444 οὖν
814 2392 912 2460 οὐκ
961 2392 1228 2462 ὴδύναντο
1275 2391 1659 2463 περιγενέσθαι
1703 2390 1867 2443 αὐτοῦ

299 2477 348 2528 οἱ
396 2476 460 2542 ξ’,
507 2480 756 2533 ἀλύσεσιν
804 2483 997 2554 ἔδησαν
1043 2483 1247 2548 τοῦτον,
1301 2484 1396 2536 καὶ
1443 2483 1682 2553 ᾖνεγκαν
1732 2481 1891 2558 πρὸς.

319 2562 628 2632 Ἐπιφάνιον
657 2570 712 2619 ὲν
747 2570 825 2639 τῷ
862 2574 1224 2643 μοναστηρίῳ.
1267 2569 1432 2626 Εἶπεν
1469 2574 1526 2626 δὲ
1553 2573 1869 2643 Ἐπιφόινιος

309 2654 387 2724 τῷ
421 2655 691 2729 φιλοσόφῳ
710 2675 725 2688 ·
760 2661 892 2728 Ἄγε
937 2661 1034 2730 δὴ,
1074 2662 1346 2731 φιλόσοφε,
1373 2667 1402 2716 ό
1422 2664 1518 2727 τὰς
1545 2665 1868 2733 φιλονεικίας

300 2746 624 2816 ποιούμενος
681 2750 823 2821 μετὰ
861 2751 955 2805 τοῦ
1004 2753 1328 2825 ἀμαρτωλοῦ
1372 2755 1714 2824 Ἐπιφανίου,
1751 2754 1870 2811 ἔπι-

294 2834 665 2907 καλεσάμενος
695 2840 757 2892 τὸ
790 2840 994 2910 πλῆθος
1043 2841 1153 2895 τῶν
1201 2843 1338 2896 θεῶν
1382 2860 1494 2909 σου,
1546 2847 1690 2910 ὅπως
1734 2849 1870 2901 ἀπο·

295 2924 573 2993 διώξουσιν
598 2930 659 2983 τὸ
687 2931 900 3002 πνεῦμα
929 2933 1039 2986 ἀπὸ
1066 2933 1161 2986 τοῦ
1193 2935 1496 2989 νεανίσκου.
1535 2937 1594 2991 ‘0
1628 2937 1683 2990 δὲ
1717 2938 1866 3006 φιλό-

299 3033 459 3085 σοφος
491 3017 676 3092 ὥσπερ
724 3023 1051 3095 ἡττηθέντα,
1092 3026 1195 3078 καὶ
1211 3027 1564 3098 ἀπορήσαντα
1595 3029 1686 3083 τὸν
1710 3030 1869 3098 λόγον

293 3107 586 3181 ὑπενόησεν
610 3111 700 3165 τὸν
730 3114 1076 3184 Ἐπιφάνιον·
1110 3118 1140 3169 ό
1164 3115 1222 3169 δὲ
1257 3116 1570 3188 Ἐπιφάνιος
1617 3120 1870 3187 ἐπιγνοὺς

291 3197 449 3252 τοῦτο
471 3241 487 3264 ,
517 3197 832 3276 sitem-repe<
869 3207 957 3259 τὸν
990 3205 1281 3276 φιλόσοφον
1305 3224 1320 3237 ·
1350 3208 1416 3260 Τί
1443 3208 1644 3277 λέγεις,
1683 3209 1866 3280 φησὶν,
1896 3229 1939 3285 C

295 3282 341 3340 ὦ
374 3290 625 3361 φιλόσοφε
645 3331 660 3356 ,
701 3295 830 3365 περὶ
862 3295 956 3349 τοῦ
991 3296 1274 3351 νεανίσκου
1302 3314 1317 3364 ;
1348 3298 1380 3367 ἢ
1408 3298 1745 3369 θεράπευσον
1777 3300 1868 3352 τὸν

299 3375 642 3446 ἀσθενοῦντα,
665 3385 758 3436 καὶ
785 3384 978 3454 ἔσομαι
1014 3385 1196 3440 πίστιν
1225 3387 1366 3456 ἔχων
1394 3388 1528 3458 πρὸς
1559 3389 1687 3451 τοὺς
1713 3387 1869 3452 θεούς

300 3482 395 3518 σου
420 3483 434 3497 ·
467 3467 499 3537 ἤ
529 3471 558 3523 ὀ
591 3470 719 3536 Θεός
747 3490 848 3542 μου
882 3473 1057 3542 διώξει
1081 3476 1143 3530 τὸ
1176 3478 1485 3551 ἀκάθαρτον
1518 3480 1734 3551 πνεῦμα
1763 3482 1870 3536 ἀπὸ

293 3558 387 3611 τοῦ
419 3561 718 3630 νεανίσκου,
771 3567 864 3619 καὶ
915 3567 1011 3640 ἔσῃ
1057 3568 1332 3634 πεποιθὼς
1365 3571 1459 3623 ἐπὶ
1490 3571 1567 3643 τῷ
1597 3574 1871 3644 ἐσταυρω-

262 3650 462 3721 ’μένιμ
498 3652 641 3706 Ἐπὶ.
659 3655 868 3723 τούτοις
909 3660 966 3713 δὲ
998 3660 1200 3714 ἅπασιν
1230 3663 1260 3714 ό
1288 3662 1574 3732 φιλόσοφος
1606 3666 1706 3717 οὐκ
1745 3665 1868 3718 ἐπί-

299 3760 518 3798 στευσεν
552 3745 879 3821 Ἐπιφανίῳ·
929 3751 1042 3805 ἀλλ’
1093 3751 1342 3821 ενόμιζεν
1372 3753 1576 3822 γέλοιον
1611 3751 1769 3809 εἶναι.
1809 3757 1869 3810 '0

294 3831 388 3890 οὖν
414 3834 728 3908 Ἐπιφάνιος
749 3841 1012 3904 ἀναστὰς,
1031 3842 1131 3892 καὶ
1154 3842 1433 3910 κρατήσας
1460 3844 1550 3895 τὸν
1573 3845 1868 3910 νεανίσκον,

297 3926 482 3994 ἔλεγεν
516 3929 698 3997 αὐτῷ·
732 3931 830 3979 Σοὶ
853 3929 1021 3994 λέγω,
1053 3927 1533 3994 νεανίσκε,θέλεις,
1562 3935 1872 4008 φησὶν,ἀρω

304 4015 377 4066 τὰ
404 4017 602 4083 σίδηρα
633 4017 742 4066 ἀπὸ
771 4015 880 4068 τῶν
909 4015 1105 4087 χειρῶν
1138 4035 1262 4084 σου;

385 4102 516 4152 KE'.
544 4101 602 4154 ⁰0
629 4101 684 4161 δὲ
716 4102 1014 4174 φιλόσοφος,
1039 4106 1280 4173 ἀκούσας
1304 4109 1496 4175 ταῦτα,
1526 4113 1757 4187 ἔδραμεν
1782 4119 1870 4171 εὐ·

315 4187 449 4252 θέως
476 4193 535 4243 ἐν
566 4190 646 4262 τῷ
678 4192 885 4266 κελλίῳ,
921 4197 1011 4251 καὶ
1045 4199 1381 4268 ἠσφαλίσατο
1401 4201 1476 4273 τῷ
1499 4205 1753 4277 κατοχίῳ,
1784 4206 1871 4259 λέ·

311 4295 418 4346 γων
464 4281 553 4333 καί
605 4284 964 4354 σκεπτόμενος
995 4287 1053 4340 ὲν
1085 4287 1308 4360 ὑπονοίᾳ
1331 4305 1344 4320 ·
1387 4286 1599 4356 Οὖτοςό
1634 4295 1868 4365 καλόγη·

308 4387 435 4443 ρως,
465 4373 543 4436 ὡς
579 4373 809 4444 ἰδιώτης,
846 4375 1002 4432 λῦσαι
1026 4366 1274 4450 βοῦλεται
1293 4381 1386 4435 τὸν
1412 4385 1752 4456 παράφρονα,
1770 4386 1872 4440 κᾶν

309 4461 383 4532 μὴ
437 4465 596 4532 ἡμεῖς
644 4464 989 4538 ἐκφύγωμεν,
1025 4469 1101 4534 ὡς
1146 4470 1336 4540 λόγιοι,
1369 4473 1468 4544 τὴν
1520 4476 1867 4546 προπέτειαν,

1967 667 2258 736 plurimum
2330 667 2471 721 inter
2532 681 2590 721 se
2660 666 3078 721 contendebant.
3146 665 3287 721 Dixit
3341 677 3525 722 autem

1968 757 2300 827 Epiphanius
2329 756 2652 826 philosopho
2672 772 2685 808 ι
2706 756 2843 810 Dicit
2874 756 3083 821 Daniel,
3115 772 3147 812 o
3172 756 3520 826 philosophe:

1962 847 2235 901 Iudicium
2260 846 2411 911 sedit,
2437 855 2486 901 et
2509 847 2630 900 libri
2654 847 2821 915 aperti
2841 855 2958 899 sunt
2978 846 3019 900 ⁸.
3051 845 3319 916 Agedum,
3345 845 3523 916 profer

1967 953 2089 998 tuos
2123 942 2311 1008 lihroS,
2354 951 2405 996 ct
2440 957 2539 1012 ego
2589 955 2760 1004 ineos,
2806 955 2947 1010 quos
2980 939 3114 994 mibi
3158 939 3302 995 Deus
3349 939 3524 1003 dedit,

1966 1033 2355 1104 sedeamusque
2377 1042 2431 1088 et
2450 1033 2784 1088 disseramus
2811 1032 2951 1086 inter
2985 1045 3105 1086 nos·
3131 1028 3322 1086 Posuit
3345 1041 3526 1084 autern

1965 1121 2301 1192 Epiphanius
2331 1139 2362 1177 a
2393 1123 2599 1179 dextris
2649 1122 2959 1191 Scripturas
2998 1120 3257 1176 divinitus
3298 1119 3527 1189 inspira·

1966 1222 2069 1279 tas,
2112 1220 2165 1268 et
2214 1213 2355 1268 alius
2408 1213 2742 1283 Epiphanius
2795 1213 2964 1267 libros
3015 1225 3147 1267 suos
3190 1226 3221 1264 a
3268 1210 3527 1265 sinistris.

1964 1300 2101 1355 Cum
2134 1301 2169 1355 ii
2194 1311 2375 1356 autern
2408 1303 2697 1372 coepissent
2722 1301 2791 1356 ab
2819 1301 2972 1357 initio
3001 1299 3190 1354 mundi
3216 1298 3529 1366 creationis,

1964 1390 2298 1461 Epiphanius
2329 1393 2547 1462 quidem
2583 1408 2613 1448 a
2642 1391 2860 1457 Genesi,
2885 1391 2938 1445 id
2961 1399 3065 1459 est,
3093 1390 3161 1445 ab
3189 1400 3334 1455 ortu,
3365 1404 3526 1460 quern

1965 1483 2286 1551 conscripsit
2314 1482 2526 1554 Moyses
2560 1502 2573 1538 ι
2607 1482 2961 1553 philosophus
3010 1490 3188 1536 autem
3228 1481 3297 1535 ab
3338 1479 3528 1536 eodem

1966 1583 2110 1639 ortu,
2138 1590 2300 1643 qut-ni
2336 1574 2657 1643 conscripsit
2690 1572 2985 1635 Hesiodus,
3025 1570 3092 1626 ad
3132 1571 3357 1626 verbum
3392 1570 3531 1625 ditos

1967 1665 2134 1720 libros
2162 1674 2494 1736 exponentes
2516 1705 2531 1731 ,
2566 1666 2707 1719 inter
2734 1679 2792 1720 se
2822 1663 3240 1718 contendebant.
3278 1660 3409 1717 Erat
3432 1676 3531 1716 au·

1970 1763 2074 1810 tem
2106 1756 2195 1809 lux
2222 1755 2336 1823 lux,
2372 1768 2424 1810 et
2454 1756 2688 1810 tenchrae
2713 1753 2968 1809 tenebrae.
2996 1752 3204 1824 Moyses
3225 1753 3368 1807 enim
3395 1751 3531 1807 scri·

1968 1847 2098 1917 psit,
2151 1847 2262 1902 Deo
2306 1862 2462 1924 opem
2505 1846 2712 1902 serente
2741 1863 2753 1899 :
2783 1845 3049 1902 llesiodus
3088 1854 3266 1898 autem
3305 1857 3373 1897 ex
3421 1841 3533 1896 Deo

1968 1937 2184 2006 quidem
2216 1935 2383 1990 vitam
2421 1937 2630 2002 habuit,
2658 1951 2897 1992 errorem
2938 1949 3067 1990 vero
3103 1951 3134 1989 a
3174 1934 3532 1989 daemonibus.

1971 2024 2105 2080 Toto
2126 2037 2305 2079 autem
2334 2040 2478 2079 anno
2511 2026 2709 2080 mansit
2737 2024 3073 2095 Epiphanius
3096 2023 3372 2078 disserens
3398 2035 3525 2076 cum

1969 2113 2312 2184 philosopho.
2344 2113 2653 2182 Aliquando
2683 2128 2813 2168 vero
2840 2113 3090 2167 homines
3126 2118 3370 2180 agrestes
3407 2125 3515 2164 nu-

1969 2219 2118 2259 rnero
2167 2204 2447 2272 sexaginta
2505 2204 2750 2258 tulerunt
2794 2203 3083 2272 quemdam
3132 2201 3532 2257 adolescentem

1969 2296 2062 2366 qui
2092 2295 2390 2350 vexabatur
2422 2295 2491 2350 ah
2521 2294 2803 2348 immundo
2826 2293 3041 2363 spiritu.
3073 2290 3245 2358 Quem
3276 2306 3397 2346 curn
3426 2305 3530 2346 nen

1969 2394 2192 2455 possent
2223 2385 2498 2455 sexaginta
2531 2385 2606 2438 illi
2638 2399 2916 2454 superare,
2961 2398 3084 2436 cum
3130 2381 3418 2452 alligarunt
3445 2397 3531 2438 ca-

1972 2479 2129 2542 tenis,
2158 2487 2211 2531 et
2244 2477 2486 2531 tulerunt
2509 2476 2574 2530 ad
2603 2475 2986 2546 Epiphaniam.
3028 2474 3171 2529 Dixit
3199 2484 3378 2529 autem
3408 2473 3532 2544 Epi·

1970 2570 2207 2633 phanius
2249 2568 2579 2639 philosopho
2607 2584 2622 2622 ε
2653 2568 2785 2636 Age,
2815 2566 3155 2636 philosophe,
3192 2567 3283 2636 qui
3313 2573 3531 2620 conten-

1968 2660 2054 2715 dis
2118 2674 2242 2713 cum
2306 2667 2589 2728 peccatore
2644 2655 2986 2727 Epiphani03
3054 2657 3246 2711 invoca
3317 2664 3531 2710 tuorum

1970 2751 2195 2805 deorum
2245 2750 2681 2813 multitudinem,
2735 2760 2795 2803 ut
2846 2748 3121 2817 expellant
3166 2747 3415 2818 spiritum
3468 2747 3531 2802 al:

1970 2841 2333 2896 adolescente.
2379 2839 2472 2894 ttte
2502 2854 2629 2894 vero
2667 2837 3009 2892 existimabat
3049 2835 3407 2907 Epiphaniam
3444 2853 3529 2892 su·

1970 2941 2240 3002 peratum,
2262 2939 2315 2986 et
2342 2931 2435 3001 qui
2465 2945 2569 2984 non
2599 2928 2821 2984 haberet
2848 2927 2991 2998 quod
3022 2927 3244 2983 diceret.
3270 2926 3403 2981 Cum
3431 2926 3534 2980 hoc

1970 3032 2150 3078 autem
2204 3022 2545 3092 cognovisset
2596 3020 2953 3090 Epiphanius,
3007 3020 3203 3073 iterum
3250 3017 3391 3072 dixit
3431 3016 3525 3070 ei:

1969 3112 2110 3180 Qum
2158 3112 2317 3180 dicis,
2367 3130 2400 3168 ο
2444 3111 2604 3168 Pater
2653 3111 2990 3182 philosophe,
3040 3111 3107 3165 de
3153 3109 3531 3164 adolescente?

1971 3203 2077 3257 Aut
2101 3217 2231 3257 cura
2258 3211 2627 3273 aegrotantem,
2655 3208 2711 3255 et
2744 3215 2843 3270 ego
2871 3199 2923 3251 in
2959 3199 3067 3252 tuis
3101 3196 3205 3251 diis
3231 3194 3439 3248 habebo
3468 3193 3526 3245 fi-

1970 3295 2136 3348 dem:
2187 3298 2281 3347 aut
2319 3291 2459 3348 Dens
2501 3291 2731 3361 expellet
2786 3287 3123 3344 immundum
3172 3285 3419 3355 spiritum
3465 3282 3528 3335 ah

1970 3385 2333 3449 adolescente,
2365 3392 2419 3439 et
2446 3383 2634 3438 credes
2668 3384 2722 3435 ln
2756 3378 3100 3436 crucifixum.
3131 3374 3187 3430 ln
3229 3375 3314 3428 his
3352 3379 3528 3426 autent

1971 3476 2222 3531 omnihus
2253 3489 2359 3529 nou
2388 3472 2617 3527 credidit
2660 3471 3017 3541 philosophus
3064 3465 3393 3538 Epiphanio,
3442 3465 3529 3517 sed

1970 3563 2301 3619 existimavit
2360 3577 2484 3617 eum
2551 3575 2673 3616 esse
2737 3558 3047 3614 ridiculum.
3110 3557 3347 3625 Surgens
3408 3567 3528 3607 vero

1972 3655 2343 3728 Epiphanius,
2402 3665 2457 3710 et
2503 3664 2695 3709 tenens
2749 3650 3183 3712 adolescentem,
3238 3646 3374 3702 dixit
3434 3645 3528 3699 ei:

1972 3747 2091 3804 Tibi
2124 3748 2265 3816 dico,
2304 3745 2661 3807 adolescens,
2706 3719 2833 3807 vis?
2863 3741 3059 3813 inquit,
3095 3738 3278 3792 tollam
3314 3744 3527 3788 catenas

1973 3839 2173 3894 ferreas
2206 3853 2272 3892 ex
2309 3835 2560 3891 manibus
2585 3833 2729 3888 tuis?

2044 4110 2210 4167 XXV.
2249 4110 2383 4166 Cum
2420 4120 2598 4164 autem
2644 4107 2904 4161 audiisset
2935 4104 3306 4176 philosophus,
3351 4101 3527 4156 statim

1974 4202 2214 4255 cucurrit
2241 4201 2293 4254 in
2328 4199 2539 4263 cellam,
2568 4207 2621 4253 et
2648 4205 2794 4252 recte
2819 4195 3028 4252 foribus
3057 4195 3297 4251 adhibito
3327 4207 3385 4247 se
3417 4207 3526 4246 rnu-

1973 4291 2094 4354 niit,
2131 4291 2337 4356 dicenS,
2368 4300 2421 4345 et
2444 4289 2765 4358 suspicando
2799 4289 2870 4342 ita
2900 4287 3040 4358 apud
3068 4303 3127 4344 sc
3146 4285 3532 4343 considerans:

1975 4381 2156 4435 Bonus
2190 4381 2278 4435 hic
2309 4395 2493 4445 senex,
2527 4387 2585 4432 ut
2625 4377 2776 4432 rudis
2807 4385 2861 4430 et
2900 4377 3168 4440 indoctus,
3204 4376 3314 4430 vult
3349 4392 3525 4429 amen·

1977 4482 2080 4526 tem
2118 4472 2344 4536 solvere,
2375 4480 2427 4526 et
2478 4470 2581 4524 nisi
2631 4483 2730 4523 nos
2763 4475 2821 4521 ut
2850 4467 3137 4537 prudentes
3181 4481 3365 4520 casum
3400 4463 3526 4519 cffu-

307 4551 572 4620 μέλλομεν
599 4554 781 4618 κακῶς
810 4557 1039 4625 πάσχειν
1064 4558 1168 4612 ὑπὸ
1191 4559 1285 4613 τοῦ
1312 4562 1639 4632 καταράτου.
1668 4563 1868 4630 Κουφί-
1900 4561 1946 4614 D
1974 4564 2206 4634 giatnuS‚
2257 4562 2323 4614 ah
2362 4560 2695 4616 exsecrando
2743 4558 2834 4612 illo
2881 4560 3023 4613 male
3063 4572 3252 4611 sumus
3296 4558 3525 4626 passuri.

307 4657 405 4704 σας
427 4638 520 4702 οὗν
554 4643 868 4713 Ἐπιφὰνιος
884 4647 954 4700 τὰ
985 4641 1187 4719 σίδηρα
1207 4651 1316 4704 ἀπὸ
1334 4651 1426 4705 τοῦ
1453 4651 1754 4718 νεανίσκου,
1777 4655 1870 4708 καὶ

309 4733 613 4802 σφραγίσας
645 4735 806 4788 αὐτὸν
833 4737 1035 4808 τρίτον,
1069 4735 1221 4798 εἶπεν
1266 4740 1343 4811 τῷ
1388 4741 1680 4813 ἀκαθάρτῳ
1705 4743 1867 4795 πνεύ-

309 4839 465 4891 ματι·
497 4824 867 4895 Παραγγέλλει
902 4847 985 4882 σοι
1023 4831 1334 4900 Ἐπιφάνιος
1364 4833 1685 4903 ἁμαρτωλὸς
1709 4837 1737 4888 ό
1755 4832 1869 4887 δοῦ-

304 4915 394 4978 λος
424 4915 516 4968 τοὺ
543 4917 835 4989 Κυρίου,ὲν
862 4921 1087 4993 ὀνόματι
1118 4921 1290 4993 Ἰησοῦ
1311 4924 1546 4995 Χριστοῦ
1562 4925 1653 4978 τοῦ
1679 4927 1868 4978 ἐσταυ-

310 5006 578 5077 ρωμένου,
607 5008 735 5063 Υίοῦ
766 5011 858 5065 τοῦ
886 5013 1042 5079 Θεοῦ,
1069 5013 1250 5080 ἔξελθε
1287 5015 1396 5069 ἀπὸ
1436 5016 1530 5071 τοῦ
1559 5014 1864 5088 ἀνθρώπου,

307 5099 401 5152 καὶ
434 5101 632 5171 μηκέτι
660 5102 905 5176 εἰσέλθῃς
936 5106 1014 5169 είς
1043 5106 1223 5160 αὐτόν.
1253 5108 1361 5161 Καὶ
1399 5107 1604 5172 εὐθέως
1647 5107 1867 5179 ἐξῆλθεν

307 5188 368 5242 τὸ
410 5190 714 5263 ἀκάθαρτον
755 5192 999 5265 πνεῦμα·
1032 5196 1121 5249 καὶ
1162 5192 1230 5268 ἦν
1255 5198 1313 5250 ὲν
1343 5197 1511 5268 πολλῇ
1539 5198 1867 5251 καταστάσει

307 5280 338 5332 ὁ
386 5282 845 5348 νεανίσκος.Ἶδὼν
890 5285 946 5339 δὲ
992 5287 1021 5341 ό
1061 5287 1345 5357 φιλόσοφος
1376 5287 1445 5342 τὰ
1478 5289 1575 5360 τῆς
1624 5289 1867 5358 εἰρήνης,

310 5372 674 5442 ἀπεκούφισεν
697 5375 756 5429 τὸ
775 5376 1042 5448 κατόχιον,
1071 5378 1163 5431 καὶ
1185 5378 1514 5449 ἐξεπήδησεν
1545 5362 1637 5431 τοῦ
1661 5376 1868 5432 κελλίου

312 5464 393 5525 εἰς
425 5464 784 5537 προσκύνησιν
821 5465 1157 5537 Ἐπιφανίου,
1184 5468 1357 5536 λέγων
1389 5468 1524 5538 πρὸς
1557 5466 1869 5537 Ἐπιφάνιον

311 5550 581 5618 τοιούτους
604 5554 791 5624 λόγους
810 5574 824 5586 ·
847 5554 937 5622 Ὦ,
967 5560 1149 5630 φησὶν,
1167 5558 1446 5627 Ἐπιφάνιε
1477 5559 1865 5628 στεφανηφόρε·

312 5643 552 5698 πιστεύω
593 5649 684 5699 καὶ
716 5649 1053 5705 πεπίστευκα
1083 5653 1192 5713 τοῖς
1225 5648 1588 5718 λαλουμένοις,
1622 5647 1707 5700 διὰ
1763 5649 1870 5701 τῶν

302 5839 315 5851 .
383 5800 408 5833 ⁴
445 5799 578 5855 Dan.
622 5820 711 5861 ru.
761 5806 837 5858 lo.

1967 4654 2103 4709 Curn
2131 4667 2311 4708 autem
2344 4651 2674 4721 Epiphanius
2700 4649 2890 4704 ferreis
2909 4648 3112 4703 catenis
3142 4646 3372 4702 levasset
3401 4647 3524 4701 ado·

1969 4744 2283 4807 lescentern,
2316 4750 2371 4798 et
2399 4756 2522 4797 eum
2554 4748 2632 4794 ter
2659 4739 2945 4809 signasset,
2969 4735 3103 4790 dixit
3121 4738 3399 4792 immundo
3421 4739 3525 4807 spi·

1969 4834 2097 4887 ritui
2131 4854 2143 4889 z
2183 4833 2432 4904 Praecipit
2467 4831 2561 4888 tibi
2583 4827 2916 4901 Epiphanius
2946 4837 3197 4901 peccator
3221 4842 3409 4882 servus
3426 4827 3524 4884 Do·

1968 4923 2121 4986 mini,
2157 4923 2208 4976 in
2260 4923 2478 4978 nomine
2529 4919 2656 4976 Jesu
2705 4919 2909 4976 Christi
2962 4919 3205 4977 crucifixi
3249 4919 3368 4974 Filii
3414 4919 3537 4984 Dei,

1968 5017 2221 5085 egredere
2252 5032 2316 5072 ex
2346 5016 2585 5081 homine,
2619 5027 2672 5073 et
2697 5032 2766 5074 ne
2798 5017 3030 5087 amplius
3062 5017 3115 5071 in
3147 5016 3322 5086 ipsum
3352 5015 3522 5086 ingrc-

1968 5105 2152 5162 diaris.
2185 5106 2252 5162 Et
2278 5122 2530 5178 egressus
2574 5118 2657 5166 est
2709 5109 2890 5166 statim
2926 5106 3238 5161 immundus
3281 5107 3524 5175 spiritus.

1971 5193 2209 5267 Eratque
2260 5198 2579 5253 adolescens
2629 5199 2782 5253 valde
2827 5197 3040 5266 quietus
3087 5203 3140 5249 et
3172 5197 3523 5263 compositus.

1969 5284 2103 5339 Cum
2144 5295 2322 5343 autern
2353 5284 2475 5343 esse
2508 5302 2694 5356 pacem
2723 5285 2945 5340 vidisset
2971 5283 3349 5354 philosophus,
3382 5286 3524 5339 lera-

1968 5377 2046 5432 vit
2088 5382 2426 5452 repagulum,
2454 5390 2508 5434 et
2543 5394 2575 5434 e
2624 5379 2756 5434 cella
2804 5378 3037 5448 prosiliit
3079 5379 3147 5434 ad
3191 5376 3524 5431 adorandum

1972 5469 2349 5540 Epiphaniurn,
2376 5469 2455 5524 sie
2478 5469 2665 5527 dicens
2694 5488 2707 5524 ι
2738 5469 2802 5534 0,
2828 5470 3019 5541 inquit,
3046 5471 3137 5541 qui
3167 5474 3346 5538 gestas
3374 5483 3517 5521 coro·

1972 5574 2118 5622 nam,
2147 5558 2426 5629 Epiphani,
2458 5560 2639 5622 credo,
2670 5573 2724 5616 et
2752 5560 2956 5616 credidi
2987 5561 3054 5616 iis
3082 5573 3201 5630 quae
3248 5555 3525 5616 dicuntur.

1971 5663 2066 5717 per
2113 5664 2172 5702 ea
2219 5664 2339 5718 qum
2387 5649 2538 5704 liunt.
2570 5649 2765 5707 Volant
2808 5651 2952 5707 enim
2983 5650 3145 5706 verba
3177 5647 3292 5701 sine
3323 5645 3530 5709 fructu,
