3850 6517
384 535 447 593 5!
1672 530 1728 584 S.
1771 527 2108 583 El‘li‘llANll
2152 527 2326 581 VlTA.
3530 528 3606 583 52

303 724 317 737 ι
378 643 539 708 cebat
582 648 727 704 enim
756 646 1046 719 Dionysius
1077 646 1519 722 Halicarnasseus
1557 661 1570 697 z
1604 644 1659 698 Si
1697 659 1942 714 personae
1974 649 2014 704 Α
2045 642 2354 712 προσώποις
2385 642 2630 714 ἀλλήλοις
2666 644 3065 719 θεωρούμεναῆ
3114 645 3475 702 mutuam
3511 646 3608 700 δύ-

381 755 504 796 cum
555 739 804 811 personis
838 739 1046 794 collatae
1071 737 1502 800 considerentur,
1556 744 1788 805 possunt
1819 735 1942 805 pul-

381 829 626 885 chriores
652 845 934 900 apparere.
958 829 1091 882 Boni
1127 844 1249 883 cum
1281 827 1441 881 malis
1471 824 1708 888 confusi,
1744 825 1796 879 in
1833 840 1942 879 uno

382 921 528 993 ligno
556 922 932 977 extendentur.
959 917 1150 972 Nullus
1188 918 1331 973 euim
1379 916 1540 971 homo
1566 931 1728 970 unam
1765 913 1944 969 terens

381 1014 643 1078 tunicam,
698 1015 772 1068 ita
815 1010 1055 1066 custodit
1101 1026 1338 1081 corpus„
1388 1008 1448 1064 'ut
1491 1025 1597 1064 non
1654 1009 1940 1063 laceretur.

379 1102 620 1160 Plurima
659 1118 892 1172 namque
919 1103 1232 1174 congressio
1279 1103 1545 1173 plurimos
1586 1102 1791 1173 praebet
1826 1115 1944 1156 ser-

378 1210 590 1251 mones.
624 1193 725 1249 Ubi
754 1202 933 1250 autem
977 1203 1107 1267 suut
1138 1195 1358 1264 plurimi
1385 1209 1682 1261 sermoneS,
1713 1202 1799 1250 est
1830 1208 1945 1246 ma-

381 1301 484 1357 gna
511 1287 848 1342 diversarum
878 1301 1060 1342 rerum
1093 1287 1445 1356 experientia.
1482 1285 1607 1341 Haec
1631 1300 1755 1341 cum
1781 1284 1945 1340 dixis·

382 1385 468 1432 set
489 1376 866 1447 philosophae,
900 1387 955 1433 et
978 1377 1134 1448 plura
1165 1378 1294 1443 alia,
1325 1377 1512 1434 tacuit.

454 1464 643 1519 xxllt.
686 1465 974 1537 Excipiens
1002 1477 1182 1523 autem
1215 1467 1571 1538 Epiphanius,
1600 1467 1832 1537 primum
1875 1467 1941 1520 li·

384 1555 539 1610 hrum
566 1555 633 1610 de
669 1556 856 1611 mundi
892 1558 1165 1613 creatione
1206 1558 1590 1627 interpretatus
1617 1565 1700 1612 est
1727 1556 1795 1611 ad
1819 1570 1942 1610 ver-

380 1645 509 1699 bum
538 1645 880 1717 philosopho.
916 1649 1007 1704 llle
1034 1662 1162 1703 vero
1209 1648 1332 1704 aliis
1359 1648 1576 1719 quidem
1614 1647 1946 1703 assentieba-

2046 749 2252 794 νανται,
2278 733 2311 802 ἢ
2339 737 2498 787 κακοὶ
2530 735 2711 800 καλοῖς
2743 739 3115 811 συμφυρέντες
3143 741 3200 791 ὲν
3232 740 3317 791 ἐνὶ·
3346 736 3484 808 ξύλῳ
3512 754 3608 789 τα-

2044 823 2417 894 νυσθήσονται.
2447 825 2631 890 Οὐδεὶς
2672 827 2780 896 γὰρ
2815 828 3113 899 ἀνθρώπων
3147 830 3244 883 ἓνα
3276 827 3475 899 χιτῶνα
3508 843 3605 894 φο·

2048 914 2176 986 ρῶν,
2212 916 2501 982 ἀνάξαντον
2533 918 2594 970 τὸ
2637 918 2797 989 σῶμα
2842 919 3173 988 διαφυλάξει.
3214 920 3276 974 Ἠ
3311 919 3418 989 γάρ
3463 918 3610 970 πλεί-

2047 1024 2145 1078 στη
2188 1009 2440 1076 συντυχία
2488 1008 2769 1073 πλείστους
2814 1010 3001 1079 λόγους
3046 1010 3294 1080 παρέχει.
3344 1011 3515 1063 Ὅπου
3553 1007 3610 1060 δὲ

2047 1097 2284 1150 πλεῖστοι
2336 1098 2503 1168 λόγοι,
2549 1100 2875 1172 πολυπειρία
2929 1103 3267 1173 πραγμάτων
3318 1099 3608 1169 διαφόρων.

2047 1188 2229 1243 Ταῦτα
2270 1190 2325 1243 δὲ
2364 1190 2529 1244 εἰπὼν
2575 1195 2604 1246 ό
2634 1193 2918 1262 φιλόσοφος
2965 1194 3098 1262 πρὸς
3153 1192 3483 1260 Ἑπιφάνιον,
3518 1191 3613 1243 καὶ

2047 1279 2267 1335 πλείονα
2292 1281 2495 1335 τούτων
2515 1322 2529 1346 ,
2561 1282 2946 1354 ἀπεσιώπησεν
2980 1284 3177 1355 μηκέτι
3221 1282 3614 1352 φθεγγόμενος.

2116 1479 2241 1534 ΚΓ.
2296 1480 2609 1535 ’Υπολαὸὼν
2652 1481 2710 1534 δὲ
2753 1481 3066 1551 Ἐπιφάνιος
3107 1481 3213 1534 ἀπὸ
3257 1481 3355 1550 τῆς
3391 1477 3614 1550 πρώτης

2048 1569 2231 1640 βίὸλου
2258 1569 2356 1639 τῆς
2402 1571 2755 1641 κοσμοποιῖας
2784 1571 3169 1642 διερμήνευσεν
3198 1574 3338 1624 κατά
3372 1569 3499 1632 ἓπος
3530 1568 3617 1637 τῷ

2045 1661 2335 1733 φιλοσόφῳ.
2379 1662 2436 1714 Ὀ
2469 1662 2566 1732 μὲν
2608 1657 2700 1715 οὖν
2730 1661 3018 1733 φιλόσοφος
3068 1664 3181 1726 τοῖς
3212 1661 3310 1732 μὲν
3345 1662 3614 1731 μετεῖχεν,

382 1743 488 1802 tur,
528 1746 718 1793 contra
765 1739 868 1794 alia
899 1748 1077 1795 autem
1114 1740 1348 1796 dicebat.
1396 1741 1713 1796 manserunt
1760 1740 1946 1809 itaque
2045 1755 2159 1817 τοῖς
2197 1752 2255 1806 δὲ
2309 1752 2616 1822 ἀντέλεγεν,
2641 1753 2937 1823 Ἐποίησαν
2982 1753 3039 1806 δὲ
3073 1755 3221 1825 τρεῖς
3257 1753 3465 1822 ἡμέρας
3495 1749 3613 1801 δια-

383 1834 493 1883 tres
528 1827 645 1884 dies
678 1828 821 1884 inter
855 1844 915 1885 se
955 1830 1304 1888 disserentes.
1351 1829 1484 1898 Quae
1534 1832 1603 1886 ab
1648 1831 1782 1900 ipsis
1814 1845 1945 1885 vero
2046 1843 2324 1915 λεγόμενοι
2353 1845 2490 1916 πρὸς
2519 1845 2764 1908 ἑαυτούς,
2794 1845 3125 1914 Ἀσύμφωνα
3156 1844 3211 1898 δὲ
3239 1840 3306 1916 ἦν
3332 1844 3513 1904 αὐτοῖς
3545 1839 3619 1893 τὰ

347 1969 350 1973 ,
379 1915 718 1985 dicebantur,
750 1936 1091 1990 nequaquam
1121 1923 1262 1977 inter
1289 1938 1350 1978 se
1372 1922 1782 1978 conveniebant.
1808 1919 1943 1975 Cum
2047 1933 2349 2005 λαλούμενα
2381 1936 2472 1988 ὑπ·
2506 1936 2704 1990 αὐτῶν,
2732 1935 2877 1989 Ἰδὼν
2909 1936 2967 1988 δὲ
2994 1938 3023 1988 ὁ
3064 1935 3348 2003 φιλόσοφος
3375 1933 3471 2002 τὴν
3498 1931 3619 1982 δια..

383 2006 605 2063 vidisset
637 2018 816 2065 autem
851 2009 1227 2081 philosophus,
1258 2013 1530 2081 quomodo
1556 2013 1723 2066 vitam
1754 2011 1950 2079 agebat
1976 1996 2019 2051 Β
2047 2027 2233 2097 γωγὴν
2257 2026 2348 2079 καὶ
2369 2026 2439 2079 τὰ
2459 2027 2563 2098 ἢθη
2587 2026 2925 2096 Ἑπιφανίου,
2957 2025 3090 2080 πολὺ
3117 2027 3400 2094 ἠγάπησεν
3428 2021 3615 2075 αὐτόν,

383 2096 716 2168 Epiphanius
739 2138 755 2165 ,
786 2114 910 2155 eum
938 2099 1093 2155 valde
1120 2099 1340 2166 dilexit,
1372 2110 1426 2156 et
1457 2108 1654 2170 quarto
1687 2099 1773 2152 die
1811 2097 1948 2153 dixit
2049 2116 2127 2186 τῇ
2167 2110 2259 2167 Οὗν
2308 2115 2542 2185 τετάρτῃ
2587 2116 2769 2188 ἡμέρᾳ
2797 2112 2949 2169 εἶπεν
2993 2117 3022 2169 ὁ
3062 2115 3351 2183 φιλόσοφος
3389 2112 3620 2179 ’Emeu-

382 2186 484 2241 ei:
533 2185 809 2257 Bagister,
862 2187 1086 2257 pulchra
1129 2197 1213 2244 est
1260 2188 1425 2258 hujus
1473 2188 1575 2243 loci
1630 2186 1891 2242 habitatio
1929 2201 1942 2236 :

384 2277 540 2343 Volo,
594 2280 641 2335 si
685 2280 880 2350 jubes,
921 2281 1009 2336 hic
1042 2282 1305 2337 habitare.
1351 2281 1401 2337 ls
1451 2296 1579 2337 vero
1612 2280 1749 2335 dixit
1790 2280 1890 2348 ipsi
1930 2299 1943 2334 :

384 2369 501 2425 Hoc
544 2370 707 2426 situm
762 2379 846 2425 est
890 2371 944 2426 in
1005 2370 1176 2426 libero
1219 2371 1649 2442 uniuscujusque
1699 2371 1944 2426 arbitrio.

383 2455 746 2528 Philosophus
790 2465 968 2512 autem
1001 2475 1014 2510 ε
1059 2458 1198 2524 Quin
1235 2459 1398 2513 etiam
1434 2459 1603 2514 libros
1637 2473 1809 2524 meos,
1859 2459 1943 2513 in·

384 2550 524 2620 quit,
559 2551 669 2610 huc
717 2548 854 2605 fero.
904 2548 1046 2605 Dicit
1081 2549 1412 2621 Epiphanius
1443 2567 1457 2603 :
1491 2549 1548 2606 Si
1575 2553 1704 2622 quid
1734 2552 1829 2607 tibi
1859 2568 1951 2608 ve-

377 2635 500 2695 'niat
549 2641 604 2694 in
671 2652 903 2717 mentem
930 2682 946 2706 ,
1001 2635 1216 2710 aequum
1263 2649 1318 2697 et
1356 2642 1679 2699 benet-olum
1723 2644 1949 2698 habebis

385 2729 767 2801 Epiphanium.
821 2730 969 2786 Dixit
1016 2740 1196 2787 autem
1252 2731 1606 2802 philosophus
1653 2752 1666 2788 z
1714 2732 1950 2788 Omnino

386 2822 485 2879 ibit
525 2821 781 2895 Callistus
827 2823 895 2878 ad
940 2839 1091 2880 meos
1143 2824 1333 2880 libros.
1377 2824 1522 2880 Dixit
1567 2824 1947 2895 Epiphanius:

387 2915 523 2983 Age,
542 2915 674 2969 vade
717 2929 885 2970 sanus
932 2931 1052 2970 cum
1091 2913 1332 2971 Callisto.
1383 2914 1523 2970 Dicit
1555 2925 1735 2972 autem
1775 2918 1952 2986 philo-

387 3004 594 3074 sophus
631 3023 644 3059 z
678 3003 785 3060 Res
811 3019 1001 3060 omnes
1047 3021 1196 3063 meas
1227 3006 1528 3077 relinquam
1558 3008 1803 3075 Callisto,
1850 3023 1952 3064 nec

388 3111 454 3150 ex
494 3095 596 3152 hoc
640 3096 759 3152 loco
797 3097 976 3152 exibo.
1026 3095 1157 3151 Erat
1200 3112 1329 3154 vero
1373 3098 1462 3154 hic
1511 3098 1767 3155 Callistus
1811 3099 1950 3158 Aetii

391 3187 569 3258 magui
603 3185 792 3243 Romae
819 3184 1055 3257 praefecti
1088 3186 1252 3243 filius.
1291 3187 1342 3244 ls
1365 3204 1490 3244 cum
1515 3191 1813 3260 malignum
1850 3193 1950 3246 ha-

2047 2207 2144 2277 νίῳ
2163 2223 2177 2238 ·
2196 2205 2511 2266 Διδάσκαλε,
2535 2204 2673 2276 καλὴ
2698 2208 2731 2276 ή
2758 2207 2969 2276 οἴκησις
2994 2205 3087 2259 τοῦ
3114 2206 3298 2259 τόπου.
3328 2202 3626 2272 Βούλομαι,

2047 2297 2097 2349 εἰ
2131 2295 2392 2359 κελεύεις,
2427 2296 2595 2347 οἰκεῖν
2628 2294 2879 2350 ἐνταῦθα.
2913 2292 3081 2351 Εἶπεν
3104 2296 3160 2364 δὲ
3188 2294 3502 2362 Ἐπιφάνιος
3540 2292 3619 2361 τῷ

2050 2382 2321 2452 φιλοσόφῳ
2340 2397 2353 2410 ·
2389 2381 2558 2434 Τοῦτο
2598 2381 2735 2453 πρὸς
2760 2382 2857 2453 τὴν
2896 2381 3213 2453 προαίρεσιν
3243 2379 3359 2442 ἑνὸς
3387 2377 3623 2430 ἑκάστου

2050 2472 2218 2526 ἐστίν.
2259 2468 2430 2526 Εἶπεν
2459 2472 2516 2525 δὲ
2561 2474 2590 2525 ό
2630 2466 2921 2545 ’φιλόσοφος
2962 2472 3267 2541 Ἐπιφανίῳ
3292 2487 3303 2498 ·
3336 2468 3497 2523 Ἀλλὰ
3527 2468 3625 2518 καὶ

2047 2561 2147 2624 τὰς
2176 2560 2390 2631 βί6λους
2421 2562 2590 2633 φέρω.
2644 2558 2810 2616 Εἶπεν
2840 2550 2896 2615 δὲ
2920 2561 3110 2632 αύτῷ·
3152 2562 3220 2616 Εἴ
3244 2578 3295 2614 τι
3330 2558 3627 2631 παρεισέρ»

2049 2670 2203 2723 χεται
2231 2652 2309 2723 τῷ
2342 2653 2588 2723 λογισμῷ
2618 2670 2733 2718 σου,
2769 2655 3022 2725 εὑρήσεις
3063 2654 3380 2722 Ἐπιφάνιον
3420 2653 3625 2717 εὐγνω-

2053 2743 2335 2814 μονοῦντα.
2368 2740 2536 2798 Εἶπεν
2564 2745 2620 2797 δὲ
2659 2746 2688 2798 ό
2728 2745 3053 2814 φιλόσοφος·
3086 2746 3380 2800 Κάλλιστος
3414 2736 3625 2799 πορεύ-

2052 2851 2204 2888 σεται
2236 2835 2369 2905 πρὸς
2400 2835 2497 2898 τὰς
2540 2833 2678 2902 ὲμάς
2723 2832 2951 2904 βίόλους.
2986 2832 3156 2886 Εἶπεν
3202 2825 3508 2889 Ἐπιφάνιος
3539 2815 3619 2884 τῷ

2051 2923 2326 2992 φιλοσόφῳ
2346 2940 2359 2951 ·
2401 2924 2628 2986 Ἀγαγε,
2662 2921 2810 2986 βαῖνε
2840 2918 3095 2984 ὑγιαίνων
3132 2911 3269 2983 μετὰ
3294 2906 3616 2962 Καλλίστου.

2052 3011 2222 3070 Εἶπεν
2250 3012 2306 3065 δὲ
2350 3012 2378 3063 ὀ
2425 3009 2712 3079 φιλόσοφος
2754 3004 3087 3074 Ἐπιφανίῳ·
3138 3002 3322 3056 Πάντα
3367 2997 3436 3051 τά
3481 2994 3620 3076 πρά·

2050 3102 2237 3174 γματά
2269 3118 2367 3168 μου
2406 3098 2689 3169 Καλλίστῳ
2715 3097 2859 3162 ἀφίω
2878 3111 2891 3124 ·
2919 3094 3028 3162 ἐγὼ
3056 3093 3165 3164 γάρ
3197 3092 3379 3146 οὐκέτι
3406 3088 3623 3158 ἐξέρχο-

2057 3207 2156 3267 μαι
2187 3195 2252 3247 ὲκ
2272 3193 2364 3246 τοῦ
2388 3191 2552 3246 τόπου
2583 3188 2792 3245 τούτου.
2819 3189 2925 3258 '‘le
2950 3186 3006 3241 δὲ
3034 3187 3062 3236 ὀ
3090 3185 3386 3246 Κάλλιστος
3412 3178 3623 3233 ’Δετίου

393 3280 543 3335 beret
590 3277 871 3348 spiritum,
919 3276 1052 3332 vidit
1097 3279 1455 3348 Epiphanium
1507 3281 1771 3336 dicentem
1813 3283 1861 3334 ei
1897 3284 1950 3337 in
1982 3317 2025 3375 C
2054 3286 2149 3342 τοῦ
2222 3286 2457 3356 μεγάλου
2527 3283 2765 3353 ἐπάρχου
2830 3281 2924 3352 τῆς
2976 3278 3196 3350 Ῥώμης
3258 3277 3389 3338 υἱός.
3460 3264 3631 3332 Οὗτος

385 3366 640 3423 visionet
673 3366 803 3432 vis,
857 3365 1113 3430 Calliste,
1159 3367 1425 3437 expellam
1472 3383 1504 3424 a
1551 3378 1604 3425 te
1657 3371 1956 3439 spiritum?
2059 3378 2277 3447 meiana
2323 3375 2556 3446 πονηρὸν
2588 3373 2747 3443 ἔχων,
2802 3371 3268 3440 ίδὼνἘπιφάνιον
3306 3368 3363 3419 ὲν
3400 3362 3634 3432 ὀπτασίᾳ

390 3457 552 3519 Dixit.
584 3457 841 3513 Callistus
874 3472 889 3510 ε
917 3456 984 3513 Ει
1025 3456 1150 3527 quis
1195 3464 1252 3516 tu
1308 3473 1387 3524 es,
1441 3460 1655 3515 domine
1688 3462 1783 3524 ini,
1812 3464 1957 3532 quod

392 3546 571 3615 possis
596 3561 720 3603 eum
760 3545 1069 3617 expellere?
1097 3545 1241 3604 Dixit
1266 3557 1446 3609 autem
1476 3549 1808 3620 Epiphanius
1834 3553 1959 3608 Cal-

394 3636 521 3693 listo
549 3637 564 3689 'z
595 3634 708 3707 Ego
743 3650 887 3701 sum,
936 3637 1132 3706 inquit,
1165 3636 1499 3709 Epiphanius
1529 3640 1958 3711 Phoenicopalae·

395 3728 594 3793 stinus,
631 3729 723 3798 qui
756 3729 810 3786 in
837 3728 1178 3799 Spanhydrio
1206 3730 1389 3787 habito
1419 3732 1474 3785 iu
1509 3734 1860 3790 monasterio.
1901 3733 1961 3787 Si

395 3834 546 3892 ergo,
578 3820 774 3888 inquit,
809 3821 1011 3880 malum
1044 3836 1073 3874 a
1099 3831 1150 3875 te
1181 3821 1430 3890 spiritum
1461 3825 1742 3892 expulero,
1775 3824 1962 3877 venies

396 3912 464 3968 ad
513 3926 622 3977 me,
656 3920 711 3965 et
742 3910 1008 3966 habitabis
1051 3926 1265 3967 mecum
1314 3912 1367 3966 in
1393 3912 1732 3984 Spanhydrio
1761 3914 1784 3966 ’ἓ
1820 3913 1964 3968 Dixit

397 4003 655 4061 Callistus
706 4002 773 4059 ad
826 4000 1186 4071 Epiphanium
1218 4018 1232 4052 ι
1267 4000 1513 4065 Domine,
1558 4003 1764 4072 expelle
1802 4019 1832 4057 a
1881 4020 1965 4056 we

399 4094 740 4151 immundum
767 4093 1037 4164 spiritum,
1067 4100 1121 4149 et
1144 4092 1401 4148 habitabo
1430 4100 1627 4147 tecum.
1651 4091 1806 4146 Tunc
1827 4093 1966 4146 dixit

399 4180 734 4258 Epiphanius
759 4185 981 4245 Callisto
1009 4201 1024 4239 ι
1056 4183 1191 4240 Vide
1236 4198 1303 4238 ne
1337 4182 1530 4238 feceris
1551 4183 1737 4248 aliter;
1776 4197 1968 4236 rursus

400 4280 545 4335 enim
601 4277 695 4333 tibi
749 4275 1060 4333 adhaerebit.
1127 4275 1404 4330 Excitatus
1455 4283 1635 4331 autem
1686 4273 1966 4335 Callistus,

404 4370 641 4427 narravit
667 4368 851 4424 omnia
886 4367 1026 4438 patri
1056 4382 1157 4429 suo
1186 4365 1460 4436 praesecto.
1494 4366 1576 4421 Ab
1599 4366 1689 4421 illo
1719 4380 1848 4436 ergo
1883 4365 1971 4421 die

403 4477 512 4517 non
558 4473 644 4518 est
689 4461 925 4531 amplius
975 4459 1206 4517 afflictus
1254 4459 1513 4524 Callistus
1564 4459 1632 4516 ab
1686 4459 1970 4515 immundo

404 4554 619 4625 spiritu.
653 4552 784 4609 Post
813 4560 1027 4622 tempus
1069 4558 1250 4606 autem
1296 4552 1461 4607 trium
1511 4551 1778 4608 mensium
1831 4551 1973 4629 dixit

2057 3469 2281 3536 λέγοντα
2310 3466 2455 3535 αύτῷ
2480 3482 2492 3493 ·
2530 3465 2717 3527 Θέλεις
2737 3502 2751 3525 ,
2797 3462 3065 3517 Κάλλιστε
3085 3501 3099 3525 ,
3127 3458 3303 3524 διώξω
3329 3457 3389 3509 τὸ
3417 3454 3635 3522 πνεῦμα

2058 3559 2167 3613 ἀπὸ
2199 3559 2324 3623 σοῦ;
2371 3554 2540 3613 Εἶπεν
2583 3555 2640 3608 δὲ
2682 3555 3016 3616 Κάλλιστος·
3065 3553 3176 3605 Καὶ
3218 3552 3302 3613 τίς
3348 3545 3430 3614 εἷ,
3479 3546 3633 3615 κύριε

2065 3666 2188 3719 μου,
2223 3650 2305 3700 ὅτι
2333 3647 2557 3698 δύνασαι
2589 3633 2776 3707 διῶξαι
2822 3643 2986 3707 αὑτό;
3018 3640 3185 3693 Εἶπεν
3216 3639 3274 3692 δὲ
3317 3638 3633 3704 Ἐπιφάνιος
3687 3665 3689 3667 >

2061 3738 2138 3809 τῷ
2170 3736 2482 3805 Καλλίστῳ·
2518 3733 2663 3801 Ἐγώ
2705 3733 2820 3801 είμι
2842 3772 2856 3794 ,
2898 3731 3080 3800 φησὶν,
3111 3729 3428 3797 Ἐπιφάνιος
3455 3729 3481 3778 ὁ
3512 3725 3636 3776 Φοι-

2062 3826 2550 3890 νικοπαλαιστινδς,
2578 3827 2607 3879 ό
2637 3825 2695 3877 ὲν
2722 3821 3041 3891 Σπανυδρίῳ
3069 3819 3233 3874 οίκῶν
3255 3819 3331 3888 τῷ
3365 3833 3637 3888 μοναστη-

2065 3924 2186 3994 ρίῳ.
2217 3921 2344 3975 Ἐὰν
2378 3914 2493 3980 οὖν,
2528 3918 2713 3990 φησὶν,
2754 3915 2927 3981 διώξω
2959 3914 3020 3967 τὸ
3055 3912 3270 3983 πνεῦμα
3313 3911 3371 3964 τὸ
3401 3909 3638 3980 πονηρὸν

2066 4004 2321 4074 ἀπδ’σοῦ,
2356 4011 2551 4082 ὲλεύσῃ
2578 4009 2673 4064 καὶ
2702 3993 3050 4076 κατοικήσεις
3089 4003 3205 4074 μετ’
3231 4002 3365 4072 ἐμοῦ
3403 4003 3458 4053 ὲν
3491 4001 3639 4054 Σπα·

2066 4103 2285 4171 νυδρίῳ.
2312 4098 2480 4154 Εἶπεν
2503 4101 2560 4152 δὲ
2589 4098 2887 4159 Κάλλιστος
2920 4096 3054 4166 πρὸς
3079 4095 3392 4160 Ἐπιφάνιον
3410 4108 3422 4121 ·
3447 4090 3641 4161 Κύριε,

2065 4192 2254 4258 δίωξον
2297 4192 2394 4245 ἀπ’
2428 4191 2563 4260 ἐμοῦ
2593 4189 2654 4242 τὸ
2686 4187 2993 4257 ἀκάθαρτον
3027 4185 3277 4256 πνεῦμα,
3314 4185 3408 4237 καὶ
3457 4199 3642 4235 κατοι-

2069 4285 2244 4354 κήσω,
2269 4280 2422 4352 φησὶ,
2451 4280 2589 4350 μετά
2618 4279 2732 4333 σοῦ.
2763 4274 2928 4332 Εἶπεν
2952 4277 3010 4330 δὲ
3045 4276 3359 4346 Ἐπιφάνιος
3384 4274 3477 4343 τῷ.
3495 4274 3642 4326 Καλ-

2058 4373 2267 4444 λίστῳ·
2310 4370 2481 4424 Βλέπε
2526 4371 2600 4443 μὴ
2639 4372 2871 4442 ποιήσῃς
2899 4369 3091 4431 ἄλλως,
3123 4369 3244 4422 ἐπεὶ
3281 4367 3440 4422 πάλιν
3471 4381 3643 4435 προσ·

2073 4464 2485 4535 κολληθήσεται.
2520 4461 2892 4528 Ἐξυπνισθεὶς
2928 4456 3021 4513 οὖν
3065 4461 3091 4512 ὁ
3129 4459 3425 4519 Κάλλιστος
3452 4454 3646 4538 διηγή-

2076 4574 2206 4614 σατο
2237 4556 2314 4629 τῷ
2342 4556 2509 4628 πατρὶ
2540 4553 2704 4608 αὑτοῦ
2731 4554 2843 4606 ὄντι
2872 4551 3114 4622 ἐπάρχῳ.
3143 4550 3276 4604 Ἀπὸ
3301 4541 3399 4617 τῆς
3430 4547 3644 4618 ἡμέρας

403 4641 660 4700 Callistus
690 4642 845 4696 Aetio
872 4641 1013 4712 patri
1045 4656 1146 4698 suo
1171 4656 1186 4695 τ
1216 4639 1399 4705 Pater,
1427 4642 1547 4697 volo
1589 4641 1668 4696 ire
1712 4642 1765 4696 in
1795 4641 1971 4711 regio·
2005 4642 2048 4697 D
2075 4641 2169 4701 οὗν
2195 4646 2407 4715 ἐκείνης
2442 4643 2626 4697 οὐκέτι
2667 4644 2695 4695 ό
2732 4640 3029 4703 Κάλλιστος
3063 4638 3167 4693 ὑπὸ
3216 4637 3304 4691 τοῦ
3340 4637 3646 4706 πνεύματος

407 4749 530 4790 nem
564 4731 928 4800 Phoenicum,
951 4741 1006 4789 et
1031 4748 1274 4804 quaerere
1303 4732 1664 4803 Epiphaniam
1685 4773 1701 4796 ,
1732 4742 1785 4788 et
1818 4732 1973 4786 hahi-

405 4834 520 4887 tare
543 4839 668 4880 cum
698 4823 815 4894 ipso
841 4823 896 4878 iu
928 4822 1294 4895 Spanhydrio.
1316 4823 1510 4879 Statim
1524 4832 1677 4891 pater
1704 4821 1844 4893 ejus,
1875 4824 1973 4877 da-

407 4915 478 4970 tis
499 4913 550 4970 ei
578 4913 766 4969 multis
799 4912 1066 4979 pecuniis,
1093 4912 1242 4977 misit
1266 4926 1392 4967 cum
1421 4910 1694 4982 prasidio.
1725 4909 1973 4980 Cumque

407 5003 648 5060 venisset
679 5004 733 5058 in
771 5001 1136 5068 Phoeniciam‚
1182 5012 1237 5058 et
1281 5003 1674 5073 inquisivisset,
1719 5002 1866 5059 venit
1905 5002 1973 5057 ad

408 5094 793 5167 Epiphanium‚
823 5103 879 5150 et
907 5095 959 5149 ei
992 5095 1245 5164 exposuit
1269 5097 1475 5163 omnia,
1507 5104 1570 5151 et.
1586 5095 1848 5151 habitavit
1876 5109 1973 5150 no·

412 5187 644 5241 hiscum.
693 5184 839 5241 Misit
888 5198 1020 5254 ergo
1060 5182 1421 5253 philosophus
1471 5183 1776 5250 Callistum,
1814 5184 1973 5255 jussu

410 5275 721 5347 Epiphanii,
767 5291 893 5331 cum
938 5274 1153 5332 duobus
1199 5273 1406 5346 pueris,
1450 5282 1506 5329 et
1549 5273 1722 5329 tribus
1754 5274 1977 5330 camelis

2078 4738 2171 4792 τοῦ
2210 4735 2518 4807 ἀκαθάρτου
2556 4734 2761 4805 tomen.
2793 4732 2950 4788 Μετὰ
2993 4731 3050 4788 δὲ
3077 4732 3395 4802 τριμηναῖον
3432 4730 3642 4799 χρόνον,

2078 4828 2232 4882 εἶπεν
2280 4827 2475 4897 Ἀετίῳ
2522 4825 2602 4897 τῷ
2646 4828 2813 4897 πατρὶ
2862 4823 3055 4881 αὐτοῦ·
3108 4822 3392 4894 Βούλομαι,
3428 4822 3640 4890 Πάτερ,

2079 4918 2405 4991 πορευθῆναι
2434 4919 2490 4970 ἐν
2513 4919 2578 4988 τῇ
2616 4916 2767 4989 χώρα
2795 4917 2902 4970 τῶν
2934 4914 3210 4979 Φοινίκιον,
3246 4915 3339 4967 καὶ
3369 4912 3642 4981 ἀναζητῆ-

2080 5027 2171 5064 σαι
2194 5009 2287 5062 τὸν
2314 5008 2650 5077 Ἐπιφάνιον,
2679 5012 2773 5061 καὶ
2806 5007 3025 5077 οἰκῆσαι
3054 5007 3169 5076 μετ’
3202 5004 3366 5060 αὐτοῦ
3398 5008 3454 5057 ὲν
3469 5005 3645 5056 Σπαν-

2086 5101 2273 5174 υδρίῳ.
2300 5100 2514 5165 Εὐθέως
2561 5096 2654 5155 οὖν
2680 5102 2709 5153 ὀ
2731 5098 2912 5170 πατὴρ
2942 5097 3105 5152 αὐτοῦ
3133 5097 3308 5157 δώσας
3339 5095 3484 5165 αὐτῷ
3515 5095 3648 5166 χρή-

2085 5208 2230 5264 ματα
2259 5190 2459 5255 πολλὰ,
2493 5187 2809 5243 ἀπέστειλεν
2841 5188 3003 5244 αὐτὸν
3046 5188 3183 5258 μετὰ
3229 5185 3494 5255 βοηθείας.
3539 5183 3648 5237 Καὶ

2085 5280 2256 5336 ἐλθὼν
2305 5283 2362 5335 ὲν
2393 5283 2462 5352 τῇ
2500 5281 2718 5352 Φοινίκῃ
2741 5320 2755 5344 ,
2806 5279 3139 5349 ἐπιζητήσας
3178 5275 3522 5344 Ἐπιφάνιον,
3556 5274 3648 5327 καὶ

411 5366 645 5423 E'desam
693 5366 760 5421 ad
804 5366 975 5423 libros
1020 5365 1389 5422 adducendos.
1452 5365 1699 5435 Cumque
1741 5365 1980 5421 venisset
2087 5372 2490 5444 ἐξηγησάμενος
2530 5372 2678 5442 αὐτῷ
2707 5372 2951 5436 ἅπαντα,
2981 5368 3294 5437 κατῴκησεν
3326 5366 3442 5436 μεθ’
3470 5365 3643 5435 ἡμῶν.

413 5458 669 5524 Edesam‚
698 5461 902 5530 accepit
947 5460 1116 5516 libros
1142 5458 1474 5530 philosophi,
1519 5467 1573 5514 et
1599 5456 1860 5528 imposuit
1888 5471 1978 5512 ca-

415 5552 594 5615 melis,
625 5562 680 5607 et
706 5552 850 5606 venit
887 5553 942 5606 in
982 5551 1395 5607 monasterium.

2099 5460 2437 5515 Ἀπέστειλεν
2462 5457 2603 5516 οὖνὸ
2624 5462 2909 5530 φιλόσοφος
2937 5457 3028 5510 τὸν
3063 5456 3359 5510 Κάλλιστον
3388 5456 3529 5507 κατὰ
3560 5453 3649 5507 κέ·

2085 5551 2266 5606 λευσιν
2308 5552 2654 5623 Ἐπιφανίου,
2703 5550 2840 5619 μετὰ
2889 5548 2981 5602 δύο
3020 5547 3317 5619 παιδαρίων
3359 5546 3453 5598 καὶ
3485 5543 3650 5615 τριῶν

418 5644 682 5715 καμήλων
744 5645 802 5698 ὲν
841 5642 1048 5717 Ἐδέσῃ,
1095 5643 1189 5697 ἐπὶ
1220 5641 1282 5694 τὸ
1307 5642 1532 5710 ἀγαγεῖν
1592 5637 1690 5704 τάς
1759 5637 1971 5709 βίόλους
2030 5642 2193 5697 αὐτοῦ
2222 5646 2280 5697 ὲν
2303 5644 2382 5716 τῷ
2410 5642 2771 5715 μοναστηρίῳ.
2818 5640 2925 5693 Καὶ
2954 5638 3017 5709 δὴ
3050 5638 3146 5709 τὴν
3176 5634 3397 5708 πορείαν
3428 5633 3651 5706 ποιησά-

424 5743 581 5804 μενος
607 5735 952 5799 ὁΚάλλιστος
984 5736 1040 5787 ὲν
1069 5733 1290 5807 Ἐδέσῃ,
1322 5732 1478 5786 ἐλαόε
1543 5732 1641 5797 τάς
1706 5730 1917 5801 βίόλους
1951 5731 2040 5786 τοῦ
2111 5734 2427 5805 φιλοσόφου,
2461 5735 2551 5788 καὶ
2589 5733 2780 5804 ἔθηκεν
2844 5733 2936 5783 ἐπὶ
2991 5730 3090 5791 τὰς
3157 5731 3304 5800 τρεῖς
3353 5728 3652 5799 καμήλους,

420 5826 517 5879 καὶ
546 5826 871 5898 παρεγένετο
904 5828 959 5879 ὲν
984 5825 1060 5897 τῷ
1093 5825 1453 5895 μοναστηρίῳ.
