3850 6517
301 393 370 449 09
1612 387 1669 441 S.

1717 383 2059 439 tirtt‘ttaxu
2106 383 2267 436 vt'ra
3500 390 3567 443 70

303 512 532 584 μηνύσει
561 511 654 564 τοῦ
687 511 780 562 ὲπι
787 507 1022 561 σκόπου’
1084 506 1251 575 κάμοὶ
1301 504 1459 557 πόνον
1505 504 1769 574 ἐπέφερον
1835 503 2035 563 πάντες
2077 496 2170 552 ουτ
2174 516 2222 550 οι
2264 498 2447 565 ὶέγτον
2452 514 2508 559 ες
2559 480 2694 568 πρὸς
2742 500 2808 568 μὲ
2855 498 2945 552 τὸν
3013 500 3163 572 ἁμαρ
3168 502 3365 555 τωλόν·
3396 503 3570 573 iffa-spu

297 603 615 675 προθύμως.
642 618 735 653 και
765 598 976 652 ἀποκα)
980 595 1278 668 υφθήσεταί
1315 612 1416 649 σοι.

367 697 491 750 AE'.
535 690 702 762 Εμού
747 691 804 743 δὲ
848 687 1039 742 ἑαυτὸν
1090 682 1472 758 καθείρξαντος
1521 687 1579 738 ὲν
1628 685 1786 737 ὀσπιτ
1794 683 1876 754 ίῳ,
1908 692 1952 747 Α
2052 673 2269 731 XXXV.
2310 672 2446 743 Cum
2479 688 2578 740 ego
2608 683 2790 727 autem
2820 691 2907 730 me
2954 678 3008 730 in
3040 678 3279 748 hospitio
3309 680 3569 735 inclusis-

297 787 646 861 παρεκάλουν
673 783 766 836 τὸν
791 781 1017 851 Σωτῆρα
1045 796 1113 832 πε
1122 780 1172 848 ρ“ι
1195 779 1290 830 τοῦ
1316 777 1588 830 τοιούτου·
1635 774 1888 846 ἀστραπὴ

294 883 353 935 δὲ
387 877 628 948 ἔλαμψεν
662 877 719 928 ὲν
750 871 826 943 τῷ
859 871 1092 942 κελλίῳ·
1126 870 1337 940 ἥκουσα
1360 867 1416 920 δὲ
1454 866 1549 920 καὶ
1588 867 1774 937 φωνὴν
1806 866 1887 920 δι-

295 971 533 1041 δομένην
567 965 700 1036 πρὸς
729 963 795 1035 μὲ
824 961 917 1016 τὸν
944 959 1286 1033 ἁμαρτωλὸν·
1307 959 1527 1023 Πάππε,
1547 957 1765 1019 Πάππε,
1786 975 1890 1027 φη-

299 1063 410 1126 σὶν,
440 1055 774 1126 ἄκουε.ἲΕγὼ
800 1055 858 1108 δὲ
881 1053 1121 1125 ἔμφοόος
1148 1051 1438 1122 γενόμενος
1466 1045 1618 1104 εἷπον
1638 1067 1652 1082 ·
1683 1050 1747 1101 Τί
1769 1050 1890 1101 ἑπι-

297 1154 490 1224 τρέπει
517 1154 545 1205 ό
572 1148 778 1219 Κύριός
811 1139 1145 1218 μουτΕίπεν
1176 1145 1234 1198 δὲ
1266 1143 1400 1214 πρὸς
1452 1143 1519 1214 μὲ
1572 1141 1691 1212 μετ’
1722 1141 1888 1211 εύμε-

296 1245 469 1308 νείαςτ
493 1241 751 1304 Ἀνάστα,
784 1236 1071 1309 παράλαδε
1098 1234 1236 1307 μετὰ
1260 1233 1485 1288 σεαυτοῦ
1515 1232 1610 1286 ἒνα
1636 1230 1747 1285 τῶν
1773 1232 1890 1285 δια-

293 1338 488 1396 κόνων,
522 1335 615 1389 καὶ
646 1329 970 1394 ὲπικάτελθε
1015 1331 1073 1382 ὲν
1117 1327 1194 1397 τῷ
1239 1325 1509 1398 ἐμπορίῳ.
1537 1326 1648 1378 Καὶ
1685 1324 1793 1378 ἰδοὺ
1821 1323 1886 1394 δὴ

299 1427 533 1500 μοναχὸς
561 1427 680 1479 ἐκεῖ
704 1426 859 1496 παρὰ
881 1421 958 1493 τῷ
987 1422 1171 1494 πράτῃ
1203 1418 1426 1474 ὠνεῖται
1454 1417 1758 1488 σταφυλάς·
1794 1416 1888 1470 δύο

296 1520 564 1592 μοναχοὺς
598 1517 711 1588 ἔχει
756 1514 876 1586 μεθ’
905 1511 1447 1592 ἑαυτοῦ.Έλισσαίου
1489 1511 1590 1580 τὴν
1642 1508 1886 1580 κεφαλὴν

291 1615 356 1666 τὸ
400 1611 704 1681 ἐκτύπωμα
725 1626 741 1644 ·
784 1607 977 1663 τοῦτον
1014 1606 1396 1679 χειροτόνησον
1441 1605 1522 1667 είς
1567 1603 1884 1656 ἐπίσκοπον.

294 1706 457 1760 Ἀλλὰ
483 1705 558 1775 μὴ
585 1702 911 1773 ἀναγγείλῃς
938 1699 1106 1771 αύτῷ,
1137 1701 1347 1771 μήποτε
1379 1697 1692 1770 ἀποδράσει.
1721 1694 1795 1749 Τὸ
1831 1695 1888 1748 δὲ

294 1797 468 1866 ὄνομα
515 1793 682 1849 αὑτοῦ
741 1793 988 1847 καλεῖται
1034 1791 1370 1861 Ἐπιφάνιος.
1426 1790 1631 1894 Γέγονα
1676 1788 1886 1857 ἄφρων,

294 1887 512 1940 τέκνον·
552 1883 716 1948 αὐτός
765 1900 834 1954 με
883 1883 1225 1951 ἠνάγκασας.
1257 1880 1434 1932 Βλέπε
1466 1879 1521 1931 τί
1551 1879 1729 1938 ποιεῖς
1793 1891 1890 1928 και

294 1979 534 2050 πρόσεχε
554 1994 612 2030 σε
616 1975 782 2046 αυτῷ.
808 1973 952 2044 Ἐγὼ
975 1974 1084 2045 γὰρ
1107 1972 1440 2042 ἀπεστάλην
1461 1971 1488 2024 ὃ
1507 1969 1713 2040 ὥςρειλα
1733 1967 1889 2038 ποιῆ·

1990 783 2126 830 sem‚
2158 767 2305 822 etde
2331 780 2397 820 eo
2425 764 2765 819 salvatorem
2803 781 3074 837 rogarem,
3108 772 3217 841 ittig
3201 788 3287 826 ur
3337 772 3389 824 in
3437 773 3569 826 celia

1989 859 2354 932 resplenduit;
2387 857 2569 911 audivi
2597 872 2730 912 vero
2758 872 2950 914 vocem
2982 861 3255 917 dicentem
3289 865 3418 918 mihi
3441 878 3571 934 pec-

1989 953 2160 1009 catori
2192 972 2205 1008 :
2236 950 2434 1019 Pappe,
2469 948 2674 1019 Pappe,
2708 950 2856 1004 audi.
2885 949 3000 1020 Ego
3033 961 3214 1006 autem
3245 956 3355 1009 dixi
3376 957 3572 1010 timore

1990 1046 2313 1116 perterritus
2344 1063 2356 1098 ι
2386 1043 2526 1110 Quid
2559 1042 2714 1114 jubet
2739 1042 3005 1098 Dominus
3040 1045 3231 1099 meus?
3259 1046 3406 1101 Dixit
3441 1048 3572 1103 mihi

1988 1139 2219 1208 henigne
2256 1155 2268 1190 :
2308 1135 2500 1205 Surge,
2536 1135 2722 1205 accipe
2775 1150 2947 1189 unum
2982 1150 3049 1190 ex
3083 1135 3353 1202 diaconis,
3380 1147 3435 1192 et
3472 1141 3570 1194 de-

1988 1230 2186 1286 scende
2232 1229 2285 1283 in
2342 1228 2542 1283 sorum.
2574 1227 2713 1284 Ecce
2765 1227 2875 1283 iilic
2904 1229 3046 1300 apud
3083 1229 3419 1284 venditorem
3452 1245 3572 1285 mo-

1990 1323 2199 1377 nachus
2233 1320 2366 1375 emit
2401 1335 2558 1386 uvas,
2588 1320 2681 1390 qui
2734 1321 2874 1376 duos
2920 1335 3107 1376 secum
3159 1319 3320 1376 habet
3378 1337 3571 1377 mona-

1987 1416 2143 1479 chos,
2174 1426 2228 1469 et
2258 1412 2423 1468 Elisci
2455 1414 2800 1482 caput‘iiiius
2827 1414 2989 1469 habet
3023 1413 3273 1486 effigiem.
3307 1413 3443 1469 Eum
3484 1431 3575 1470 or-

1988 1507 2114 1562 dina
2146 1507 2487 1577 episcopum.
2523 1504 2631 1562 Sed
2667 1521 2736 1561 ne
2768 1506 2817 1561 ei
2850 1507 3240 1575 renunties,ne
3265 1505 3408 1562 sorte
3434 1506 3571 1562 effu·

1988 1601 2119 1671 giat.
2154 1598 2247 1654 Est
2276 1607 2460 1653 autem
2488 1599 2540 1652 ei
2568 1614 2769 1655 nomen
2814 1599 3177 1669 Epiphanius.
3211 1598 3406 1654 Factus
3444 1615 3566 1653 suin

1990 1690 2274 1760 insipienS,
2312 1689 2385 1743 [iii
2420 1708 2433 1744 ι
2468 1689 2584 1759 ipse
2616 1705 2700 1745 me
2747 1690 2997 1760 coegisti.
3031 1689 3167 1745 Vide
3207 1689 3338 1760 quid
3374 1688 3563 1750 iacias.

1988 1788 2043 1835 et
2071 1779 2289 1834 attende
2323 1779 2421 1834 tibi
2458 1779 2581 1850 ipsi.
2613 1776 2727 1850 Ego
2760 1781 2905 1835 enim
2935 1781 3139 1838 missus
3185 1798 3328 1846 sum,
3375 1793 3427 1837 et
3471 1778 3573 1838 icti

1990 1872 2135 1942 quod
2164 1871 2327 1926 debui
2353 1870 2551 1927 facere.
2582 1871 2715 1927 Sum
2749 1874 2961 1937 insons,
3002 1884 3057 1930 et
3090 1884 3212 1945 post
3243 1875 3355 1931 haec
3386 1875 3569 1930 omni-1

1991 1963 2216 2018 vide-his.
2254 1963 2391 2017 Cum
2437 1964 2551 2019 haec
2578 1973 2760 2018 autem
2788 1965 3054 2021 audiisset
3092 1965 3448 2036 Epiphanius,
3479 1983 3572 2023 ce-

296 2088 391 2125 σαι
420 2069 679 2137 ἐποίησα.
698 2066 900 2131 Ἀθῶός
942 2067 1080 2138 εἰμι.
1107 2066 1180 2119 Συ
1207 2065 1314 2136 ὄψῃ
1346 2063 1439 2117 ἐπὶ
1481 2063 1618 2117 πᾶσι
1652 2059 1888 2120 τούτοις.
1922 2039 1963 2092 Β
1994 2055 2125 2110 cidit
2172 2057 2226 2108 in
2278 2054 2494 2120 faciem,
2527 2063 2583 2111 et
2629 2055 2876 2113 adorauit
2915 2054 3191 2127 Pappum,
3223 2060 3459 2114 dicens:
3469 2056 3573 2114 Ne

306 2160 573 2224 ’Δκούσας
616 2159 674 2214 δὲ
720 2157 896 2212 ταῦτα
943 2157 1279 2226 ’ἦΕπιφάνιο
1336 2155 1430 2208 ,ἔεπ
1439 2171 1533 2207 σεν
1578 2143 1674 2204 ἐπὶ
1717 2148 1888 2220 πρόσ-

292 2271 464 2317 ωπον,
493 2252 587 2306 καὶ
619 2249 1027 2324 προσεκύνησεν
1049 2249 1268 2318 Πάππῳ
1294 2246 1496 2301 εἰπών·
1527 2244 1621 2315 Μὴ
1643 2240 1885 2312 ὁργίζου,

294 2344 502 2412 Πάτερ.
545 2342 743 2412 φησίν·
779 2339 1101 2412 ἁμαρτωλὸς
1144 2339 1256 2412 γὰρ
1294 2337 1578 2410 ἄνθρωπός
1619 2337 1757 2406 είμι,
1795 2333 1890 2386 καὶ

298 2432 403 2482 οὐκ
453 2428 679 2500 ὲπαρκῶ
724 2428 862 2498 πρὸς
913 2427 975 2480 τὸ
1024 2427 1223 2498 μέτρον
1267 2427 1369 2497 τῆς
1416 2425 1741 2498 ίερωσύνης.
1791 2419 1886 2474 καὶ

1998 2147 2275 2209 irascaris,
2303 2145 2489 2202 Pater.
2528 2146 2661 2202 Sum
2689 2149 2835 2205 enim
2868 2150 3051 2230 home,
3084 2167 3183 2207 nec
3214 2151 3423 2207 sufficio
3467 2152 3573 2206 im-

1994 2239 2201 2310 piendae
2230 2255 2502 2295 mensurae
2528 2241 3107 2314 sacerdotii.Cutnque
3132 2260 3321 2300 omnes
3350 2246 3573 2300 adoras-

1996 2331 2367 2397 set,inritavit
2389 2344 2485 2387 eos
2514 2332 2580 2387 ad
2604 2334 2917 2403 prandium.
2946 2334 3013 2390 Et
3042 2353 3167 2391 cum
3198 2338 3570 2408 prandissssut,

1992 2420 2096 2476 ivit·
2123 2422 2500 2492 unusquisque
2522 2421 2575 2476 in
2609 2438 2765 2478 suam
2790 2422 3109 2481 Ecclesiam.

310 2522 687 2589 προσκυνήσας
736 2521 979 2582 ἅπαντας
1024 2519 1386 2590 προετρέπετο
1428 2518 1625 2581 αὐτοὺς
1672 2513 1767 2569 ἐπὶ
1811 2513 1874 2567 τὸ
1919 2513 2162 2586 ἄριστον.
2197 2515 2306 2569 Καὶ
2339 2515 2749 2588 ἀριστησάντων
2806 2514 2985 2570 αὐτῶν
3045 2518 3422 2592 ἐπορεύθησαν
3445 2521 3579 2576 ἕκα-

314 2625 442 2672 στος
472 2611 530 2661 ἐν
553 2610 619 2678 τῇ
651 2609 818 2684 αὐτοῦ
846 2609 1161 2681 Ἐκκλησία.

380 2701 518 2768 ΔΕΓ.
561 2702 721 2755 Μετὰ
755 2702 813 2755 δὲ
855 2705 1008 2774 τρεῖς
1041 2703 1254 2773 ἡμέρας
1287 2702 1423 2772 ἁνήρ
1460 2719 1542 2765 τις
1588 2702 1882 2772 αἰδέσιμος.

295 2793 522 2864 ὀνόματι
559 2794 902 2866 Εύγνώμων,
949 2794 1054 2848 ὑπό
1075 2811 1220 2858 τινος
1251 2788 1631 2865 λαμπροτάτου
1661 2794 1759 2864 τῆς
1790 2797 1887 2847 πό-

298 2885 435 2948 λεως
466 2885 668 2958 ὲὸλήθη
703 2888 766 2940 ἑν
801 2888 867 2958 τῇ
896 2884 1106 2956 φυλακῇ
1138 2887 1219 2950 είς
1238 2884 1404 2957 ὁλκὴν
1434 2884 1784 2956 νομισμάτων
1812 2889 1876 2954 ρ’.

302 2977 379 3030 Τὸ
396 2977 452 3031 δὲ
484 2978 656 3048 ὄνομα
681 2979 774 3033 τοῦ
804 2978 1062 3049 βαλόντος
1091 2976 1340 3030 ἐκαλεῖτο
1385 2977 1629 3047 Δράκων.
1664 2969 1832 3036 Οὗτος
1857 2973 1886 3025 ό

299 3069 627 3141 Εύγνώμων,
648 3070 911 3141 Ῥωμαῖος
940 3068 1036 3133 ὢν,
1071 3070 1169 3122 οὐκ
1199 3065 1345 3140 εἶχεν
1377 3070 1468 3121 τὸν
1498 3067 1763 3138 ῥυόμενον
1787 3065 1885 3118 αύ-

2060 2694 2302 2751 xxxvi.
2342 2693 2544 2752 'fribus
2587 2707 2766 2752 autem
2810 2707 2935 2766 post
2981 2697 3172 2753 diebus
3222 2701 3307 2754 vir
3348 2701 3568 2772 qnidam

1992 2790 2354 2853 venerandus,
2385 2787 2602 2843 nominc
2651 2786 2993 2860 Eugnomnn,
3021 2805 3050 2845 a
3097 2792 3333 2860 quodam
3382 2792 3572 2848 ciat-is-

1992 2885 2136 2942 simo
2184 2883 2332 2939 iliius
2375 2881 2611 2937 civitatis
2644 2883 2927 2953 conjectus
2968 2881 3147 2939 suerat
3183 2884 3234 2938 in
3261 2883 3565 2938 custodiam

1990 2992 2089 3048 pro
2118 2989 2332 3031 summa
2369 2983 2584 3027 centnm
2634 2989 3007 3032 nummorum.
3059 2973 3262 3034 Nomen
3307 2972 3567 3047 cius‚qui

1993 3067 2167 3137 ipsum
2202 3066 2527 3136 coniecerat,
2566 3074 2683 3121 erat
2718 3064 2913 3122 Drac0.
2947 3067 2996 3122 is
3027 3085 3148 3122 cuni
3185 3079 3330 3123 essct
3361 3066 3563 3122 Roma-

296 3161 390 3214 τὸν
436 3162 544 3215 ἀπὸ
586 3162 688 3231 τῆς
738 3162 1289 3231 φυλακῆς-,Ἤκουσεν
1318 3161 1375 3212 δὲ
1405 3158 1744 3227 Ἐπιφάνιος.
1790 3155 1887 3209 καὶ
1914 3181 1958 3238 c
1991 3176 2118 3225 nus,
2159 3161 2367 3213 nniinm
2402 3158 2654 3223 habebat,
2686 3159 2778 3230 qui
2807 3174 2930 3214 cum
2962 3159 3214 3214 liberari-t
3244 3178 3272 3213 a
3296 3161 3564 3214 custodia.

301 3253 568 3324 ἐπορεύθη
597 3252 736 3324 πρὸς
775 3253 868 3306 τὸν
914 3253 1214 3323 Δράκοντα,
1249 3249 1346 3304 τοῦ
1376 3249 1756 3322 παρακαλέσαι
1785 3249 1882 3302 αὒ-

305 3343 416 3407 τὸν,
446 3343 591 3406 ὅπως
636 3343 900 3396 ἀπολύσει
947 3342 1284 3414 Εύγνὼμονα
1329 3342 1421 3396 τὸν
1459 3342 1732 3412 Ῥωμαῖον
1778 3340 1889 3394 ἀπὸ

307 3433 407 3502 τῆς
431 3433 697 3503 φυλακῆς.
734 3429 901 3488 Εἶπεν
921 3434 978 3486 δὲ
996 3435 1023 3487 ὁ
1042 3435 1266 3505 Δράκων
1297 3433 1602 3503 Ἐπιφανίῳ
1629 3451 1642 3464 ·
1671 3432 1886 3497 Βάδιζε,

304 3525 456 3594 φησὶ,
481 3525 822 3597 παρείσακτε
864 3523 965 3595 τῆς
1006 3525 1210 3589 πόλεως
1239 3524 1422 3596 ἡμῶν,
1449 3532 1494 3596 ρ’
1514 3525 1826 3595 νομίσματα
1853 3522 1891 3577 ἃ

302 3615 711 3688 κεχρεώστηκέν
747 3633 837 3689 μοι
882 3618 913 3670 ό
946 3616 1036 3678 σὸς
1066 3619 1305 3688 ἑταῖρος,
1345 3615 1432 3681 δός
1471 3632 1561 3687 μοι
1600 3613 1761 3676 αὐτὰ,
1793 3613 1891 3667 καὶ

303 3707 432 3762 λά6ε
461 3700 783 3763 τοῦτονῖΗν
809 3708 866 3762 δὲ
915 3701 1071 3771 οὗτος
1124 3710 1153 3760 ὁ
1203 3709 1431 3779 Δράκων
1462 3706 1714 3770 πλούσιος
1758 3705 1890 3774 σφό-

304 3801 425 3874 δρα,
455 3801 733 3872 ἀνήμερος
780 3801 896 3863 τοῖς
942 3801 1166 3870 τρόποις
1201 3798 1262 3850 ’.Ο
1292 3793 1384 3849 οὖν
1410 3797 1726 3863 Ἑπιφάνιος
1769 3798 1894 3849 επο-

310 3893 474 3965 ρεύθη
499 3895 557 3948 ὲν
585 3892 664 3962 τῷ
700 3884 1250 3955 ὲπισκοπεῑῳ.Ἧσαν
1272 3886 1330 3937 δὲ
1377 3893 1424 3954 ρ·
1447 3886 1757 3956 νομίσματα
1779 3886 1892 3940 κεί-

314 4000 455 4055 μενα
499 3987 557 4034 ὲν
601 3982 682 4048 τῷ
716 3975 1079 4044 ὲπισκοπείῳ,
1113 3975 1194 4037 εἰς
1238 3970 1510 4031 διακονίαν
1540 3977 1639 4048 τῆς
1670 3979 1895 4052 Ἐκκλη-

319 4073 550 4133 σὶας.“0
589 4065 684 4122 οὖν
709 4066 1029 4135 Ἐπιφὰνιος
1073 4066 1253 4129 λαθὼν
1291 4068 1451 4132 αὐτὰ,
1484 4071 1766 4142 ἐπορεύθη.
1803 4073 1894 4127 καὶ

324 4167 523 4218 ἰ-δωκεν
564 4162 639 4234 τῷ
680 4160 961 4233 Δράκοντι,
993 4161 1082 4214 καὶ
1122 4159 1358 4214 ἀπέλυσε
1386 4161 1477 4214 τὸν
1515 4161 1681 4228 ξένον.
1715 4158 1810 4228 Εἷς
1832 4164 1892 4218 δέ

326 4273 406 4318 τις
447 4255 708 4316 διάκονος.
743 4251 964 4323 ὀνόματι
1005 4251 1274 4322 Χαρῖνος·
1318 4244 1475 4318 οὗτος
1531 4253 1636 4307 ὑπὸ
1681 4254 1893 4309 πολλῶν

318 4347 676 4418 ἐμαρτυρεῖτο
721 4343 957 4407 ἄτακτος
991 4339 1131 4398 εἶναι
1151 4360 1166 4373 ·
1195 4343 1471 4416 διήγειρεν
1497 4345 1743 4412 ἅπαντας
1767 4348 1894 4412 τοὺς

313 4438 608 4510 κληρικοῦς
639 4435 781 4490 κατὰ
808 4436 1147 4505 Ἐπιφανίου,
1179 4435 1386 4505 λέγων’
1421 4438 1585 4492 Δεῦτε
1627 4441 1722 4494 καὶ
1770 4438 1895 4494 διώ-

1993 3253 2129 3308 Cum
2186 3252 2451 3307 audiisset
2492 3249 2853 3321 Epiphanius,
2890 3261 2944 3306 et
2976 3252 3108 3305 i⁸set
3146 3253 3210 3305 ad
3248 3252 3568 3315 Draconem,

1991 3350 2194 3397 etcum
2241 3351 2476 3413 rogaret,
2510 3350 2569 3396 ut
2595 3339 3000 3413 Eugnomonem
3032 3340 3334 3420 Romanum
3371 3340 3569 3395 iibera-

1992 3443 2075 3490 ret
2104 3451 2132 3489 a
2166 3435 2414 3490 custodia
2446 3457 2457 3491 ε
2493 3433 2663 3500 Vade,
2697 3434 2872 3490 Draco
2899 3435 3097 3502 inquit,
3126 3445 3180 3491 tu
3227 3436 3280 3490 in
3316 3435 3457 3489 hanc
3487 3435 3571 3489 in·-

1996 3526 2189 3582 troduc
2216 3537 2269 3582 te
2289 3526 2584 3591 civitatem,
2621 3535 2675 3582 et
2716 3525 2847 3582 affer
2874 3537 3091 3583 centum
3123 3543 3397 3591 nummoS,
3429 3542 3571 3598 quoa

1994 3627 2121 3673 tuus
2152 3617 2283 3672 mihi
2320 3619 2476 3691 dehet
2510 3617 2742 3680 amiens,
2773 3629 2826 3673 et
2872 3618 2941 3674 da
2992 3619 3124 3675 mihi
3174 3636 3298 3685 cos,
3342 3633 3396 3676 et
3444 3636 3569 3677 cunt

1991 3710 2191 3780 recipe.
2226 3708 2353 3764 Erat
2381 3721 2560 3764 autem
2592 3712 2682 3766 hic
2701 3710 2873 3766 Draco
2905 3712 3165 3785 [genti138,
3192 3712 3269 3783 ct]
3297 3714 3449 3767 divo-s
3473 3715 3570 3766 ad÷

1992 3800 2237 3864 modum,
2269 3800 2533 3869 saevisque
2566 3799 2830 3855 moribus.
2862 3799 3198 3870 Epiphanius
3242 3810 3424 3855 autem
3474 3798 3571 3853 ivit

1994 3891 2049 3946 in
2100 3891 2496 3962 episcopatum.
2528 3889 2801 3962 Erantque
2835 3902 3050 3949 centum
3091 3893 3297 3949 nummi
3350 3892 3573 3962 repositi

1994 3984 2051 4040 in
2086 3983 2404 4054 episcopatu
2436 3984 2501 4039 ad
2536 3984 2895 4041 ministerium
2917 3985 3195 4044 Ecclesiae.
3227 3987 3295 4042 iis
3315 3985 3571 4055 acceptis,

1994 4075 2092 4132 ivit
2137 4073 2491 4146 Epiphanius,
2522 4085 2576 4132 et
2628 4091 2724 4132 eos
2772 4078 2918 4133 dedit
2949 4077 3204 4147 Draconi,
3235 4089 3288 4134 ct
3324 4078 3572 4132 liberarit

1993 4167 2285 4237 hospitem.
2315 4167 2546 4234 Quidam
2584 4178 2764 4224 autem
2810 4171 3092 4237 diaeonus,
3118 4172 3338 4227 nomine
3378 4171 3571 4226 Chari-

1995 4274 2101 4313 nus
2133 4257 2307 4329 (multi
2333 4274 2464 4314 vcro
2491 4261 2541 4314 in
2573 4277 2698 4316 eum
2732 4263 3099 4330 testimonium
3131 4261 3399 4329 ferebant,
3424 4265 3568 4335 quod

1995 4358 2144 4406 esset
2189 4350 2430 4407 insolens
2453 4356 2496 4422 ),
2529 4351 2790 4408 incitabat
2813 4369 3003 4408 omnes
3036 4354 3266 4410 ciericos
3306 4356 3572 4412 adsersus

1997 4438 2384 4520 Epiphauium,
2416 4442 2605 4498 dicens
2639 4460 2653 4497 t
2685 4442 2841 4514 Agite
2869 4459 3264 4516 persequamur
3299 4445 3442 4501 hunc
3473 4446 3573 4500 ho·

311 4531 474 4601 ξομεν
501 4529 591 4582 τὸν
623 4527 770 4594 ξένον
805 4526 1013 4588 τοῦτον.
1062 4530 1272 4599 μήποτε
1299 4530 1596 4604 καταφάγῃ
1620 4531 1796 4585 πάντα
1824 4531 1893 4585 τὰ
1927 4521 2210 4605 Dspitem,
2245 4550 2312 4588 ue
2363 4536 2612 4588 comedat
2654 4551 2994 4605 quaecunque
3040 4543 3166 4590 sunt
3217 4534 3489 4600 Ecclesiae,
3519 4550 3574 4593 et

308 4625 411 4691 τῆς
433 4620 776 4690 Ἐκκλησίας,
815 4617 910 4673 καλ1
934 4617 1166 4689 ἐσόμεθα
1195 4619 1356 4690 ἡμεῖς
1386 4618 1559 4690 ἔνοχοι
1585 4620 1686 4690 τῆς
1709 4621 1888 4694 ἅμαρ-

310 4707 567 4775 τίας.Ἧν
607 4711 663 4764 δὲ
693 4703 849 4773 οὗτος
896 4712 925 4781 ό
974 4708 1210 4781 Χαρῖνος
1259 4709 1512 4774 πλούσιος
1545 4711 1769 4783 σφόδρα,
1804 4714 1895 4766 καὶ

314 4806 500 4875 ἐζήτει
548 4801 731 4867 διῶξαι
770 4801 863 4856 τὸν
897 4800 1234 4872 Ἐπιφάνιον,
1268 4802 1415 4866 ὅπως
1463 4802 1629 4867 αὐτὸς
1682 4803 1893 4859 καθίσει

314 4895 407 4948 ἐπί
441 4892 536 4947 τοῦ
568 4893 775 4964 Ορόνου.
809 4891 1152 4962 Ἐπέστησαν
1179 4887 1271 4946 οὖν
1291 4891 1609 4964 Ἐπιφανίῳ,
1645 4893 1895 4962 λέγοντος

314 4988 410 5041 τοῦ
447 4986 685 5056 Χαρίνου
711 4985 836 5048 τοὺς
868 4983 1058 5053 λόγους
1088 4983 1310 5048 τούτους
1333 5001 1347 5016 ·
1380 4985 1493 5038 Ούκ
1517 4986 1757 5059 ἠρκέσθη
1790 5003 1891 5048 σοι,

319 5097 358 5148 φ
377 5078 504 5147 -γσὶν,
533 5071 578 5130 ὧ
608 5074 918 5147 Ἐπιφάνιε.
949 5073 1117 5128 ἐλθὼν
1155 5075 1341 5130 ἐνθάδε
1383 5078 1457 5147 μὴ
1488 5075 1628 5147 ἔχων
1673 5075 1895 5130 ἐπενδύ-

316 5185 439 5238 την.
467 5167 562 5222 καὶ
602 5165 875 5230 άπέλαὸες
906 5163 1004 5236 τὴν
1037 5163 1382 5235 Ἐκκλησίαν.
1414 5166 1551 5220 ἀλλὰ
1576 5166 1896 5238 διασκορπί-

319 5260 432 5324 ζεις
459 5259 535 5322 ὼς
563 5258 710 5323 ξένος
740 5258 808 5312 τὰ
833 5259 935 5330 τῆς
965 5256 1320 5327 Ἐκκλησίας·
1355 5259 1448 5313 καὶ
1491 5261 1574 5324 τίς
1613 5260 1785 5324 οὕτως
1810 5259 1898 5331 βα-

321 5355 547 5419 στάσει;
586 5352 656 5403 Ἢ
685 5350 773 5414 δὸς
812 5350 882 5404 τὰ
929 5357 972 5423 ρ’
996 5350 1306 5420 νομίσματα
1349 5351 1450 5420 τῆς
1483 5350 1834 5421 Ἐκκλησίας,
1861 5352 1895 5422 ἢ

245 5474 248 5478 Δ
320 5441 622 5514 πορεύθητι
662 5441 755 5495 ἐπὶ
796 5441 894 5513 σὴν
945 5439 1202 5512 πατρίδα.
1233 5438 1536 5511 Ἐπορεύθη
1575 5435 1667 5493 οὖν
1695 5440 1725 5491 ό
1765 5441 1921 5493 ’Pena'

323 5538 487 5607 μαῖος
524 5533 554 5585 ό
583 5532 869 5597 ἀπολυθεὶς
911 5533 1016 5587 ὑπὸ
1039 5532 1359 5601 Ἐπιφάνιου
1401 5530 1494 5583 ἐπὶ
1521 5530 1619 5599 τῆς
1656 5528 1894 5600 Ῥώμης,

322 5625 419 5680 καὶ
451 5623 669 5677 ἅπαντα
691 5624 1086 5695 καταπωλήσας
1120 5621 1190 5675 τὰ
1209 5620 1397 5682 αὑτοῦ,
1421 5621 1650 5690 ἤνεγκεν
1675 5616 1745 5670 τὰ
1766 5619 1897 5687 χρή-

324 5733 475 5784 ματα
504 5715 826 5787 Ἐπιφανίῳ.
861 5714 1051 5769 Λαόὼν
1100 5709 1194 5766 οὖν
1217 5711 1388 5765 ταῦτα
1413 5710 1749 5778 Ἐπιφάνιος,
1780 5709 1897 5761 δια-

323 5807 556 5861 ἰέδωκεν
580 5809 693 5870 τοῖς
723 5809 904 5872 γρείαν
948 5794 1444 5875 ἓχουσιν.Ἔμεινεν
1472 5802 1530 5855 δὲ
1557 5803 1586 5853 ὁ
1627 5801 1896 5869 Ῥωμαῖος

1995 4627 2166 4682 simus
2218 4641 2318 4680 nos
2362 4636 2583 4696 peccato
2614 4627 2856 4681 obnoxii.
2888 4626 3014 4679 Erat
3046 4636 3223 4678 antem
3265 4627 3349 4681 hic
3374 4630 3573 4684 Charine

1996 4732 2099 4771 nus
2130 4717 2284 4772 valde
2311 4716 2484 4780 diveS,
2507 4724 2561 4771 et
2586 4715 2866 4786 quaerebat
2890 4714 3141 4783 persequi
3180 4712 3569 4784 Epiphanium.

1996 4815 2055 4860 ut
2100 4807 2215 4876 ipse
2268 4807 2478 4862 sederet
2513 4807 2566 4861 in
2607 4807 2827 4862 throno,
2872 4803 3350 4876 Surrexcruntque
3380 4824 3573 4865 omnes

1993 4896 2177 4970 ,clerici
2232 4896 2493 4955 adversus
2551 4897 2938 4967 Epiphanium,
2984 4900 3197 4956 dicente
3242 4900 3358 4958 hoec
3407 4905 3571 4962 verba

1996 4986 2236 5041 Charino
2281 5005 2294 5040 :
2339 4985 2456 5042 Nou
2491 4990 2626 5044 satis
2652 4997 2755 5056 est,
2784 5006 2818 5047 ο
2844 4990 3135 5062 Epiphani,
3168 4995 3311 5062 quod
3346 4995 3451 5050 huc
3483 5013 3572 5056 ve-

1997 5078 2167 5142 neris,
2199 5091 2322 5132 cum
2354 5095 2461 5135 non
2501 5081 2732 5138 haberes
2776 5084 3176 5147 indumentum,
3211 5096 3264 5140 ct
3297 5092 3576 5158 acceperis

1999 5167 2328 5236 Ecclesiam;
2381 5172 2474 5228 sed
2527 5175 2691 5230 etiam
2740 5184 3003 5245 tanquam
3054 5174 3276 5246 hospeS,
3308 5175 3575 5252 dispergis

1998 5279 2087 5319 res
2113 5262 2398 5331 Ecclesiam
2422 5276 2473 5321 et
2500 5268 2625 5337 quis
2656 5266 2759 5322 hoc
2785 5265 2929 5321 serre
2962 5267 3195 5335 poterit?
3222 5270 3331 5347 ᾼυι
3359 5270 3426 5326 da
3454 5290 3567 5332 cen·

2002 5362 2114 5408 tum
2169 5369 2443 5423 nummos,
2475 5367 2569 5411 aut
2603 5355 2738 5410 vade
2784 5357 2837 5410 in
2872 5363 3019 5409 tuam
3054 5360 3303 5428 patriam.
3337 5360 3437 5417 lvit
3477 5383 3545 5422 au

2002 5451 2107 5496 tem
2157 5440 2387 5496 Romam
2416 5444 2719 5506 Romanus,
2756 5443 3017 5502 liberatus
3047 5449 3115 5504 ab
3143 5447 3447 5521 Epiphanio
3479 5472 3491 5510 :
3527 5470 3574 5515 ..ι

2001 5530 2255 5583 omnibus
2282 5531 2397 5585 suis
2423 5530 2676 5599 venditis,
2697 5533 2746 5588 ei
2773 5534 2952 5588 attulit
2980 5539 3254 5605 pecunias.
3279 5531 3428 5604 Q'uns
3452 5559 3578 5606 omn

2003 5619 2301 5687 accepisset
2331 5617 2685 5687 EpiphaniuS,
2714 5625 2993 5681 distribuit
3046 5629 3133 5691 iis,
3164 5631 3254 5699 qui
3309 5646 3445 5700 optut
3479 5635 3547 5696 hs.

2003 5710 2225 5763 bebant.
2247 5708 2442 5768 Mansit
2474 5730 2600 5768 vero
2620 5716 2900 5773 Romanus
2920 5736 3042 5774 cunt
3073 5721 3378 5790 Epiphanio
3407 5740 3584 5805 ttttth

2010 5798 2074 5851 ad
2111 5808 2334 5853 mortem
2388 5818 2564 5856 suam.
2603 5805 2819 5876 Accepit
2866 5817 3042 5863 autem
3088 5807 3426 5878 Epiphanius
3457 5838 3559 5884 ron
