3850 6517
423 485 491 540 59
1417 445 1420 448 ·
1726 496 1782 550 S.
1828 489 2165 547 Et‘ltutaNtt
2210 488 2387 542 VITA.
3589 488 3658 543 6⁰

418 613 548 670 quot
575 603 828 655 hot-arum
863 605 1117 673 spatium,
1158 616 1211 659 et
1247 617 1428 661 mutus
1471 608 1823 676 porinum-bat
1861 606 1983 659 llic-
2011 609 2056 663 Α
2082 600 2237 671 ὡρῶν
2272 601 2435 672 τριῶν
2463 601 2768 672 δῑᾰστημα·
2803 604 2897 656 καὶ
2923 599 2990 675 ἦν
3026 605 3270 676 ’Ῑέρᾶκας
3294 605 3517 670 ἄναυδος
3536 608 3657 664 δια·

421 710 537 747 rax.
568 693 697 748 Post
726 696 835 749 hare
863 707 1040 752 autem
1081 699 1215 752 dixit
1252 700 1299 752 ei
1329 698 1666 769 Epiphanius
1699 718 1712 753 :
1741 699 1981 768 Loquere

421 801 606 840 verunt
631 803 958 851 sermonem,
981 799 1033 844 et
1059 789 1184 844 audi
1214 790 1421 844 firmam
1445 806 1509 846 ac
1534 791 1782 846 stabilem
1801 791 1979 846 tidem.

419 874 570 934 Tunc
614 895 673 935 se
701 883 977 936 excusavit
1018 881 1235 947 lllerax,
1269 882 1456 940 dicens
1483 900 1541 940 se
1573 900 1692 940 esse
1721 885 1931 954 lapsum
1966 901 1979 914 ·

419 971 681 1038 poenitere
714 980 897 1027 autem
925 984 1189 1041 protervae
1215 975 1362 1032 illius
1394 978 1693 1032 sententiae.

486 1144 718 1198 xxvm.
761 1146 1109 1205 Discedentes
1158 1167 1285 1206 vero
1336 1151 1675 1225 Leontopoli,
1704 1156 1898 1209 ivimus
1926 1158 1979 1211 in

413 1238 746 1306 superiorem
775 1237 1121 1296 Thebaidem.
1152 1242 1281 1297 Erat
1311 1255 1490 1300 autem
1528 1248 1636 1301 i¹lie
1657 1249 1738 1302 vir
1777 1249 1979 1319 justus,

411 1325 649 1380 Joatmes
684 1327 922 1382 nomine.
963 1328 1026 1386 Et
1061 1333 1275 1386 eumad
1298 1348 1422 1388 eum
1449 1335 1678 1405 ingressi
1710 1353 1979 1406 essemuS,

412 1432 512 1471 nos
546 1417 774 1489 henigne
802 1421 1026 1490 aceepit.
1059 1421 1304 1479 Fuerunt
1348 1436 1529 1481 autem
1561 1430 1778 1498 quidam
1809 1447 1874 1484 cx
1912 1432 1980 1485 iis

410 1507 503 1575 qui
560 1507 613 1560 in
664 1509 769 1562 illis
798 1509 934 1565 locis
964 1511 1300 1578 habitabant,
1334 1517 1428 1584 qui
1460 1517 1506 1572 ei
1539 1521 1827 1588 quemdam
1858 1522 1979 1575 alli·

412 1605 605 1664 garant
631 1598 1047 1663 adolescentem.
1079 1611 1138 1658 ut
1161 1615 1424 1662 maneret.
1451 1607 1503 1663 ls
1531 1625 1661 1665 vero
1685 1613 1981 1668 vexabatur

409 1688 478 1741 ah
531 1691 812 1746 immundo
855 1695 1071 1764 spiritu.
1121 1694 1420 1766 Postquam
1471 1709 1647 1755 autem
1684 1703 1815 1757 vidit
1847 1702 1976 1774 Epi·

411 1780 690 1849 phanium,
722 1781 856 1838 dixit
879 1785 927 1839 ei
960 1801 1156 1856 magna
1181 1803 1316 1843 voce
1348 1807 1363 1844 t
1398 1789 1508 1845 Cur
1541 1791 1647 1847 hue
1674 1795 1977 1862 accessisti,

415 1869 696 1941 Epiphani,
719 1872 810 1929 Dei
839 1875 1027 1931 serve?
1047 1875 1353 1950 Mansitque
1381 1880 1450 1935 ab
1477 1881 1607 1936 hora
1635 1893 1782 1938 sexta
1806 1901 1979 1955 usque

2086 693 2281 760 μένων.
2310 691 2460 745 Μετὰ
2490 692 2546 744 δὲ
2571 691 2741 744 ταῦτα
2766 689 2917 746 εἶπεν
2953 695 3266 765 Ἐπιφάνιος
3302 697 3438 768 πρὸς
3463 699 3653 754 αὐτόν·

2080 781 2243 834 Δάλει
2292 781 2383 834 τὸν
2426 781 2579 849 λόγον
2626 781 2821 852 ἀληθῆ,
2853 784 2943 835 καὶ
2996 783 3159 837 ἄκουε
3208 785 3303 856 τήν
3345 786 3523 839 πίστιν
3567 787 3657 856 βε-

2082 873 2259 926 δαίαν.
2293 873 2423 924 Τότε
2468 874 2710 944 Ἱεράκας
2752 874 3145 943 ἀπελογήσατο,
3187 876 3449 945 ἐσφάλθαι
3480 877 3655 945 λέγων

2082 964 2215 1034 πρὸς
2250 963 2583 1032 Ἐπιφάνιον,
2618 963 2755 1017 ἀλλά
2803 968 3084 1033 μετανοεῖν
3128 964 3234 1017 ἀπὸ
3277 968 3374 1038 τῆς
3416 968 3652 1022 ἀτάκτου

2080 1053 2303 1124 γνώμης
2330 1055 2562 1125 ἐκείνης.

2152 1147 2283 1201 KH'.
2341 1146 2671 1218 Ἀπάραντες
2698 1142 2790 1200 οὖν
2820 1146 2926 1200 ἀπὸ
2966 1148 3392 1213 Λεοντοπόλεως,
3421 1152 3654 1222 ἐπορεύ-

2082 1237 2255 1308 θημεν
2287 1240 2368 1301 εἰς
2393 1238 2491 1310 τὴν
2521 1239 2631 1293 ἀνω
2664 1234 3038 1310 Θηὸαΐδα.Ἤν
3067 1239 3121 1291 δὲ
3151 1243 3267 1294 ἐκεῖ
3286 1242 3493 1306 δίκαιος
3516 1244 3655 1316 ἀνὴρ

2092 1329 2342 1401 Ἰωάννης
2386 1330 2627 1401 ὀνόματι.
2660 1331 2769 1384 Καὶ
2811 1330 2874 1400 δὴ
2926 1329 3257 1395 εἰσελθόντες
3294 1334 3427 1404 πρὶς
3468 1334 3650 1394 αὐτὸν.

2080 1416 2293 1482 ἐδέξατο
2349 1422 2494 1490 ἡμᾶς
2564 1415 3015 1490 εὐμενῶς.ἾΙσαν
3055 1420 3110 1473 δέ
3143 1441 3283 1487 τινες
3315 1424 3421 1478 τῶν
3452 1427 3508 1478 ἐν
3542 1431 3656 1490 τοῖς

2079 1508 2264 1573 τόποις
2313 1511 2542 1575 ἐκείνοις
2583 1511 2862 1564 νεανίσκον
2910 1510 3031 1564 τινὰ
3075 1514 3471 1585 προσδήσαντες
3505 1518 3654 1588 αὐτῷ

2081 1601 2695 1674 προσπαραμένεινῘΗν
2736 1606 2792 1661 δὲ
2826 1609 2984 1673 αὐτὸς
3021 1609 3126 1662 ὑπὸ
3161 1608 3466 1678 πνεύματος
3518 1611 3654 1663 ἀκα-

2081 1692 2280 1766 θάρτου
2337 1694 2842 1766 ἐνοχλούμενος.Ὠς
2889 1694 2984 1752 οὖν
3037 1698 3142 1751 ἴδεν
3188 1698 3277 1751 τὸν
3316 1697 3650 1766 Ἐπιφάνιον,

2080 1784 2263 1854 ἔλεγεν
2315 1786 2449 1857 πρὸς
2482 1786 2641 1840 αὐτὸν
2677 1788 2888 1860 μεγάλῃ
2918 1793 2981 1861 τῇ
3032 1793 3217 1860 φωνῇ·
3257 1788 3321 1840 Τί
3352 1790 3653 1860 παρεγένου

2080 1875 2334 1940 ἐνταῦθα,
2352 1878 2655 1946 Ἐπιφάνιε,
2683 1876 2832 1930 δοῦλε
2868 1879 2960 1931 τοῦ
2979 1879 3148 1945 Θεοῦ;
3182 1880 3433 1949 Ἐμεινεν
3460 1880 3513 1932 δὲ
3546 1881 3657 1936 ἀπὸ

409 1963 475 2016 ad
526 1977 722 2018 nonam
763 1964 844 2020 sic
883 1964 1150 2024 clamans.
1192 1977 1248 2024 et
1283 1981 1502 2040 repente
1545 1984 1705 2044 rupto
1737 1976 1976 2043 vinculo,
2010 1958 2051 2010 Β
2077 1969 2226 2040 ὧρας
2247 1968 2412 2038 ἕκτης
2436 1969 2538 2033 ἕως
2563 1969 2710 2042 ὧρας
2741 1971 2935 2042 ἐνάτης
2958 1971 3129 2035 οὕτως
3162 1970 3510 2040 ἅπθκρᾶζων·
3540 1974 3654 2026 Καὶ

407 2053 649 2108 cucurrit
678 2054 746 2109 ad
781 2055 1161 2126 Epiphanium.
1217 2057 1512 2118 prehensis
1537 2074 1718 2122 autem
1748 2069 1979 2136 pedibus

407 2143 714 2216 Epiphanii,
749 2147 1040 2215 clamabat,
1068 2149 1254 2208 dicens
1285 2170 1299 2207 ι
1333 2151 1526 2209 Libera
1572 2172 1676 2222 me,
1707 2173 1839 2228 rugo
1884 2175 1979 2229 per

407 2234 574 2291 Deum
621 2253 782 2309 quem
811 2239 965 2295 colis.
996 2239 1212 2298 Dixerat
1234 2258 1364 2300 vero
1386 2243 1720 2315 Epiphanius
1750 2249 1980 2304 immun-

405 2329 476 2384 do
506 2329 741 2399 spiritui,
776 2338 837 2384 ut
865 2330 944 2402 (α)
989 2333 1163 2388 exiret
1188 2335 1258 2389 ab
1286 2335 1528 2399 homine,
1560 2339 1634 2393 ita
1661 2349 1720 2393 ut
1746 2355 1850 2395 non
1886 2355 1979 2396 co-

405 2430 694 2491 gnosceret
743 2420 982 2478 Joannes
1026 2422 1412 2495 Epiphaniam.
1460 2427 1605 2483 Dixit
1641 2439 1820 2484 autem
1851 2430 1978 2500 Epi-

405 2510 637 2580 phanius
664 2510 993 2566 adolescenti
1029 2530 1043 2566 ε
1077 2512 1273 2578 nomo,
1298 2530 1457 2586 surge
1490 2534 1504 2570 ε
1539 2518 1669 2586 quid
1715 2518 1846 2572 mihi
1876 2534 1976 2572 ex-

406 2601 559 2656 hibes
584 2602 932 2657 molestiam?
967 2601 1159 2659 Statim
1182 2614 1363 2659 autem
1391 2620 1559 2662 sanus
1586 2608 1821 2664 surrexit
1843 2610 1977 2663 ado-

403 2692 636 2757 lescenS,
670 2694 1138 2753 cum'immundus
1166 2697 1390 2752 exiisset
1422 2698 1819 2769 spiritus.Tres
1847 2714 1975 2754 vcro

404 2781 523 2838 dies
557 2778 859 2840 mansimus
886 2787 1029 2855 apud
1058 2783 1344 2853 loannem,
1372 2789 1548 2856 virum
1578 2789 1972 2853 admirabilem,

403 2885 458 2930 et
483 2876 613 2940 vita,
648 2893 769 2946 qnae
817 2893 882 2932 ex
933 2877 1131 2933 virtute
1177 2879 1454 2949 agebatur,
1499 2890 1773 2933 ornatum.
1824 2878 1975 2937 ilinc

403 2974 583 3021 autem
634 2968 965 3035 recetlenteS‚
999 2969 1245 3025 venimus
1292 2970 1360 3024 ad
1409 2968 1650 3032 Bucolia,
1679 2980 1732 3024 ct
1770 2983 1972 3040 septem

403 3072 577 3112 anuos
606 3058 715 3112 illic
748 3060 1114 3129 transegimus
1147 3079 1160 3115 :
1198 3077 1561 3132 magnamque
1594 3062 1702 3117 illie
1743 3061 1976 3132 Epipha-

406 3150 496 3204 nio
533 3151 833 3205 inolestiam
864 3152 1139 3221 ptaebuere
1165 3167 1259 3223 pet·
1294 3153 1756 3223 congressionem.

475 3312 674 3378 xxm
705 3323 1011 3393 Aliquando
1058 3322 1281 3395 quidam
1328 3324 1708 3394 philosophus,
1753 3326 1973 3380 nomine

407 3409 721 3479 Eudaemon,
763 3414 994 3468 accessit
1032 3414 1100 3468 ad
1151 3412 1538 3484 Epiphanium‚
1592 3425 1645 3469 et
1692 3430 1974 3470 sermones

407 3503 549 3557 iuter
576 3518 635 3557 se
660 3503 960 3559 contulere.
1004 3502 1338 3573 Epiphanius
1367 3505 1583 3574 quidem
1619 3520 1685 3560 ex
1731 3506 1979 3576 Scriptu-

408 3595 484 3651 ris
516 3595 779 3651 divinitus
808 3595 1108 3666 inspiratis,
1140 3595 1431 3651 Endaemon
1470 3607 1649 3653 autem
1682 3613 1777 3667 per
1812 3583 1978 3652 inuti-¹

408 3688 511 3744 lem
551 3688 955 3743 contentionem
985 3688 1287 3743 disserebat
1334 3698 1522 3744 contra
1568 3705 1630 3744 ea
1668 3706 1788 3758 quae
1831 3690 1979 3744 ‹lice-

409 3780 499 3834 bat.
537 3778 891 3849 Epiphanius·
952 3766 1301 3848 Habebatque
1358 3778 1649 3834 Eudaemon
1708 3795 1973 3849 puerutn;

407 3872 633 3941 ejusque
661 3871 854 3926 oculus
876 3880 993 3927 erat
1014 3872 1256 3927 clausus.
1286 3871 1430 3926 Dixit
1450 3881 1631 3926 autem
1657 3870 1978 3927 Eudaemoni

408 3962 742 4034 Epiphanius
773 3981 786 4016 ε
821 3961 983 4029 Ecce,
1011 3978 1043 4017 o
1067 3962 1408 4033 philosophe,
1434 3979 1599 4032 supra
1631 3977 1823 4018 omnes
1859 3964 1976 4018 elo-

408 4051 629 4121 quentia
656 4050 827 4121 polles
850 4058 905 4106 et
931 4049 1156 4118 divitiis,
1187 4062 1425 4122 suntque
1453 4052 1595 4122 apud
1629 4060 1679 4105 te
1712 4052 1787 4106 dii
1828 4066 1979 4107 com-

409 4142 615 4211 plures·
646 4139 758 4196 Cur
793 4139 947 4212 pueri
995 4157 1125 4212 ergo
1174 4157 1361 4197 curam
1409 4157 1515 4196 non
1552 4142 1716 4211 geriS,
1767 4150 1823 4195 ut
1860 4141 1980 4210 ejus

410 4247 629 4303 quoque
668 4232 778 4287 sint
803 4232 923 4287 sani
954 4232 1141 4287 oculi?
1172 4231 1247 4287 De
1297 4233 1401 4289 hoc
1445 4233 1568 4288 risit
1599 4231 1977 4303 philosophus,

412 4324 599 4379 dicens
643 4322 986 4395 Epiphanio:
1021 4324 1079 4378 Si
1127 4324 1230 4379 sub
1279 4325 1418 4379 coelo
1463 4335 1609 4380 esset
1642 4325 1792 4380 solus
1836 4325 1981 4378 tilius

414 4413 777 4475 Eudaetnonis.
822 4415 915 4485 qui
962 4429 1127 4469 uuum
1177 4415 1402 4470 haberet
1439 4415 1681 4480 oculum,
1725 4415 1849 4486 jure
1891 4429 1980 4471 es-

415 4518 530 4558 sem
553 4503 619 4558 de
647 4517 713 4558 eo
733 4503 1035 4570 sollicitus;
1068 4504 1334 4559 innumeri
1363 4520 1491 4559 vero
1519 4521 1641 4561 cum
1666 4505 1775 4560 sint
1795 4504 1888 4575 qui
1911 4519 1981 4559 ne

2081 2060 2336 2131 ἐξαίφνης
2363 2060 2657 2132 διαρρήξας
2680 2062 2787 2116 τῶν
2810 2062 3045 2135 δεσμῶν,
3069 2065 3304 2136 ἔδραμεν
3336 2063 3470 2135 πρὸς
3501 2065 3655 2117 Ἐπι-

2080 2151 2288 2221 φάνιον.
2327 2150 2520 2204 Λαὸὼν
2541 2151 2596 2204 δὲ
2628 2152 2735 2205 τῶν
2768 2154 2941 2208 ποδῶν
2971 2155 3156 2219 αὐτοῦ,
3192 2155 3419 2226 ἔκραξεν
3443 2155 3615 2223 λέγων
3635 2173 3650 2186 ·

2093 2239 2385 2293 Ἀπόλυσόν
2404 2258 2408 2262 ‘
2420 2257 2509 2310 με,
2541 2241 2624 2295 διὰ
2649 2242 2739 2295 τὸν
2771 2243 2920 2312 Θεὸν,
2950 2244 3009 2297 ὃν
3039 2246 3103 2298 σύ
3134 2241 3400 2318 σέβῃ.”Ἠν
3420 2247 3475 2300 δὲ
3504 2248 3657 2300 Ἐπι-

2081 2331 2267 2399 φάνιος
2312 2331 2480 2384 εἰπὼν
2523 2333 2599 2402 τῷ
2644 2332 2939 2406 ἀκαθάρτῳ
2988 2337 3279 2406 πνεύματι,
3313 2337 3386 2408 μὴ
3420 2337 3653 2403 ἐξελθεῖν

2077 2421 2185 2474 άπὸ
2228 2420 2321 2472 τοῦ
2367 2420 2677 2492 ἀνθρώπου,
2710 2424 2857 2487 ὅπως
2888 2426 2963 2495 μὴ
2988 2426 3100 2497 γνῷ
3134 2428 3384 2499 Ἰωάννης
3412 2429 3481 2482 τὰ
3514 2429 3656 2482 κατὰ

2075 2510 2168 2564 τὸν
2207 2512 2539 2581 Ἑπιφάνιον.
2574 2510 2741 2570 Εἶπεν
2789 2515 2844 2568 δὲ
2889 2518 3202 2586 Ἐπιφάιιος
3246 2519 3384 2589 πρὸς
3414 2520 3505 2574 τὸν
3531 2537 3655 2573 νεα·

2076 2602 2277 2656 νίσκον·
2316 2604 2570 2669 Ἀνάστα,
2603 2606 2879 2678 ἄνθρωπε,
2910 2609 2963 2663 τί
2996 2610 3200 2674 κόπους
3233 2629 3321 2681 μοι
3355 2612 3647 2682 παρέχεις;

2076 2692 2292 2761 Εὐθέως
2339 2691 2430 2750 οὖν
2474 2698 2670 2769 ἀνέστη
2699 2701 3035 2766 ὀ.νεανίσκος
3070 2704 3229 2775 ὑγιὴς
3250 2743 3263 2766 ,
3286 2704 3377 2755 τοῦ
3412 2704 3655 2769 ὰκαθάρ-
3688 2777 3693 2780 ἡ

2074 2802 2167 2838 του
2218 2787 2525 2856 πνεύματος
2562 2788 2868 2859 ἐξελθόντος
2899 2794 2996 2845 ἀπ’
3023 2793 3209 2845 αὐτοῦ.
3237 2790 3559 2854 Ἐμείναμεν
3588 2789 3646 2835 δὲ

2073 2879 2221 2943 τρεῖς
2248 2877 2458 2951 ἡμέρας
2498 2878 2646 2947 παρὰ
2677 2878 2755 2946 τῷ
2781 2879 3016 2944 Ἰωάννῃ.
3054 2878 3206 2945 ἀνδρὶ
3236 2870 3527 2941 θαυμαστῷ
3551 2871 3647 2924 καὶ

2074 2968 2332 3040 εὐαρέτῳ·
2347 2968 2589 3036 πολιτείᾳ
2612 2965 3026 3035 κεκοσμημένῳ.
3057 2964 3393 3033 Ἀπάραντες
3412 2962 3469 3016 δὲ
3504 2964 3649 3016 ἐκεῖ·

2074 3059 2165 3112 θεν
2210 3056 2548 3129 κατήλθομεν
2596 3055 2689 3108 ἐπὶ
2739 3055 2808 3108 τὰ
2855 3053 3135 3118 Βουκόλια,
3172 3054 3266 3107 καὶ
3313 3054 3658 3125 ἐποιήσαμεν

2074 3153 2190 3204 ἐκεῖ
2222 3149 2263 3213 ζ·
2296 3148 2421 3218 ἐτη·
2467 3145 2561 3199 καὶ
2602 3145 2772 3198 πολύν
2818 3147 2985 3199 κόπον
3012 3147 3176 3200 κάκεῖ
3215 3149 3471 3216 παρεῖχον
3501 3146 3654 3200 'Em-

2076 3240 2250 3312 φανίῳ
2271 3238 2359 3291 διὰ
2390 3236 2489 3305 τῆς
2524 3236 2835 3306 συντυχίας.

2072 3355 2078 3361 -
2148 3323 2274 3379 ΚΘ.
2311 3321 2445 3374 Ποτὲ
2474 3317 2567 3374 οὗν
2598 3319 2885 3390 φιλόσοφός
2959 3337 3037 3384 τις
3088 3320 3314 3391 ὀνόματι
3370 3319 3655 3389 Εὐδαίμων

2078 3413 2406 3485 παρεγένετο
2435 3412 2570 3484 πρὸς
2602 3411 2960 3481 Ἐπιφάνιον,
3013 3411 3108 3465 καὶ
3166 3409 3404 3482 συνῇραν
3459 3411 3653 3479 λόγους

2078 3506 2211 3576 πρὸς
2245 3502 2489 3566 ἑαυτούς.
2540 3501 2836 3570 Ἐποίησαν
2872 3502 2928 3554 δὲ
2960 3501 3231 3574 ι’ὴμέρας
3287 3502 3656 3573 διαλεγόμενοι

2079 3594 2213 3665 πρὸς
2242 3593 2522 3663 ἀλλήλους.
2570 3594 2625 3643 ’0
2658 3590 3102 3663 γάρἘπιφάνιος
3133 3592 3241 3645 ἀπὸ
3261 3586 3369 3644 τῶν
3398 3593 3658 3646 θεοπνεύ-

2080 3685 2475 3756 στωνΓραφῶν
2503 3684 2601 3755 τὴν
2648 3684 2904 3754 ἀλήθειαν
2950 3684 3300 3738 ἀπεδείκνυεν
3342 3685 3420 3756 τῷ
3467 3687 3655 3739 Besae-

2083 3795 2203 3848 μονι
2225 3793 2238 3808 ·
2262 3778 2290 3829 ό
2321 3776 2377 3828 δὲ
2404 3774 2684 3844 Εὐδαίμων
2711 3774 2798 3828 διὰ
2822 3774 2922 3844 τῆς
2969 3773 3280 3838 ἀνωφελοῦς
3324 3774 3655 3844 φιλονεικίας

2080 3868 2363 3936 ἀντέλεγεν
2384 3869 2493 3930 τοῖς
2521 3866 2870 3938 λαλουμένοις
2894 3865 2983 3919 διὰ
3015 3865 3357 3934 Ἐπιφανίου.
3387 3862 3548 3938 Εἶχεν
3596 3869 3655 3922 δὲ

2078 3961 2366 4032 Εὐδαίμων
2392 3959 2574 4023 παῖδα,
2607 3960 2703 4013 καὶ
2752 3958 2940 4012 τούτου
2984 3960 3011 4011 ὁ
3040 3957 3314 4029 ὀφθαλμὸς
3340 3956 3408 4030 ἦν
3438 3961 3653 4014 κεκλει-

2082 4053 2295 4123 σμένος.
2345 4048 2511 4105 Εἶπεν
2539 4051 2597 4104 δὲ
2630 4049 2948 4120 Ἐπιφάνιος
2974 4049 3110 4121 πρὸς
3138 4050 3441 4121 Εὐδαίμονα
3465 4067 3479 4081 ·
3501 4051 3651 4116 Ἰδοὺ,

2082 4142 2358 4212 φιλόσοφε,
2419 4142 2512 4193 ἐπὶ
2547 4141 2710 4192 πᾶσιν
2764 4140 3104 4209 κεκόσμησαι
3154 4142 3248 4194 καὶ
3284 4142 3463 4209 λόγοις
3488 4183 3503 4207 ,
3561 4145 3651 4196 καὶ

2085 4231 2321 4302 πλούτῳ,
2353 4231 2447 4284 καὶ
2485 4230 2732 4301 περισσοὶ
2753 4228 2863 4281 θεοί
2898 4229 3035 4280 εἰσιν
3067 4231 3218 4302 παρὰ
3247 4232 3347 4285 σοί.
3380 4232 3479 4285 Διά
3511 4234 3563 4287 τί
3592 4234 3656 4287 οὐ

2084 4325 2256 4386 ποιεῖς
2305 4308 2566 4393 ’φροντίδα
2596 4319 2690 4373 τοῦ
2744 4319 2838 4373 σοῦ
2878 4320 3085 4384 παιδὸς,
3144 4321 3291 4386 ὅπως
3345 4323 3438 4376 καὶ
3475 4325 3524 4376 oi
3562 4323 3657 4378 δύο

2081 4414 2350 4486 ὀφθαλμοὶ
2378 4412 2569 4465 τούτου
2593 4407 2733 4482 ἦσαν
2761 4412 2967 4479 ὐγιείς;
3009 4412 3131 4464 Ἐπὶ
3163 4411 3322 4465 τοῦτο
3358 4414 3414 4466 δὲ
3452 4417 3480 4467 ὀ
3504 4415 3651 4483 φιλό-

2083 4524 2246 4576 σοφος
2268 4505 2525 4574 ἐγέλασεν
2553 4503 2726 4571 λέγων
2759 4502 3062 4573 Ἐπιφανίῳ
3088 4521 3101 4533 ·
3129 4504 3194 4557 El
3222 4505 3278 4556 ἐν
3298 4507 3362 4575 τῇ
3388 4505 3477 4557 ὐπ’
3500 4507 3668 4577 οὐρα-

418 4611 543 4649 eum
573 4611 681 4650 uno
703 4595 920 4666 quidem
943 4595 1103 4649 oculo
1122 4604 1323 4650 terram
1350 4598 1490 4651 hane
1517 4605 1827 4668 peragrant..
1847 4597 1977 4668 quid
2009 4611 2054 4667 1)
2082 4600 2172 4655 νὺν
2201 4598 2275 4668 (b)
2315 4599 2343 4650 ὁ
2401 4597 2527 4659 παῖς
2579 4592 2909 4664 Εὐδαίμονος
2960 4588 3027 4665 ἦν
3056 4593 3331 4664 ὀφθαλμὸν
3356 4596 3453 4650 ἕνα
3493 4596 3652 4666 ἔχων.

419 4702 564 4743 curte
587 4694 672 4742 est
704 4685 1010 4742 Eudaemoni
1030 4684 1096 4742 de
1127 4687 1232 4742 eo?
1255 4684 1591 4758 Epiphanius
1619 4697 1799 4742 autem
1841 4688 1981 4743 dixit

418 4778 731 4834 Eudaemoni
754 4796 768 4831 :
787 4776 943 4844 Quod
961 4779 1004 4834 si
1023 4779 1193 4845 solus,
1207 4778 1402 4849 inquit,
1418 4789 1617 4844 esset,o
1637 4779 1979 4849 philosophe,

420 4868 679 4940 quidnam
727 4882 889 4940 agere
937 4883 1127 4937 posses
1172 4868 1238 4922 ad
1285 4883 1409 4923 eum
1448 4868 1790 4923 curandum?
1838 4868 1978 4923 Nihil

422 4958 591 5020 aliud,
625 4956 802 5027 inquit
830 4955 1149 5023 Eudaemon,
1196 4957 1299 5013 nisi
1344 4958 1659 5014 ratiocinari
1683 4968 1740 5014 et
1775 4959 1981 5024 dicere,

423 5051 630 5105 nullum
666 5065 903 5119 unquam
940 5050 1020 5105 sic
1058 5048 1229 5106 luisse
1271 5050 1544 5117 affectum,
1591 5059 1648 5106 ut
1682 5060 1766 5106 est
1799 5060 1984 5106 noster

423 5154 573 5209 puer.
613 5137 756 5191 Dixit
777 5138 1116 5210 Epiphanius
1141 5137 1454 5194 Eudaemoni
1486 5159 1499 5194 :
1529 5139 1606 5195 Ne
1631 5155 1715 5204 ea,
1752 5156 1875 5210 quae
1895 5139 1980 5195 di·

423 5239 645 5297 cuntur,
677 5230 925 5285 attendas
970 5230 1190 5301 perinde
1234 5245 1298 5284 ac
1345 5231 1573 5286 ridicula
1628 5229 1794 5299 (Deus
1839 5231 1984 5285 enim

424 5321 588 5377 estin
618 5322 796 5377 medio
825 5322 1165 5389 amborum);
1210 5321 1388 5376 adduc.
1428 5337 1658 5393 puerum
1697 5322 1790 5390 qui
1835 5321 1987 5376 labo-

427 5423 533 5479 rat,
560 5423 614 5469 et
642 5414 760 5469 vide
791 5415 1018 5485 gloriam
1050 5414 1166 5470 Dei.
1194 5414 1320 5471 Haee
1349 5430 1471 5469 eum
1503 5413 1731 5469 dixisset
1752 5413 1988 5484 Epipha-

428 5510 573 5572 nius,
624 5517 677 5564 et
726 5509 1072 5563 Eutlaemonis
1111 5524 1340 5577 puerum
1390 5525 1555 5564 manu
1604 5510 1885 5574 tenuisset,
1937 5518 1992 5564 et

423 5598 545 5670 ejus
573 5598 811 5666 oculum,
843 5600 932 5669 qui
959 5616 1062 5652 nun
1105 5598 1337 5665 videbat,
1379 5608 1458 5655 ter
1485 5601 1772 5670 signasset,
1804 5600 1987 5654 statim

430 5690 685 5760 respexit.
728 5688 862 5744 Cum
912 5698 1087 5745 autem
1131 5691 1353 5746 vidisset
1386 5691 1700 5757 Euda-mon,
1745 5692 1889 5761 quad
1915 5690 1991 5747 se-

501 5866 577 5935 (a)
617 5868 800 5922 Gra-ca
838 5869 1172 5939 negationem
1207 5869 1427 5924 addunt.

2080 4686 2226 4762 εἶχον
2251 4688 2317 4743 ἂν
2350 4684 2684 4758 μεριμνῆσαι
2713 4685 2839 4755 περὶ
2869 4683 3034 4737 αὐτοῦ
3056 4701 3068 4713 ·
3113 4685 3161 4737 εἰ
3191 4683 3248 4736 δὲ
3297 4684 3652 4756 άναρίθμητοί

2081 4785 2216 4837 εἰσιν
2246 4779 2409 4833 eiust*
2439 4774 2963 4845 οὐδενὸς-ὀφθαλμοῦ
3021 4776 3373 4846 πορευόμενοι
3417 4778 3509 4829 ἐπὶ
3556 4777 3650 4846 τῆς

2080 4873 2183 4943 γῆς
2219 4863 2441 4938 ταύτης.
2467 4866 2519 4919 τί
2546 4865 2623 4937 τῷ
2650 4866 2942 4937 Εὐδαίμονι
2976 4865 3128 4934 μέλει
3164 4865 3291 4936 περὶ
3327 4866 3514 4920 τούτου
3540 4911 3555 4932 ,
3595 4868 3656 4919 '0

2084 4965 2137 5019 δὲ
2164 4961 2482 5031 Ἐπιφάνιος
2514 4956 2668 5014 εἶπεν
2696 4959 2832 5030 πρὸς
2857 4959 2947 5012 τὸν
2973 4957 3281 5028 Εὐδαίμονα
3300 4977 3312 4989 ·
3352 4961 3417 5015 Et
3459 4960 3515 5013 δὲ
3560 4959 3655 5014 καὶ

2086 5055 2264 5127 μόνος,
2303 5054 2487 5125 φησὶν,
2510 5046 2556 5106 ὦ
2595 5051 2871 5122 φιλόσοφε,
2910 5049 3225 5121 ἐτύγχανεν,
3277 5051 3331 5104 τί
3364 5046 3508 5121 εἶχες
3536 5054 3655 5105 ἐπι-

2084 5144 2339 5218 τηδεῦσαι
2366 5142 2501 5213 πρὸς
2551 5139 2845 5211 θεραπείαν
2882 5138 3111 5207 τούτου;
3159 5141 3216 5193 Ὁ
3255 5140 3314 5193 δὲ
3367 5140 3657 5211 Εὐδαίμων

2085 5239 2279 5310 φησίν·
2311 5237 2476 5290 οὐδὲν
2515 5234 2639 5306 ἢτὺ
2682 5217 2986 5303 λογίζεσθαι
3036 5233 3293 5296 πολλάκις
3330 5235 3424 5287 καὶ
3455 5233 3651 5301 λέγειν.

2086 5332 2169 5384 ὃτι
2200 5327 2368 5391 οὐδείς
2392 5329 2540 5380 ἐστιν
2563 5324 2778 5379 πώποτε
2807 5325 2979 5385 οὕτως
3022 5325 3098 5388 ὡς
3140 5327 3169 5379 ὁ
3212 5323 3478 5394 ἡμέτερος
3505 5325 3647 5384 παῖς.

2090 5413 2259 5473 Εἶπεν
2284 5415 2342 5468 δὲ
2373 5414 2691 5484 Ἐπιφάνιος
2720 5415 2853 5486 πρὸς
2885 5412 3072 5468 αὐτόν·
3107 5414 3197 5483 Μὴ
3220 5412 3473 5483 πρόσεχε,
3500 5411 3651 5481 φησι,

2089 5509 2367 5578 φιλόσοφε,
2400 5508 2512 5570 τοῖς
2535 5506 2883 5576 λαλουμένοις
2904 5504 2978 5568 ὡς
3000 5507 3058 5558 ἐν
3075 5504 3267 5574 γελοίῳ
3286 5517 3300 5534 ·
3320 5504 3349 5556 ὁ
3383 5503 3515 5566 Θεὸς
3546 5501 3664 5571 γὰρ’

2091 5596 2193 5652 ἀνὰ
2229 5596 2390 5667 μέσον
2435 5593 2777 5665 ἀμφοτέρων.
2838 5594 3045 5662 Ἀγαγε
3110 5591 3266 5645 παῖδα
3334 5591 3504 5662 πηρόν
3524 5607 3538 5622 ·
3578 5590 3651 5644 ἴδε

2092 5688 2245 5755 δόξαν
2266 5685 2420 5739 Θεοῦ.
2456 5683 2642 5738 Ταῦτα
2662 5683 2717 5736 δὲ
2747 5682 2914 5736 εἰπὼν
2959 5683 3297 5752 Ἐπιφάνιος,
3339 5682 3432 5737 καὶ
3462 5680 3654 5752 κρατή·

2171 5868 2242 5931 (tr)
2274 5868 2545 5929 interpres
2574 5861 2722 5917 addit
2746 5861 2926 5931 μόνος.
