3850 6517
295 477 359 533 m
1567 466 1624 522 S.
1668 465 2002 520 El‘lt‘nANlt
2047 467 2225 520 VITA.
2601 491 2614 503 ·
3454 465 3522 521 (32

295 612 394 658 σας
413 592 503 647 τὸν
526 590 689 644 παῖδα
718 586 812 641 τοῦ
846 585 1166 655 Εὐδαίμονος
1207 584 1313 637 ἀπὸ
1343 584 1438 653 τῆς
1495 585 1676 655 xasa,-
1708 624 1723 648 ‚

294 684 601 756 σφραγίσας
627 681 717 735 τὸν
746 679 1020 748 ὀφθαλμὸν
1049 676 1232 738 αὐτοῦ,
1255 677 1344 729 τὸν
1377 675 1450 746 μὴ
1482 676 1714 747 ὁρῶντα,
1741 679 1858 746 τρί-

291 793 403 838 τον,
444 772 648 834 εὐθέως
678 769 986 839 ἀνὲὅλεψεν.
1030 767 1173 822 Ἰδὼν
1201 768 1257 821 δὲ
1285 767 1569 836 Εὐδαίμων
1606 766 1634 818 ὃ
1674 767 1860 836 ἐποίη-

295 886 387 922 σεν
416 864 751 935 Ἐπιφάνιος,
784 860 1155 930 παρεκάλεσεν
1181 858 1342 912 αὐτὸν
1379 857 1581 926 λέγων·
1614 858 1678 911 Εἰ
1711 857 1862 927 φίλον

294 960 444 1012 ἐστὶν
473 958 619 1027 ὐμῖν.
649 952 954 1018 διδάσκαλε,
994 951 1133 1004 Θέλω
1166 947 1319 1018 κάγὼ
1360 949 1681 1020 Χριστιανὸς
1708 949 1861 1017 γενέ-

296 1049 445 1102 σθαι.
495 1047 551 1099 '0
573 1046 627 1098 δὲ
656 1040 807 1097 εἷπεν
833 1043 1012 1114 αὐτῷ·
1061 1043 1347 1107 Ἄκουσον,
1389 1042 1584 1111 φησιν,
1619 1033 1664 1093 ὧ
1711 1040 1862 1108 φιλό-

297 1155 450 1205 σοφε,
477 1136 540 1189 τὰ
563 1136 686 1207 περὶ
716 1133 811 1187 τοῦ
831 1131 1034 1201 ἀγαθοῦ
1079 1132 1170 1185 καὶ
1221 1132 1588 1201 εὐσπλάγχνου
1621 1130 1783 1195 Θεοῦ,
1819 1124 1862 1198 ᾧ

298 1229 347 1279 οἱ
377 1224 683 1296 Χριστιανοὶ
720 1221 1087 1277 πιστεύουσιν.
1120 1221 1257 1274 Ποτὲ
1288 1220 1375 1273 τὸν
1407 1219 1616 1292 Ἰσραὴλ
1657 1222 1714 1272 ὲν
1745 1220 1864 1273 δου-

293 1317 414 1387 λείᾳ
443 1317 758 1386 ὑπάρχοντα
782 1311 861 1382 τῷ
884 1311 1080 1384 Φαραὼ
1109 1311 1317 1383 βασιλεῖ
1342 1311 1616 1380 Αἰγύπτου
1644 1310 1863 1380 ἠλευθέ-

300 1424 492 1479 ρωσεν,
528 1407 622 1460 καὶ
649 1403 958 1476 ἀπήλλαξεν
985 1403 1148 1458 αὐτὸν
1175 1405 1273 1458 ἀπ’
1303 1403 1488 1466 αὐτοῦ,
1520 1404 1613 1456 καὶ
1644 1401 1731 1455 διὰ
1760 1401 1862 1472 τῆς

297 1496 571 1565 θαλάσσης
600 1494 785 1564 διῆγεν
819 1494 980 1547 αὐτὸν
1013 1492 1100 1545 διά
1129 1491 1233 1560 τῆς
1252 1492 1479 1562 ἐρήμου,
1512 1492 1604 1544 καὶ
1635 1491 1830 1561 εἰσήγα
1849 1517 1861 1530 ·

294 1603 388 1652 γεν
420 1585 581 1638 αὐτὸν
601 1586 679 1647 εἰς
699 1586 801 1655 γῆν
841 1586 1068 1656 ῥέουσαν
1099 1583 1238 1651 γάλα
1277 1582 1371 1634 καὶ
1412 1581 1554 1650 μέλι.
1587 1582 1694 1635 Καὶ
1734 1580 1863 1633 ποτὲ

293 1672 481 1725 τοῦτον
530 1674 902 1742 ἀπειθήσαντα
938 1673 1030 1725 καὶ
1058 1669 1330 1740 ἀμνησίαν
1385 1669 1576 1739 ἔχοντα
1609 1669 1742 1741 πρὸς
1774 1669 1863 1723 τὸν

293 1761 424 1814 Θεὸν
449 1762 538 1815 διά
582 1763 675 1816 τοῦ
713 1763 1001 1833 Προφήτου
1032 1760 1219 1814 τοῦτον
1273 1761 1610 1831 παρακαλεῖ,
1652 1761 1860 1829 λέγων·

292 1854 451 1919 Λαός
469 1869 609 1917 μου,
635 1854 692 1905 τί
712 1851 973 1920 ἐποίησά
996 1865 1096 1904 σοι
1112 1867 1133 1916 ‚·
1164 1849 1203 1919 ἢ
1242 1850 1301 1904 τί
1325 1849 1585 1918 ὴδίκησά
1608 1865 1700 1914 σε,
1729 1850 1766 1918 ἣ
1808 1852 1865 1905 τί

291 1942 725 2011 παρηνόχλησά
745 1959 821 1997 σε·
841 1961 862 2009 ,·
891 1942 1250 2011 ἀποκρίθητί
1263 1959 1385 2010 μοι.
1420 1943 1580 1994 Ὥστε
1619 1938 1711 1996 οὖν
1729 1983 1745 2008 ,
1772 1943 1863 1996 λό-

1769 586 1862 637 καὶ
1893 594 1934 645 Α
1965 593 2110 637 errat
2165 582 2533 654 Epiphanius,
2586 583 2795 652 rogavit
2829 597 2951 635 eum
2997 580 3183 635 dicens
3220 596 3232 632 ι
3274 577 3327 631 Si
3367 576 3526 632 vonis

1963 676 2158 743 placet,
2196 674 2476 743 magister,
2511 675 2632 726 volo
2661 689 2760 743 ego
2782 687 3000 741 qnoque
3026 671 3139 725 lieri
3168 669 3521 724 christianus.

1965 766 2299 834 Epiphanius
2335 775 2512 819 autem
2552 765 2689 818 (lixit
2730 763 3046 817 Eudaemoni
3080 779 3093 815 ι
3130 761 3290 822 Audi,
3332 775 3364 812 o
3407 758 3529 828 phi·

1965 858 2207 928 losopbe,
2243 858 2309 910 de
2346 858 2487 911 bono
2533 871 2585 910 et
2633 855 2973 910 misericordi
3016 853 3144 917 Deo,
3184 851 3271 907 cui
3302 852 3528 907 credunt

1962 946 2279 1001 Christiani.
2335 945 2590 999 lsraelem
2626 983 2641 1007 ,
2717 943 2809 1014 qui
2887 940 3183 1010 aliquando
3261 940 3527 995 serviebat

1962 1039 2234 1092 Pharaoni
2264 1039 2371 1105 regi
2418 1037 2650 1108 AEgypti,
2682 1036 2946 1098 liberavit,
2975 1045 3177 1088 etcum
3212 1032 3435 1101 eripuit,
3474 1042 3530 1087 et

1964 1144 2059 1198 per
2081 1144 2228 1183 unare
2261 1128 2502 1182 Rubrum
2538 1145 2661 1183 enm
2698 1127 2959 1189 traduxit,
2991 1134 3248 1194 tanquam
3282 1139 3379 1193 per
3422 1134 3531 1184 ter·

1963 1233 2080 1272 ram
2110 1219 2317 1272 aridam
2378 1231 2541 1285 atque
2584 1233 2679 1287 per
2725 1218 3095 1281 solitudinem,
3130 1224 3183 1270 et
3229 1211 3529 1283 introduxit

1962 1329 2085 1367 enm
2127 1313 2180 1366 in
2215 1322 2413 1366 terram
2464 1313 2717 1366 liuentem
2768 1311 2905 1365 lacte
2942 1318 2996 1362 et
3041 1307 3248 1361 melle:
3293 1320 3529 1374 eumque

1963 1418 2086 1456 cum
2123 1403 2419 1473 aliqnando
2441 1418 2548 1456 non
2582 1403 2873 1471 paruisset,
2906 1408 2960 1453 et
2990 1396 3083 1452 Dei
3110 1396 3303 1452 suisset
3336 1396 3529 1450 imme·

1963 1507 2102 1557 mor,
2149 1507 2245 1560 per
2277 1492 2595 1560 prophetam
2639 1490 2719 1546 sic
2759 1491 3103 1550 adhortatur,
3150 1485 3374 1540 dicens:
3421 1485 3527 1539 Po-

1962 1584 2082 1652 pnle
2109 1584 2212 1648 mi,
2265 1584 2392 1653 quid
2424 1583 2523 1652 [eci
2564 1583 2694 1645 cibi,
2735 1591 2825 1634 αιιι
2859 1596 2965 1650 qua
2996 1578 3049 1633 in
3083 1593 3138 1632 re
3178 1578 3271 1631 tibi
3314 1577 3391 1646 [ui
3425 1592 3531 1630 mo·
3580 1613 3588 1627 .

1964 1674 2125 1728 {estus
2157 1676 2182 1728 .⁹
2213 1675 2464 1744 responde
2499 1674 2627 1726 mihi
2670 1673 2712 1725 ⁸.
2747 1669 3138 1737 Quamobrem,
3171 1682 3204 1721 o
3232 1668 3386 1722 docte
3414 1668 3528 1734 Eu-

1964 1767 2195 1830 daemon,
2241 1776 2462 1836 paratus
2491 1775 2575 1820 est
2621 1764 2763 1819 Deus
2800 1778 2915 1825 eoS,
2956 1763 3049 1832 qui
3087 1761 3230 1816 bono
3257 1761 3415 1815 modo
3440 1775 3531 1828 aq-

1964 1855 2186 1917 cedunt,
2231 1857 2481 1926 excipere
2514 1875 2528 1910 :
2560 1856 2684 1909 etsi
2729 1854 2853 1925 quis
2890 1852 3077 1907 iecerit
3120 1862 3337 1920 peccata
3367 1866 3527 1919 quam

1966 1946 2216 2015 plurima,
2252 1947 2338 2000 illa
2372 1949 2419 2001 ci
2458 1949 2819 2001 remittentur.
2871 1944 3019 1998 Vade
3050 1957 3200 2011 ergo,
3248 1954 3281 1992 o
3324 1936 3533 1992 erudite

292 2050 378 2102 γιε
403 2033 706 2104 Εὐδαίμων,
729 2033 946 2104 ἕτοιμός
993 2034 1142 2086 ἐστιν
1191 2033 1220 2085 ὁ
1250 2032 1381 2096 Θεὸς
1429 2033 1633 2097 πάντας
1678 2034 1867 2106 τρόπῳ
1964 2035 2282 2099 Eudaemon,
2318 2048 2370 2092 et
2395 2036 2677 2107 ingredi-re
2706 2036 3005 2096 civitatem,
3038 2041 3091 2086 ct
3120 2046 3220 2085 uec
3249 2037 3301 2083 te
3332 2029 3531 2098 pudeat

290 2120 482 2191 ἀγαθῷ
508 2121 919 2192 εἰσερχομένους
955 2120 1326 2190 εἰσδέχεσθαι.
1360 2121 1463 2173 κᾶν
1510 2121 1785 2194 ἁμαρτίας
1832 2118 1867 2196 ᾗ
1968 2131 2223 2186 accedere
2248 2132 2314 2185 au
2344 2131 2680 2200 episcopum.
2723 2128 2975 2183 christus
3000 2124 3146 2179 enim
3190 2129 3338 2174 amat
3363 2119 3535 2173 hunn-

293 2230 380 2276 τις
405 2213 657 2277 πλείστας
693 2213 1028 2284 πεποιηκὼς,
1070 2213 1400 2285 ἀφεθήσεται
1433 2213 1602 2284 αὐτῷ.
1634 2215 1870 2269 ’Δπελθε
1966 2206 2192 2275 litatem.
2246 2221 2513 2287 Quocirca
2558 2218 2624 2272 ad
2663 2231 2765 2271 uos
2813 2227 3031 2286 quoque
3063 2209 3211 2265 venit
3239 2209 3292 2261 in
3340 2218 3533 2275 magna

291 2299 400 2363 οὖν,
434 2303 578 2372 λόγιε
598 2304 905 2375 Εὐδαίμων,
934 2305 1027 2358 καὶ
1046 2295 1250 2358 εἴσελθε
1273 2305 1330 2357 ἐν
1360 2307 1426 2376 τῇ
1455 2304 1630 2367 πόλει,
1658 2307 1753 2359 καὶ
1787 2306 1862 2380 μὴ
1970 2311 2297 2367 humilitate.

296 2395 586 2465 αἰσχυνθῇς
610 2398 936 2466 προσπεσεῖν
960 2395 1037 2467 τῷ
1061 2395 1363 2467 ὲπισκόπῳ.
1401 2397 1457 2450 Ὁ
1480 2396 1587 2468 γάρ
1624 2399 1860 2469 Χριστὸς
1894 2400 1992 2473 τήν
2040 2404 2364 2459 ταπείνωσιν
2391 2403 2597 2474 ἀγαπᾷ.
2627 2400 2717 2455 Διὸ
2771 2396 2865 2451 καὶ
2888 2397 2946 2449 ὲν
2985 2394 3150 2465 πολλῇ
3212 2388 3533 2447 ταπεινώσει

298 2483 463 2554 ἦλθεν
493 2487 622 2553 πρὸς
650 2488 817 2556 ἡμᾶς.

379 2572 458 2622 A'.
495 2572 756 2622 Ἱὶκουσεν
777 2571 831 2622 δὲ
857 2571 1141 2640 Εὐδαίμων
1166 2571 1275 2625 τῶν
1308 2573 1480 2640 λόγων
1512 2571 1858 2641 Ἐπιφανίου,

307 2660 403 2713 καὶ
432 2657 676 2728 εἰσῆλθεν
724 2659 783 2711 ὲν
820 2661 889 2728 τῇ
922 2658 1094 2723 πόλει,
1147 2663 1242 2712 καὶ
1274 2662 1603 2730 προσέπεσεν
1625 2663 1700 2733 τῷ
1738 2666 1862 2717 ὲπι-

2037 2575 2206 2632 XXX.
2251 2574 2469 2629 Audivit
2504 2580 2682 2627 autem
2731 2567 3024 2624 Eudaemon
3089 2565 3250 2620 verba
3297 2563 3536 2634 Epipha-

1970 2667 2081 2729 nii,
2114 2675 2169 2720 et
2210 2665 2489 2733 ingressus
2536 2668 2618 2715 est
2665 2660 2720 2713 in
2761 2657 3055 2721 civitatem,
3104 2663 3159 2709 et
3206 2654 3435 2723 procidit
3464 2652 3533 2708 ad

296 2753 513 2821 σκόπῳ·
546 2751 636 2804 καὶ
660 2751 884 2819 ἐγένετο
911 2751 1559 2824 Χρῑστῑανόςοὰῑαόὀητος
1575 2753 1631 2807 δὲ
1652 2755 1864 2823 ἐγένετο
1968 2760 2134 2829 pedes
2184 2732 2441 2824 episcopi,
2473 2762 2526 2806 et
2558 2750 2736 2805 sactus
2778 2757 2863 2803 est
2906 2746 3270 2801 Christianus.
3305 2744 3536 2815 Fuitqne

293 2841 614 2909 Ἑπιφάνιῦς
646 2843 729 2906 εἰς
761 2841 890 2911 ὃλην
922 2841 1022 2911 τὴν
1065 2840 1359 2909 Αἴγυπτον.
1394 2843 1690 2915 Ἐζήτησαν
1723 2846 1779 2899 δὲ
1813 2846 1864 2899 οἱ
1962 2849 2301 2920 Epiphanius
2334 2845 2510 2914 magni
2546 2842 2780 2896 nominis
2828 2841 2883 2894 in
2905 2847 3016 2893 tota
3040 2838 3292 2910 AEgyptO.
3315 2838 3535 2905 Quaere-

297 2932 584 2986 ὲπίσκθποῑ
621 2933 892 3003 κρατῆσαι
935 2932 1098 2985 αὐτὸν
1155 2933 1488 2986 ἐπίσκοπον·
1529 2936 1624 2990 καὶ
1661 2937 1690 2987 ⁶
1717 2937 1865 3005 ἄγων
1963 2943 2091 2997 bant
2140 2940 2283 2994 enim
2332 2934 2570 3005 episcopi
2626 2947 2753 2987 eum
2802 2939 2982 2984 tenere
3019 2938 3074 2983 et
3105 2928 3531 3000 sacere‘cpisco·

296 3016 428 3093 ἦγεν
451 3022 542 3076 τὸν
568 3023 900 3092 Ἑπιφάνῑθν·
951 3024 1133 3093 Ἔγνω
1158 3024 1267 3098 γὰρ
1310 3025 1468 3080 τοῦτο
1506 3027 1827 3096 Ἐπῐφᾶνιος
1849 3044 1864 3059 ·
1961 3047 2088 3102 pum
2122 3049 2135 3085 ι
2174 3037 2228 3084 et
2257 3029 2368 3099 jam
2402 3044 2431 3081 a
2467 3026 2703 3097 quodam
2740 3025 3039 3079 ducebatur
3081 3022 3437 3093 Epiphanius.
3468 3020 3528 3077 ld

294 3115 385 3169 καὶ
415 3110 565 3168 εἶπεν
590 3115 724 3187 πρὸς
765 3117 835 3186 μέ
861 3132 876 3147 ’
902 3115 1090 3188 Δίῧρθν
1120 3117 1331 3180 τέκνον,
1361 3118 1716 3190 πθρευθῶμεν
1762 3119 1869 3172 πά·
1963 3124 2051 3179 ille
2079 3120 2533 3184 animadvertens,
2566 3118 2702 3172 dixit
2729 3115 2860 3170 mihi
2893 3133 2907 3169 ι
2941 3114 3207 3185 Agedum,
3229 3113 3324 3178 iili,
3351 3129 3533 3168 rever·

292 3202 373 3259 λῖν
408 3207 467 3259 ὲν
517 3207 583 3276 τῇ
628 3204 868 3275 Μτρίδῑ·
928 3205 1040 3266 Καὶ
1089 3206 1466 3277 ἐπορεύθημεν
1506 3206 1681 3282 ,πάλιν
1712 3208 1863 3278 ἔντῇ
1967 3222 2147 3268 tamur
2174 3212 2228 3265 in
2276 3211 2531 3281 patriam.
2588 3209 2657 3263 Et
2695 3223 2886 3261 rursus
2948 3207 3002 3260 in
3056 3215 3298 3259 nostram
3342 3217 3533 3258 sumus

294 3294 510 3363 ’πατρίδ’-
536 3295 690 3366 ἡμῶν
710 3311 724 3325 ·
752 3296 844 3348 καὶ
870 3294 1187 3365 εἰσήλθομεν
1218 3297 1277 3348 ἐν
1308 3295 1387 3366 τῷ
1406 3295 1753 3368 μοναστηρίῳ
1772 3297 1863 3351 τοῦ
1891 3267 1935 3326 C
1969 3303 2190 3373 proiecti
2225 3303 2522 3370 regionem,
2555 3305 2609 3353 et
2652 3297 2883 3368 ingressi
2926 3310 3119 3350 sumus
3165 3297 3219 3349 in
3259 3300 3535 3348 monaste-

302 3385 534 3456 μεγάλου
567 3387 887 3456 Ὶλαρὶωνος.
953 3381 1060 3438 Ἦν
1091 3386 1147 3438 δὲ
1185 3389 1214 3439 ὁ
1238 3386 1413 3457 μέγας
1466 3387 1708 3459 Ἱλαρίων
1737 3389 1867 3443 ἀνα-

295 3476 551 3546 χωρήσας
576 3476 641 3529 ἐκ
676 3473 769 3529 τοῦ
806 3476 1160 3550 μοναστηρὶου
1190 3476 1278 3531 διὰ
1306 3479 1405 3549 τὴν
1421 3477 1622 3549 πολλὴν
1646 3479 1866 3549 ὄχλησιν

292 3565 389 3634 τὴν
409 3564 701 3635 γινομένην
728 3563 894 3636 αὐτῷ,
939 3567 1030 3619 καὶ
1083 3566 1432 3630 ἀποπλεύσας
1487 3567 1595 3620 ἀπὸ
1624 3569 1721 3639 τῆς
1754 3570 1868 3623 Κυ-

293 3657 552 3727 πρίωνὲν
575 3659 690 3720 τοῖς
715 3656 901 3720 τόποις
926 3660 1035 3720 τοῖς
1083 3656 1213 3731 περὶ
1257 3658 1357 3728 τὴν
1402 3658 1609 3727 Πάφον.
1651 3658 1868 3722 Εἰδότες

293 3741 384 3798 οὖν
413 3736 699 3815 οἰάδιλφοὶ
717 3746 805 3799 τὸν
827 3748 1144 3816 Ίίπιφάνιον
1187 3748 1464 3817 ἐχάρησαν
1498 3747 1672 3818 χαρὰν
1707 3748 1869 3819 μεγά·

293 3835 409 3905 λην.
433 3831 615 3890 Ἦσαν
647 3837 705 3890 δὲ
734 3837 1051 3899 πενθοῦντες
1078 3838 1169 3889 διὰ
1209 3838 1300 3888 τὸν
1352 3837 1526 3904 μέγαν
1567 3839 1866 3907 Ὶλαρίωνα.

294 3925 667 3996 Ἐποιήσαμεν
702 3926 762 3978 δὲ
805 3927 862 3975 ὲν
915 3923 993 3990 τῷ
1023 3922 1366 3994 μοναστηρίῳ
1395 3924 1610 3995 ἡμέρας
1675 3934 1745 3996 μ’,
1778 3930 1870 3982 καὶ

303 4010 609 4072 ἐξελθόντες
636 4008 1012 4077 ἐπορεύθημεν
1050 4010 1109 4061 ὲν
1143 4010 1220 4080 τῷ
1246 4012 1496 4083 ἡμετέρῳ
1529 4018 1869 4088 μοναστηρίῳ

305 4096 390 4168 τῷ
419 4095 832 4167 ἐπικαλουμένῳ
853 4098 1184 4172 Σπανυδρίῳ,
1212 4103 1269 4157 ἐν
1290 4096 1333 4170 ᾧ
1361 4099 1429 4175 ἦν
1453 4107 1679 4178 ποιήσας
1711 4109 1870 4180 ήγού·

316 4205 469 4258 μενον
497 4187 815 4256 Ἐπιφάνιος
854 4189 945 4244 τὸν
998 4192 1277 4265 Ἐδεοηνὸν
1308 4193 1642 4266 Ἐπιφάνιον.
1673 4195 1783 4253 Ἧν
1809 4200 1868 4254 δὲ

310 4271 452 4342 οὗτος
467 4279 956 4351 περιποιησάμενος
975 4284 1034 4336 ὲν
1051 4282 1130 4354 τῷ
1148 4287 1488 4359 μοναστηρίῳ
1507 4288 1711 4360 πλῆθος
1723 4291 1873 4345 ἀδελ·

304 4368 435 4439 φῶν.
465 4370 575 4424 Καὶ
606 4369 717 4442 γὰρ
741 4370 900 4436 αὐτὸς
930 4372 1237 4446 θαυμαστὸς
1263 4377 1424 4450 ἀνήρ.
1450 4377 1663 4446 Εἰδότες
1687 4382 1744 4435 δὲ
1775 4381 1868 4436 τὸν

300 4460 610 4532 Ἐπιφάνιον
646 4463 845 4528 πάντες
887 4464 1165 4538 ἐχάρησαν
1192 4468 1365 4539 χαράν
1394 4471 1653 4542 μεγάλην.
1690 4473 1869 4528 Ἐποι-

297 4550 507 4623 ήσαμεν
539 4551 597 4605 δὲ
616 4553 675 4606 ἐν
701 4552 780 4624 τῷ
835 4555 1177 4627 μοναστηρίῳ
1201 4558 1388 4629 τρίτην
1418 4559 1632 4630 ἡμέραν
1679 4562 1736 4614 δν
1787 4563 1867 4616 ἑνὶ

295 4642 466 4713 τόπῳ.
489 4641 599 4711 ἐγώ
625 4660 684 4697 τε
710 4645 804 4698 καὶ
830 4645 1011 4708 αὐτός.
1030 4647 1140 4699 Καὶ
1162 4651 1228 4718 τῇ
1247 4649 1479 4722 τετάρτῃ
1506 4648 1690 4721 ἡμέρᾳ
1716 4649 1864 4707 εἶπεν

297 4736 435 4808 πρὸς
465 4738 533 4807 μέ
554 4757 566 4768 ·
608 4737 832 4801 Τέκνον,
867 4737 998 4792 λάὸε
1031 4738 1238 4793 κελλίον
1260 4741 1467 4813 ἕτερον,
1503 4743 1597 4795 καὶ
1625 4742 1864 4815 ἡσύχαζε

295 4830 354 4881 ὲν
391 4826 540 4898 αὐτῷ
557 4843 570 4858 ·
598 4828 702 4882 καὶ
728 4829 962 4899 ἐποίησα
988 4829 1184 4896 οὕτως.
1217 4831 1330 4884 Καὶ
1356 4833 1536 4904 ήμεθα
1564 4834 1863 4905 ἡσυχάζον-

295 4937 386 4983 τες
412 4922 470 4975 ὲν
494 4919 574 4990 τῷ
606 4921 966 4993 μοναστηρὶῳ.

365 5011 488 5066 AA'.
524 5010 700 5081 Λιμοῦ
727 5011 785 5064 δὲ
808 5013 1092 5081 γενομένου
1116 5014 1175 5068 ὲν
1216 5013 1293 5086 τῷ
1328 5005 1478 5087 τ’όπῳ
1532 5008 1725 5087 ἐκείνῳ
1771 5018 1864 5071 ἐπὶ

296 5104 393 5172 τῆς
422 5102 524 5171 γῆς
536 5101 646 5155 τῶν
672 5103 954 5166 Φοινίκων,
984 5104 1326 5175 συνήχθησαν
1348 5105 1523 5179 πλήθη
1538 5106 1706 5160 πολλὰ
1731 5108 1866 5179 πρὸς

297 5191 614 5260 Ἐπιφάνιον
638 5231 653 5256 ,
685 5192 780 5245 καὶ
814 5193 1152 5264 παρεκάλουν
1184 5195 1371 5249 τοῦτον
1409 5197 1657 5267 λέγοντες
1677 5217 1690 5231 ·
1726 5199 1864 5270 Βοή-

297 5282 462 5353 θησον
486 5285 637 5353 ήμῖν,
658 5284 862 5355 Πάτερ,
887 5285 1037 5349 ὅπως
1071 5285 1144 5357 μὴ
1172 5286 1519 5358 ἀπολώμεθα,
1555 5291 1647 5343 καὶ
1688 5307 1867 5360 παρα-

299 5371 526 5426 κάλεσον
542 5372 632 5425 τὸν
662 5372 812 5439 Θεὸν,
838 5375 986 5437 ὅπως
1016 5373 1177 5427 δώσει
1206 5375 1357 5428 ὐετὸν
1384 5379 1475 5431 ἐπὶ
1499 5378 1598 5449 τὴν
1625 5381 1749 5448 γῆν,
1773 5380 1866 5433 καὶ

298 5465 517 5533 ποιήσει
548 5464 581 5532 ή
611 5464 680 5534 γῆ
709 5463 777 5518 τά
799 5466 1028 5540 έκφόρια
1048 5467 1238 5536 αὐτῆς.
1272 5464 1440 5523 Εἶπεν
1472 5468 1527 5522 δὲ
1552 5470 1866 5535 Ἐπιφάνιος

300 5553 440 5625 πρὸς
462 5555 587 5617 τούς
612 5554 926 5625 ἀνθρώπους
945 5572 956 5587 ·
992 5557 1057 5610 Τί
1081 5575 1169 5628 μοι
1203 5560 1404 5622 κόπους
1433 5560 1727 5631 παρέχετε;
1772 5562 1864 5615 ἄν·

300 5643 519 5714 θρωπός
541 5642 649 5714 γὰρ
674 5646 988 5718 ἁμαρτωλός
1009 5650 1145 5718 εἰμι.
1168 5650 1277 5703 Καὶ
1299 5651 1457 5704 πλέον
1480 5670 1533 5705 τι
1562 5651 1721 5704 πάλιν
1770 5654 1866 5705 ἐπ·

298 5736 510 5791 εδέοντο
538 5736 873 5806 Ἐπιφανίου,
901 5742 1047 5805 ὅπως
1073 5741 1235 5806 αὐτὸς
1263 5744 1614 5810 προσεύξεται
1631 5742 1707 5811 τῷ
1757 5746 1867 5797 ωιλ-

373 5826 392 5854 ⁸
431 5823 590 5879 atich.
630 5841 680 5879 vt
706 5868 719 5888 ,
756 5829 808 5881 3.

1967 3395 2109 3450 rium
2138 3393 2318 3465 magni
2354 3391 2666 3448 Hilarionis,
2716 3389 3037 3445 Recesserat
3081 3396 3263 3443 autem
3299 3401 3532 3456 magnus

1969 3485 2204 3540 llilarion
2247 3501 2278 3541 e
2317 3483 2649 3540 monasterio
2669 3489 2890 3553 propter
2919 3495 3169 3549 magnam
3189 3518 3204 3540 ,
3231 3492 3353 3548 qnae
3371 3478 3418 3531 ci
3446 3493 3536 3532 ex·

1968 3579 2277 3640 hibebatur,
2321 3576 2644 3633 molestiam.
2679 3573 2927 3643 Cumque
2967 3571 3019 3631 in
3063 3570 3386 3643 Cypriorum
3430 3584 3531 3624 na·

1969 3671 2202 3739 rigasset
2229 3670 2523 3741 regionem,
2559 3666 2878 3722 versabatur
2908 3666 2959 3717 in
2987 3665 3053 3718 iis
3081 3664 3232 3724 locis,
3259 3677 3379 3731 quae
3406 3669 3534 3716 sunt

1968 3761 2111 3817 circa
2146 3760 2410 3831 Paphum.
2445 3762 2581 3814 Cum
2636 3768 2817 3812 autem
2870 3756 3068 3809 fratres
3100 3753 3364 3807 vidissent
3410 3751 3535 3819 Epi-

1968 3849 2252 3921 phanium,
2278 3863 2473 3918 magno
2495 3853 2624 3901 sunt
2650 3844 2824 3900 aflecti
2851 3842 3066 3912 gaudio.
3091 3839 3371 3909 Lugebant
3388 3839 3533 3893 enim

1969 3948 2192 4011 propter
2222 3953 2475 4009 magnum
2502 3935 2855 3990 llilarionem.
2884 3931 3111 3988 Fuimus
3146 3945 3274 3986 vero
3299 3929 3536 4000 quadra·

1969 4027 2116 4097 ginta
2148 4026 2265 4081 dies
2300 4027 2353 4079 in
2380 4024 2730 4079 monasterio.
2758 4022 2882 4076 inde
2904 4021 3105 4092 egressi
3132 4021 3332 4075 suimus
3363 4019 3414 4072 in
3434 4031 3535 4072 no·

1969 4129 2141 4177 strum
2177 4119 2550 4191 Spanhydrion
2593 4118 2679 4174 cui
2713 4116 3043 4188 Epiphanius
3068 4115 3371 4170 Edesenum
3414 4110 3539 4181 Epi-

1968 4211 2227 4282 phanium
2246 4208 2574 4279 praesecerat.
2593 4206 2689 4265 Hie
2712 4216 2888 4260 autem
2910 4204 3171 4274 plurimos
3192 4200 3258 4256 ad
3277 4200 3404 4256 illud
3420 4213 3537 4253 mo-

1968 4301 2268 4356 nasterium
2296 4298 2621 4368 adjunxerat
2658 4297 2874 4350 fratres.
2924 4293 3135 4348 Etenim
3169 4292 3283 4360 ipse
3315 4290 3397 4344 vir
3418 4300 3535 4343 erat

1969 4389 2334 4445 admirandus.
2391 4388 2524 4443 Cum
2580 4397 2757 4440 autem
2820 4382 3088 4437 vidissent
3136 4387 3190 4435 et
3244 4378 3533 4449 praefectus

1970 4480 2268 4541 Edesenus,
2320 4487 2372 4533 et
2412 4476 2605 4531 fratres
2641 4473 3023 4546 Epiphanium,
3074 4485 3325 4539 magnam
3377 4481 3535 4520 acce-

1898 4589 1944 4648 ῃ
1971 4586 2099 4641 pere
2130 4570 2391 4625 laetitiam.
2425 4564 2559 4621 Tres
2590 4581 2718 4620 vero
2751 4565 2866 4619 dies
2893 4563 3096 4616 fuimns
3124 4560 3233 4613 illic
3263 4559 3315 4613 in
3347 4557 3534 4626 hospi-

1970 4660 2065 4720 tio.
2096 4675 2196 4729 ego
2228 4667 2281 4712 et
2326 4656 2458 4725 ipse.
2491 4652 2701 4720 Quarto
2750 4661 2929 4705 autem
2979 4650 3114 4703 dixit
3160 4648 3289 4701 mihi
3330 4666 3343 4701 :
3408 4647 3529 4706 Fili,

1965 4749 2150 4819 accipe
2165 4749 2323 4803 aliam
2348 4745 2560 4808 cellam,
2580 4755 2632 4798 et
2651 4744 2704 4797 in
2728 4758 2789 4797 ea
2809 4739 3042 4811 quietem
3064 4753 3161 4810 age
3189 4756 3202 4792 ι
3228 4747 3281 4792 et
3305 4739 3383 4793 sie
3410 4738 3530 4806 feci,

1964 4851 2018 4895 et
2037 4843 2273 4910 quietem
2303 4839 2597 4907 agebamus
2621 4836 2674 4890 in
2705 4830 3057 4889 monasterio,
3076 4829 3337 4904 [Hospitis
3353 4840 3531 4885 autem

1965 4935 2142 4986 locum
2183 4928 2461 4985 obtinebat
2495 4922 2879 4998 Epiphanius]

2034 5020 2224 5075 XXXl.
2289 5020 2426 5074 Cum
2480 5033 2608 5073 vero
2659 5017 2711 5072 in
2773 5017 2994 5088 regione
3026 5014 3344 5068 Phoenicum
3391 5021 3535 5067 esset

1965 5113 2137 5168 fames
2191 5114 2243 5166 in
2292 5111 2383 5166 illo
2412 5126 2577 5177 anno,
2627 5125 2820 5181 magna
2880 5105 3166 5164 multitudo
3209 5113 3532 5172 congregata

1965 5215 2048 5260 est
2071 5205 2137 5259 ad
2170 5204 2557 5274 Epiphanium,
2584 5218 2707 5273 quae
2735 5214 2860 5255 cum
2896 5195 3140 5265 rogabat,
3176 5193 3399 5248 dicens:
3433 5194 3536 5250 Fer

1966 5296 2123 5352 nobis
2188 5311 2367 5364 opem,
2403 5294 2581 5358 Pater,
2620 5308 2687 5346 ne
2731 5301 3058 5360 pereamus:
3111 5295 3165 5341 et
3208 5301 3333 5357 roga
3363 5285 3531 5343 Deum

1969 5396 2028 5441 ut
2052 5387 2142 5442 det
2170 5387 2326 5441 nobis
2360 5386 2599 5454 pluviam
2636 5395 2802 5450 super
2830 5386 3055 5444 terram,
3079 5387 3131 5432 et
3155 5387 3294 5432 terra
3323 5376 3533 5432 fructus

1969 5476 2248 5547 producat.
2309 5473 2454 5528 Dixit
2503 5482 2687 5526 autem
2752 5467 3067 5526 hominihus
3129 5466 3467 5537 Epiphanius
3512 5482 3529 5520 ι

1965 5569 2105 5634 Quid
2132 5567 2287 5628 mihi,
2317 5564 2513 5636 inquit,
2544 5564 2812 5619 exhibetis
2841 5562 3140 5617 molestiam
3162 5561 3187 5613 ἲ
3212 5560 3341 5612 Sum
3382 5560 3528 5613 enim

1969 5662 2132 5715 homo
2169 5666 2435 5728 peccator.
2494 5654 2706 5712 Rursus
2768 5670 2892 5710 eum
2953 5654 3212 5725 rogabant
3270 5658 3330 5702 ut
3379 5650 3531 5705 beni·

1968 5764 2130 5811 grunni
2172 5756 2226 5802 ct
2256 5746 2569 5801 clementem
2604 5745 2771 5801 Deum
2824 5757 3021 5802 oraret.
3069 5746 3114 5798 ls
3152 5749 3330 5796 autem
3387 5743 3526 5798 dixu
