3850 6517
307 488 376 544 59
1250 523 1255 529 ·
1615 500 1671 553 S.
1718 493 2055 550 lil‘lPtlANtt
2100 492 2277 546 VtTA.
3479 492 3549 546 6⁰

303 617 433 674 quot
461 606 715 659 horarum
750 608 1005 677 spatium,
1046 619 1100 663 et
1134 621 1316 665 mutus
1359 611 1712 679 permanebat
1750 609 1872 661 Uie-
1899 612 1945 666 Α
1971 604 2127 675 ὡρῶν
2162 605 2326 676 τριῶν
2354 605 2658 676 δῑᾶστημα’
2693 608 2788 660 καὶ
2814 603 2880 679 ἦν
2917 608 3162 680 ’Ῑέρᾶκας
3185 609 3409 674 ἄναυδος
3428 612 3549 668 δια·

304 713 422 751 rax.
454 696 583 751 Post
613 699 722 753 haec
750 711 928 755 autem
968 703 1102 755 «lixit
1140 703 1186 755 ei
1216 702 1554 772 Epiphanius
1587 721 1599 756 :
1629 702 1870 771 Loquere

306 804 493 843 verum.
518 807 845 855 sermonem,
869 802 921 847 et
946 792 1071 847 audi
1101 793 1309 847 firmam
1332 809 1396 849 ac
1422 794 1671 849 stabilem
1690 795 1867 848 fidem.

303 879 456 938 Tunc
502 900 560 939 se
588 887 863 940 excusavit
905 884 1122 950 luet-ax,
1155 885 1344 943 dicens
1370 904 1429 943 se
1461 903 1580 943 esse
1610 889 1819 957 lapsum
1853 904 1867 918 ·

305 975 568 1042 poenitere
601 985 783 1030 autem
812 987 1076 1046 protervae
1103 978 1249 1035 illius
1281 981 1581 1036 sententiae.

374 1148 605 1202 xxvtlt.
647 1149 996 1208 Discedentes
1045 1132 1172 1209 'vero
1224 1155 1564 1228 Leontopoli,
1593 1159 1787 1212 ivimus
1816 1161 1868 1214 in

299 1241 632 1310 superiorem
660 1242 1010 1300 Thebaidem.
1038 1246 1169 1301 Erat
1198 1259 1378 1304 autem
1416 1251 1524 1304 i'lic
1546 1252 1627 1305 vir
1666 1252 1867 1322 justus,

297 1329 535 1385 Suarines
572 1331 808 1387 nomine.
850 1332 914 1389 Et
949 1351 1072 1389 cum
1098 1336 1163 1390 ad
1187 1352 1310 1392 eum
1337 1339 1566 1409 ingressi
1598 1356 1867 1409 essemus,

298 1436 398 1475 nos
432 1421 660 1492 henigne
689 1425 915 1494 aceepit.
947 1425 1192 1483 Fuerunt
1236 1439 1416 1485 antem
1449 1433 1666 1502 quidam
1698 1450 1762 1488 ex
1803 1434 1869 1488 iis

296 1510 390 1579 qui
446 1511 499 1564 in
551 1512 656 1566 illis
686 1513 821 1569 locis
852 1515 1188 1580 habitabant,
1222 1520 1316 1588 qui
1346 1520 1395 1575 ei
1427 1524 1716 1591 quemdam
1747 1525 1866 1578 alli-

298 1609 490 1668 garunt
518 1602 936 1667 adolescentem.
968 1615 1026 1661 ut
1049 1618 1312 1664 maneret.
1340 1612 1391 1666 ls
1419 1628 1549 1668 vero
1574 1616 1870 1672 vexabatur

295 1692 365 1745 al)
419 1694 700 1751 immundo
743 1699 958 1768 spiritu.
1009 1698 1308 1769 Postquam
1359 1713 1535 1758 autem
1573 1706 1703 1760 vidit
1737 1705 1864 1777 Epi·

297 1784 577 1853 phanium,
609 1784 745 1842 dixit
767 1789 815 1843 ei
849 1805 1044 1860 magna
1071 1807 1204 1847 voce
1237 1811 1251 1846 τ
1286 1793 1397 1849 Cur
1429 1795 1536 1850 hue
1562 1799 1864 1866 accessisti,

301 1873 585 1945 Epiphani,
607 1877 699 1933 Dei
727 1879 916 1934 serve?
935 1879 1241 1953 Mansitque
1269 1884 1339 1939 ab
1366 1885 1495 1940 hora
1523 1896 1671 1941 sexta
1695 1904 1867 1957 usque

1976 696 2171 764 μένων.
2200 695 2349 749 Μετὰ
2380 695 2435 748 δὲ
2461 696 2631 749 ταῦτα
2656 691 2808 749 εἶπεν
2844 699 3158 769 Ἐπιφάνιος
3194 701 3329 772 πρὸς
3355 703 3545 757 αὐτόν·

1970 784 2133 838 Δάλει
2182 785 2273 837 τὸν
2316 785 2469 853 λόγον
2516 784 2711 856 ἀληθῆ,
2744 788 2834 838 καὶ
2887 787 3049 841 ἄκουε
3099 789 3194 860 τὴν
3237 791 3415 849 πίστιν
3458 791 3550 860 βε-

1972 877 2149 929 6αίαν.
2183 877 2313 928 Τότε
2358 878 2600 948 Ἱεράκας
2642 877 3036 947 ἀπελογήσατο,
3078 879 3341 950 ἐσφάλθαι
3372 880 3548 949 λέγων

1972 967 2105 1037 πρὸς
2140 965 2473 1035 Ἐπιφάνιον,
2509 967 2646 1021 ἀλλὰ
2695 971 2974 1037 μετανοεῖν
3018 968 3125 1022 ἀπὸ
3168 973 3267 1042 τῆς
3308 972 3544 1026 ἀτάκτου

1970 1056 2193 1128 γνώμης
2219 1058 2452 1129 ἐκείνης.

2042 1150 2173 1204 ΚΗ’.
2231 1150 2562 1221 Ἀπάραντες
2589 1145 2681 1204 οὖν
2710 1150 2817 1203 άπὸ
2856 1152 3283 1217 Λεοντοπόλεως,
3312 1156 3547 1227 ἐπορεύ-

1971 1241 2144 1312 θημεν
2177 1243 2257 1304 εἰς
2283 1242 2381 1314 τὴν
2411 1243 2522 1297 άνω
2555 1238 2929 1313 Θηόαΐδα.Ἥν
2957 1243 3011 1295 δὲ
3042 1247 3158 1298 ἐκεῖ
3177 1247 3384 1310 δίκαιος
3407 1249 3548 1320 ἀνὴρ

1982 1332 2233 1404 Ἰωάννης
2276 1333 2517 1404 ὀνόματι.
2550 1335 2659 1388 Καὶ
2701 1334 2764 1404 δὴ
2816 1333 3148 1399 εἰσελθόντες
3185 1338 3318 1408 πρὶς
3360 1339 3543 1400 αὐτὸν.

1969 1420 2183 1485 ἐδέξατο
2239 1425 2384 1493 ἡμᾶς
2454 1419 2906 1494 εὐμενῶς.Ἦσαν
2945 1424 3001 1477 δέ
3034 1445 3173 1491 τινες
3206 1428 3312 1481 τῶν
3343 1431 3399 1482 ὲν
3431 1435 3549 1494 τοῖς

1968 1512 2154 1576 τόποις
2203 1515 2432 1580 ἐκείνοις
2474 1515 2752 1568 νεανίσκον
2800 1514 2921 1568 τινὰ
2965 1518 3362 1589 προσδήσαντες
3395 1522 3546 1592 αὐτῷ

1971 1605 2585 1677 προσπαραμένειν.Ἧν
2626 1610 2683 1664 δὲ
2716 1613 2874 1677 αὐτὸς
2911 1613 3017 1666 ὑπὸ
3051 1612 3356 1682 πνευματος
3408 1615 3545 1668 ἀκα-

1970 1695 2169 1769 θάρτου
2227 1698 2732 1769 ἐνοχλούμενος.Ὠς
2779 1698 2874 1756 οὗν
2927 1702 3032 1755 ἴδεν
3078 1703 3168 1755 τὸν
3206 1701 3540 1770 Ἐπιφάνιον,

1969 1787 2154 1857 ἔλεγεν
2205 1789 2339 1860 πρὸς
2371 1790 2532 1844 αὐτὸν
2566 1792 2778 1864 μεγάλῃ
2808 1796 2871 1865 τῇ
2922 1797 3107 1865 φωνῇ·
3147 1793 3211 1845 Τί
3242 1794 3543 1864 παρεγένου

1969 1879 2223 1944 ἐνταῦθα,
2242 1881 2544 1950 Ἐπιφάνιε,
2573 1881 2723 1934 δοῦλε
2758 1883 2849 1936 τοῦ
2869 1883 3038 1950 Θεοῦ;
3072 1884 3324 1953 Ἐμεινεν
3350 1884 3403 1937 δὲ
3435 1885 3545 1940 ἀπὸ

296 1967 362 2020 ad
413 1982 610 2022 nonam
651 1968 732 2024 sic
771 1969 1038 2027 clamans.
1080 1980 1136 2027 et
1171 1984 1391 2043 repente
1432 1987 1594 2047 rupto
1626 1979 1863 2046 vinculo,
1898 1961 1940 2013 Β
1966 1972 2115 2042 ὥρας
2136 1971 2301 2041 ἕκτης
2326 1972 2428 2036 ἕως
2452 1973 2599 2046 ὧρας
2631 1974 2825 2047 ἐνάτης
2848 1975 3019 2039 οὕτως
3051 1975 3399 2044 ἅπθκρᾶζων·
3430 1978 3543 2030 Καὶ

294 2058 537 2112 cucurrit
566 2058 634 2113 ad
669 2059 1050 2129 Epiphanium.
1106 2061 1400 2122 prehensis
1426 2077 1606 2123 autem
1637 2071 1866 2137 pedibus

294 2147 602 2220 Epiphanii,
637 2151 927 2218 clamabat,
956 2153 1143 2211 dicens
1173 2173 1187 2210 :
1221 2155 1415 2212 Libera
1461 2174 1564 2223 me,
1596 2176 1727 2230 rogo
1772 2177 1866 2231 per

294 2239 462 2296 Deum
509 2258 670 2313 quem
699 2243 853 2298 colis.
884 2244 1101 2301 Dixerat
1123 2261 1252 2303 vero
1275 2246 1608 2319 Epiphanius
1638 2251 1868 2306 immun-

292 2333 364 2387 do
394 2334 724 2403 spiritui,’ut
753 2334 832 2406 (α)
877 2336 1051 2392 exiret
1077 2338 1147 2392 ab
1175 2339 1416 2403 homine,
1450 2341 1524 2396 ita
1549 2350 1608 2396 ut
1634 2358 1738 2396 non
1774 2357 1866 2398 co·

293 2434 582 2496 gnosceret
631 2424 871 2482 Joannes
914 2426 1301 2498 Epiphaniam.
1349 2430 1493 2485 Dixit
1529 2440 1707 2487 autem
1739 2432 1866 2503 Epi·-

293 2515 525 2584 phanius
552 2515 883 2570 adolescenti
919 2534 932 2570 ι
965 2515 1162 2580 Homo,
1187 2533 1346 2589 surge
1379 2537 1392 2573 ε
1428 2520 1556 2589 quid
1604 2521 1735 2574 mihi
1765 2537 1863 2576 ex-

294 2605 447 2660 hibes
472 2605 820 2661 molestiam?
855 2605 1048 2662 Statim
1071 2617 1251 2663 autem
1279 2624 1446 2665 sanus
1474 2611 1709 2667 surrexit
1731 2613 1864 2666 ado-

291 2696 524 2761 lescenS‚
558 2698 1026 2756 cum’jmmundus
1054 2701 1279 2756 exiisset
1310 2701 1707 2771 spirituS.T1·es
1735 2718 1862 2756 vero

292 2786 411 2842 dies
445 2780 747 2844 mansimus
775 2790 918 2858 apud
947 2786 1233 2855 loannem,
1261 2793 1436 2859 virutn
1467 2793 1860 2857 admirabilem,

291 2889 346 2933 et
371 2880 501 2944 vita,
536 2897 658 2950 quae
705 2897 770 2936 cx
822 2881 1020 2937 virtute
1065 2883 1342 2952 agebatur,
1388 2892 1662 2938 ornatum.
1713 2882 1863 2940 llinc

291 2977 471 3024 autem
522 2973 854 3039 rec-edentes,
886 2974 1134 3028 venimus
1182 2974 1249 3027 ad
1298 2972 1538 3034 Bucolia.
1568 2983 1621 3028 et
1659 2986 1860 3043 septem

291 3076 465 3115 annos
494 3062 603 3115 illic
638 3064 1002 3133 transegimus
1036 3083 1048 3118 :
1086 3080 1450 3135 magnamque
1482 3066 1592 3120 illic
1632 3065 1864 3136 Epipha-

294 3154 384 3208 nio
421 3155 722 3209 inolestiatn
751 3155 1028 3224 ptaebuere
1053 3171 1149 3226 per
1183 3158 1644 3227 congressionem.

363 3316 562 3382 XXlX.
594 3327 900 3397 Aliquando
947 3326 1170 3398 quidam
1217 3327 1598 3397 philosophus,
1644 3329 1862 3383 nomine

295 3414 610 3482 Eudaemon,
652 3417 883 3471 accessit
921 3417 988 3470 ad
1040 3415 1428 3487 Epiphanium.
1482 3429 1535 3472 et
1582 3434 1863 3473 sermones

296 3506 438 3560 inter
465 3521 524 3560 se
548 3506 848 3562 contulere.
893 3505 1227 3575 Epiphanius
1257 3508 1472 3577 quidem
1508 3523 1575 3563 ex
1621 3509 1868 3580 Scriptu-

296 3599 373 3652 ris
405 3598 668 3654 divinitus
697 3599 998 3668 inspiratis,
1027 3599 1320 3654 Endaemon
1360 3610 1539 3656 autem
1571 3616 1668 3669 per
1700 3587 1865 3655 inuti-¹

296 3691 401 3746 lem
440 3692 843 3746 contentionem
874 3691 1177 3748 disserebat
1223 3701 1413 3747 contra
1458 3707 1520 3747 ea
1557 3709 1678 3761 quae
1721 3694 1867 3747 dice·

297 3783 388 3837 bat
424 3781 781 3852 Epiphanius·
841 3770 1190 3852 Habebatque
1247 3781 1540 3837 Eudaemon
1597 3799 1862 3852 puerum;

297 3876 521 3944 ejusque
549 3874 743 3929 oculus
766 3883 882 3929 crat
903 3874 1145 3930 clausus.
1175 3873 1319 3930 Dixit
1340 3884 1521 3930 autem
1546 3875 1864 3931 Eudaemoni

298 3965 631 4036 Epiphanius
662 3984 675 4019 :
710 3964 872 4032 Ecce,
900 3981 932 4019 o
955 3966 1297 4036 philosophe,
1324 3983 1489 4036 supra
1521 3981 1712 4023 omnes
1749 3968 1865 4022 elo-

296 4053 518 4124 quentia
545 4053 716 4124 polles
739 4061 793 4109 et
821 4052 1045 4122 divinis.
1076 4064 1314 4124 suntque
1342 4055 1485 4125 apud
1516 4063 1569 4109 te
1601 4056 1676 4110 dii
1717 4071 1867 4111 com·

298 4144 503 4213 plures.
535 4142 647 4199 Cur
682 4143 837 4214 pueri
884 4159 1014 4215 ergo
1063 4160 1250 4200 euram
1299 4160 1403 4199 non
1441 4146 1605 4214 geris,
1657 4156 1713 4200 ut
1749 4145 1868 4214 ejus

299 4249 516 4305 quoque
557 4235 666 4289 sint
692 4235 813 4289 sani
843 4234 1030 4289 oculi?
1060 4234 1136 4291 De
1187 4236 1292 4290 hoc
1335 4236 1456 4291 risit
1486 4236 1865 4307 philosophus,

300 4327 488 4381 dicens
531 4324 875 4396 Epiphanio:
911 4326 969 4381 Si
1016 4327 1118 4382 sub
1168 4328 1308 4382 coelo
1353 4337 1497 4383 esset
1531 4329 1681 4384 solus
1724 4328 1868 4383 lilius

303 4415 666 4477 Eudaetnunis.
712 4417 805 4487 qui
851 4432 1016 4472 unum
1066 4418 1292 4473 liaberet
1329 4418 1569 4484 oculum,
1614 4419 1738 4490 jure
1779 4434 1867 4475 es·

304 4520 419 4560 sem
442 4505 508 4560 de
536 4520 602 4560 eo
623 4505 923 4572 sollicitus;
957 4507 1223 4562 innumeri
1252 4523 1380 4562 vero
1408 4523 1530 4563 cnm
1555 4510 1663 4565 sint
1683 4509 1775 4579 qui
1799 4523 1868 4563 ne

1969 2062 2225 2134 ἐξαίφνης
2251 2063 2547 2135 διαρρήξας
2570 2066 2677 2119 τῶν
2699 2066 2934 2138 δεσμῶν,
2959 2069 3194 2140 ἔδραμεν
3226 2068 3360 2140 πρὸς
3391 2069 3545 2122 Ἐπι-

1969 2153 2177 2224 φάνιον.
2216 2154 2409 2206 Λαόὼν
2430 2154 2486 2207 δὲ
2518 2155 2624 2209 τῶν
2657 2157 2830 2212 ποδῶν
2860 2159 3046 2222 αὐτοῦ,
3082 2160 3309 2231 ἔκραξεν
3333 2160 3505 2227 λέγων
3525 2177 3539 2191 ·

1981 2242 2273 2296 Ἀπόλυσόν
2309 2260 2397 2313 με,
2429 2244 2513 2298 διὰ
2538 2245 2628 2298 τὸν
2660 2247 2809 2314 Θεὸν,
2840 2248 2899 2300 ὃν
2929 2249 2993 2302 σὺ
3023 2246 3289 2322 σέόῃ.Ἧν
3309 2251 3366 2304 δὲ
3394 2252 3549 2304 Ἐπ’-ι·-Δ

1969 2333 2155 2401 φάνιος
2200 2333 2369 2386 εἰπὼν
2411 2337 2487 2406 τῷ
2534 2337 2828 2409 ἀκαθάρτῳ
2877 2341 3169 2410 πνεύματι,
3202 2341 3276 2413 μὴ
3310 2339 3543 2406 ἐξελθεῖν

1966 2422 2073 2476 ἀπὸ
2115 2423 2209 2475 τοῦ
2255 2424 2565 2495 ἀνθρώπου,
2599 2427 2746 2490 ὅπως
2778 2429 2852 2499 μὴ
2877 2429 2990 2500 γνῷ
3023 2431 3274 2502 Ἰωάννης
3303 2433 3370 2485 τά
3403 2433 3546 2486 κατὰ

1963 2514 2056 2567 τὸν
2094 2515 2427 2584 Ἑπιφάνιον.
2462 2513 2629 2572 Εἶπεν
2677 2519 2733 2571 δέ
2779 2521 3093 2590 Ἐπιφάιιος
3136 2523 3273 2592 πρὸς
3303 2524 3395 2578 τὸν
3423 2541 3545 2578 νεα·

1964 2606 2165 2659 νίσκον·
2204 2607 2459 2672 Ἀνάστα,
2492 2609 2768 2681 ἄνθρωπε,
2800 2613 2853 2666 τί
2886 2613 3089 2677 κόπους
3122 2632 3211 2685 μοι
3245 2616 3537 2687 παρέχεις;

1964 2695 2190 2762 Εὐθέως»
2228 2694 2319 2752 οὖν
2363 2701 2559 2773 ἀνέστη
2589 2704 2925 2769 ὀ.νεανίσκος
2961 2707 3152 2777 ὑγιὴς,
3175 2708 3266 2759 τοῦ
3301 2707 3544 2772 ἀκαθάρ-

1962 2805 2056 2840 του
2107 2789 2414 2859 πνεύματος
2451 2791 2758 2861 ἐξελθόντος
2789 2797 2887 2848 ἀπ’
2913 2796 3098 2848 αὑτοῦ.
3127 2794 3447 2858 Ἐμείναμεν
3476 2793 3534 2839 δὲ

1962 2882 2110 2946 τρεῖς
2137 2880 2347 2953 ἡμέρας
2387 2881 2535 2950 παρὰ
2566 2881 2645 2949 τῷ
2670 2883 2905 2948 Ἰωάννῃ,
2943 2882 3095 2949 ἀνδρὶ
3124 2874 3415 2945 θαυμαστῷ
3437 2875 3535 2928 καὶ

1964 2971 2221 3042 εὐαρέτῳ-
2237 2971 2478 3039 πολιτείᾳ
2501 2968 2915 3039 κεκοσμημένῳ.
2946 2968 3281 3037 Ἀπάραντες
3300 2966 3357 3019 δὲ
3392 2968 3537 3020 ἐκεῖ·

1964 3062 2054 3115 θεν
2100 3060 2438 3133 κατήλθομεν
2486 3059 2578 3112 ἐπὶ
2628 3059 2696 3111 τά
2744 3057 3023 3122 Βουκόλια,
3061 3058 3154 3111 καὶ
3203 3058 3547 3128 ἐποιήσαμεν

1963 3155 2079 3207 ἐκεῖ
2112 3153 2153 3217 ζ’
2186 3152 2311 3223 ἐτη·
2356 3150 2451 3204 καὶ
2491 3149 2662 3203 πολὺν
2708 3149 2874 3203 κόπον
2902 3151 3064 3204 κάκεῖ
3103 3153 3360 3220 παρεῖχον
3390 3150 3543 3204 Ἐπι-

1966 3244 2140 3316 φανίῳ
2161 3243 2249 3296 διά
2280 3241 2379 3310 τῆς
2414 3240 2724 3310 συντυχίας.

1962 3360 1967 3364 -
2038 3328 2164 3384 KO'.
2201 3325 2335 3379 Ποτέ
2364 3321 2456 3378 οὖν
2488 3323 2776 3394 φιλόσοφός
2849 3341 2927 3388 τις
2978 3324 3203 3395 ὀνόματι
3257 3322 3554 3393 Εὐδαίμων.

1969 3418 2297 3490 παρεγένετο
2326 3417 2461 3489 πρὸς
2491 3415 2850 3485 Ἐπιφάνιον,
2904 3415 2998 3468 καὶ
3056 3410 3295 3486 συνῇραν
3348 3415 3543 3483 λόγους

1968 3510 2101 3580 πρὸς
2135 3507 2379 3571 ἑαυτούς.
2430 3506 2726 3574 Ἐποίησαν
2763 3506 2820 3558 δέ
2851 3511 2881 3558 ι’
2901 3506 3121 3577 ἡμέρας
3178 3506 3545 3577 διαλεγόμενοι

1968 3599 2102 3668 πρὸς
2131 3598 2412 3667 ἀλλήλους.
2459 3599 2515 3648 ’0
2548 3594 2991 3667 γάρἘπιφάνιος
3023 3596 3131 3649 ἀπὸ
3150 3594 3259 3649 τῶν
3288 3597 3547 3650 θεοπνεύ-

1970 3689 2365 3760 στωνΓραφῶν
2392 3688 2490 3758 τὴν
2538 3688 2794 3759 ἀλήθειαν
2839 3688 3189 3742 ἀπεδείκνυεν
3232 3689 3310 3760 τῷ
3356 3691 3544 3743 Εὐδαί-

1972 3798 2092 3852 μονι
2115 3797 2128 3812 ·
2152 3782 2179 3833 ό
2211 3779 2267 3831 δέ
2294 3779 2574 3848 Εὐδαίμων
2600 3778 2687 3832 διὰ
2712 3779 2812 3848 τῆς
2860 3777 3170 3842 ἀνωφελοῦς
3213 3779 3544 3848 φιλονεικίας

1968 3872 2253 3940 ἀντέλεγεν
2272 3873 2383 3933 τοῖς
2410 3870 2759 3941 λαλουμένοις
2784 3869 2873 3924 διὰ
2905 3870 3246 3938 Ἐπιφανίου.
3276 3866 3437 3942 Εἴχεν
3485 3873 3544 3926 δὲ

1968 3965 2255 4034 Εὐδαίμων
2282 3963 2462 4027 παῖδα,
2497 3964 2591 4016 καὶ
2642 3963 2829 4016 τούτου
2874 3964 2901 4015 ό
2929 3961 3204 4032 ὀφθαλμὸς
3229 3960 3297 4034 ἦν
3327 3965 3542 4018 κεκλει-

1971 4057 2184 4127 σμένος.
2234 4051 2400 4108 Εἶπεν
2429 4055 2486 4108 δέ
2520 4052 2836 4122 Ἐπιφάνιος
2864 4053 2998 4125 πρὸς
3027 4054 3330 4125 Εὐδαίμονα
3354 4072 3369 4085 ·
3390 4055 3539 4120 Ἰδοὺ,

1971 4146 2247 4216 φιλόσοφε,
2308 4145 2401 4196 ἐπὶ
2436 4145 2599 4196 πᾶσιν
2651 4144 2993 4212 κεκόσμησαι
3043 4145 3138 4198 καὶ
3174 4146 3351 4213 λόγοις
3377 4187 3392 4209 ,
3450 4148 3542 4200 καὶ

1973 4234 2210 4306 πλούτῳ,
2242 4235 2336 4287 καὶ
2374 4233 2620 4304 περισσοὶ
2642 4231 2752 4284 θεοί
2786 4232 2924 4284 εἰσιν
2958 4234 3107 4305 παρὰ
3137 4236 3237 4289 σοί.
3269 4236 3368 4289 Διά
3400 4237 3451 4289 τί
3482 4238 3544 4290 οὐ

1972 4330 2144 4391 ποιεῖς
2194 4311 2455 4396 φροντίδα
2485 4322 2579 4376 τοῦ
2633 4322 2727 4376 σοῦ
2767 4323 2974 4387 παιδὸς,
3033 4324 3182 4388 ὅπως
3234 4327 3327 4380 καὶ
3364 4328 3413 4380 οί
3451 4327 3545 4381 δύο

1970 4418 2239 4490 ὀφθαλμοὶ
2267 4416 2457 4468 τούτου
2482 4411 2622 4486 ἦσαν
2650 4416 2856 4483 ὑγιεῖς;
2898 4415 3020 4467 Ἐπὶ
3052 4415 3212 4469 τοῦτο
3247 4417 3303 4469 δὲ
3341 4420 3369 4470 ό
3393 4418 3539 4486 φιλό-

1972 4528 2134 4581 σοφος
2158 4508 2414 4578 ἐγέλασεν
2441 4507 2615 4574 λέγων
2647 4506 2951 4577 Ἐπιφανίῳ
2977 4525 2989 4536 ·
3018 4508 3083 4561 Et
3110 4509 3168 4560 ὲν
3188 4510 3251 4578 τῇ
3276 4509 3366 4560 ὑπ’
3389 4510 3556 4580 οὐρα-

307 4613 432 4652 eum
463 4613 571 4652 uno
592 4597 808 4669 quidem
832 4598 992 4652 oculo
1011 4607 1212 4652 terram
1238 4601 1378 4655 hanc
1406 4609 1716 4672 peragrant.
1736 4602 1863 4672 quid
1897 4616 1943 4672 n
1970 4605 2060 4659 νὺν
2090 4602 2164 4672 (ὑ)
2204 4603 2232 4654 ὁ
2290 4602 2416 4663 παῖς
2467 4596 2799 4668 Εὐδαίμονος
2849 4592 2917 4669 ἦν
2944 4597 3219 4667 ὀφθαλμὸν
3245 4599 3341 4652 ἕνα
3382 4599 3542 4669 ἔχων,

308 4704 453 4745 eurae
476 4697 561 4744 est
592 4688 899 4745 Eudaemoni
919 4687 986 4744 de
1017 4689 1122 4744 eo?
1144 4688 1480 4760 Epiphanius
1508 4700 1688 4746 autem
1731 4692 1868 4747 dixit

307 4781 620 4836 Eudaemoni
643 4799 657 4835 :
676 4779 831 4847 Quod
849 4781 892 4837 si
911 4781 1082 4847 solus,
1097 4780 1291 4852 inquit,
1307 4794 1506 4848 esset,o
1526 4783 1867 4853 philosophe,

309 4869 568 4942 quidnam
616 4885 777 4942 agere
826 4884 1016 4940 posses
1061 4870 1127 4924 ad
1174 4886 1299 4925 eunt
1337 4872 1678 4927 curandum?
1727 4872 1866 4927 Nihil

311 4961 480 5023 aliud,
513 4959 691 5030 inquit
719 4957 1038 5025 Eudaemon,
1084 4960 1189 5016 nisi
1233 4961 1548 5018 ratiocinari
1572 4971 1628 5019 et
1664 4964 1868 5028 dicere,

312 5052 519 5107 nullum
555 5067 792 5121 unquam
829 5052 908 5106 sic
947 5050 1118 5108 l'uisse
1160 5053 1432 5120 allectum,
1480 5064 1538 5111 ut
1572 5064 1654 5111 est
1687 5065 1872 5110 noster

313 5156 461 5210 puer.
501 5139 646 5197 Dixit
666 5140 1004 5213 Epiphanius
1030 5139 1342 5198 Eudaemoni
1375 5163 1387 5197 ι
1417 5142 1494 5199 Ne
1520 5160 1603 5208 ea,
1640 5160 1763 5214 quae
1783 5143 1867 5199 di-

312 5241 533 5298 cuntur,
566 5232 814 5287 attendas
859 5232 1079 5304 perinde
1123 5247 1187 5287 ac
1235 5234 1461 5288 ridicula
1516 5233 1682 5303 (Deus
1727 5235 1871 5289 enim

313 5332 397 5378 est
423 5323 476 5376 in
508 5324 685 5378 medio
713 5324 1053 5392 amborum);
1099 5323 1276 5378 adduc.
1317 5340 1547 5394 puerum
1586 5325 1678 5394 qui
1723 5324 1875 5379 labo-

316 5424 422 5479 rat,
449 5424 504 5470 ct
531 5415 649 5469 vide
680 5416 905 5486 gloriam
938 5416 1054 5473 Dei.
1083 5416 1209 5474 Haec
1237 5432 1360 5471 eum
1391 5417 1619 5472 dixisset
1640 5417 1876 5488 Epipha-

316 5510 462 5575 nius,
513 5518 566 5565 et
615 5510 960 5565 Eudaemonis
999 5527 1227 5580 puerum
1279 5529 1443 5568 manu
1493 5514 1773 5578 tenuisset,
1824 5519 1877 5567 et

312 5599 434 5671 ejus
461 5601 699 5668 oculum,
731 5601 821 5670 qui
847 5617 951 5654 nun
993 5600 1226 5666 videbat,
1266 5612 1346 5658 ter
1373 5604 1660 5674 signasset,
1692 5603 1875 5658 statim

319 5691 573 5761 respexit.
616 5690 750 5746 Cum
800 5700 975 5747 autem
1019 5694 1242 5748 vidisset
1274 5694 1589 5761 Euda-mon,
1633 5695 1777 5764 quad
1803 5693 1878 5750 le-

390 5868 465 5937 (α)
505 5870 688 5924 Gra-ca
725 5871 1060 5941 negationem
1095 5872 1315 5927 addunt.

1969 4691 2114 4767 εἶχον
2140 4693 2206 4748 ἂν
2240 4689 2573 4762 μεριμνῆσαι
2602 4689 2728 4760 περὶ
2760 4687 2923 4741 αὐτοῦ
2944 4705 2957 4716 ·
3002 4689 3050 4740 εί
3080 4687 3137 4740 δὲ
3186 4687 3540 4759 ἀναρίθμητοί

1970 4790 2105 4841 εἰσιν
2134 4783 2297 4837 olna-:⁹
2327 4778 2851 4849 οὐδενὸς-ὀφθαλμοῦ
2910 4779 3262 4848 πορευόμενοι
3306 4781 3398 4833 ἐπὶ
3444 4780 3538 4849 τῆς

1969 4878 2071 4946 γῆς
2108 4867 2330 4942 ταύτης,
2355 4871 2408 4924 τί
2435 4870 2512 4942 τῷ
2539 4869 2831 4941 Εὑδαίμονι
2864 4868 3016 4939 μέλει
3053 4870 3180 4939 περὶ
3215 4869 3402 4922 τούτου
3429 4914 3443 4935 ,
3484 4871 3540 4921 '0

1973 4969 2026 5023 δὲ
2052 4965 2371 5035 Ἐπιφάνιος
2404 4960 2557 5018 εἶπεν
2585 4963 2721 5034 πρὸς
2745 4963 2836 5016 τὸν
2861 4961 3170 5032 Εὐδαίμονα
3189 4980 3201 4992 ·
3240 4964 3305 5018 Εἰ
3347 4963 3403 5016 δὲ
3448 4963 3542 5018 καὶ

1974 5060 2152 5132 μόνος,
2191 5057 2376 5129 φησὶν,
2398 5050 2444 5110 ὦ
2484 5055 2761 5126 φιλόσοφε,
2798 5053 3114 5125 ἐτύγχανεν,
3166 5054 3220 5107 τί
3252 5049 3396 5124 εἶχες
3425 5057 3541 5108 ἐπι-

1973 5148 2227 5220 τηδεῦσαι
2254 5147 2390 5217 πρὸς
2439 5143 2733 5216 θεραπείαν
2771 5142 3000 5210 τούτου;
3047 5144 3105 5196 Ὁ
3144 5144 3202 5196 δὲ
3255 5144 3544 5214 Εὐδαίμων

1974 5243 2167 5315 φησίν·
2199 5241 2363 5294 οὺδέν
2403 5238 2527 5310 ἢτδ
2571 5221 2875 5307 λογίζεσθαι
2925 5237 3182 5300 πολλάκις
3218 5237 3312 5290 καὶ
3343 5236 3538 5304 λέγειν,

1974 5336 2057 5388 ὅτι
2089 5331 2256 5394 οὐδείς
2280 5332 2428 5384 ἐστιν
2451 5328 2668 5382 πώποτε
2695 5329 2868 5389 οὕτως
2912 5328 2986 5392 ὡς
3028 5331 3058 5382 ό
3101 5327 3366 5398 ἡμέτερος
3393 5328 3536 5387 παῖς.

1978 5417 2147 5477 Εἶπεν
2172 5419 2230 5471 δὲ
2261 5418 2580 5488 Ἐπιφάνιος
2608 5418 2743 5489 πρὸς
2773 5416 2961 5472 αὐτόν·
2995 5417 3086 5486 Μὴ
3109 5415 3359 5486 πρόσεχε,
3387 5414 3539 5484 φησὶ,

1959 5512 2255 5581 φιλόσοφε,
2288 5511 2400 5573 τοῖς
2423 5509 2771 5580 λαλουμένοις
2792 5507 2866 5571 ὡς
2889 5509 2945 5560 ἐν
2963 5507 3156 5576 γελοίῳ
3174 5519 3188 5537 ·
3210 5507 3238 5558 ὁ
3271 5506 3403 5570 Θεὸς
3434 5504 3552 5574 γάρ’

1979 5599 2081 5655 άνά
2117 5599 2278 5670 μέσον
2324 5596 2666 5668 ἀμφοτέρων.
2726 5597 2933 5665 ΙἈγιιιγε
2998 5594 3155 5648 παῖδα
3223 5593 3391 5664 πηρόν
3412 5610 3426 5625 ·
3467 5593 3540 5647 ἴδε

1980 5691 2133 5758 δόξαν
2154 5688 2309 5743 Θεοῦ.
2344 5687 2530 5742 Ταῦτα
2549 5686 2605 5740 δὲ
2635 5685 2803 5740 εἰπὼν
2847 5686 3186 5755 Ἐπιφάνιος,
3228 5684 3320 5739 καὶ
3350 5683 3544 5754 κρατὴ-

2059 5872 2130 5935 (tr)
2162 5872 2433 5933 Interprcs
2462 5865 2610 5921 addit
2634 5864 2813 5934 μόνος.
