3850 6517
302 502 403 557 853

934 499 1302 556 ADVERSUS
1339 502 1680 559 IlAERESES
1718 504 1846 559 Lm.
1888 504 1933 559 1.
1977 503 2139 561 Tou.
2175 505 2261 559 111.
2289 536 2355 583 -5
2389 502 2663 559 nAEnES.
2703 500 2865 556 XLV.

3449 498 3557 555 854

300 631 472 684 μενοι,
499 610 733 682 καθεξῆς
775 612 1137 681 συνεπόμενος
1167 611 1246 682 τῷ
1282 611 1662 685 προειρημένῳ
1686 614 1880 667 ’Δπελ-
1908 624 1953 678 Α
1986 623 2099 669 tum
2150 626 2255 679 cst,
2308 625 2432 687 post
2484 617 2727 687 Apellen]
2775 614 2927 668 illum
2985 610 3206 682 prodiit.
3241 609 3414 681 Cujus
3442 613 3556 667 baec

295 703 543 774 ληῖανῷ“.
559 703 639 755 Τά
663 703 717 754 δὲ
747 702 875 772 παρ’
890 702 1036 771 αὐτῷ
1059 701 1480 774 μυθολογήματα
1503 703 1679 757 ταῦτά
1705 706 1873 768 ἐστιν,

297 795 455 848 ἅτινα
492 794 671 864 μέλλω
699 794 898 861 λέγειν.
930 792 1186 848 Βούλεταί
1210 812 1270 847 τε
1292 795 1387 847 καὶ
1411 795 1574 858 αὐτὸς
1596 796 1793 867 ἀρχαῖς
1814 815 1875 851 τε

295 886 392 939 καὶ
432 885 702 951 ἐξουσίαις
739 883 1073 954 προσάπτειν
1104 885 1203 955 τὴν
1234 885 1354 937 καθ’
1381 886 1527 955 ἡμᾶς
1557 885 1734 940 κτίσιν
1756 904 1770 917 ·
1797 884 1876 940 εἶ-

294 976 383 1034 ναί
408 993 467 1029 τε
503 978 561 1028 ἐν
588 976 1014 1047 άκατονομάστῳ
1043 975 1150 1028 τινὶ
1179 976 1440 1046 άνωτάτῳ
1461 992 1520 1030 τε
1540 977 1756 1047 οὐρανῷ
1779 978 1876 1032 καὶ

297 1065 453 1119 αίῶνι
500 1064 701 1132 ἀγαθόν
736 1081 857 1117 τινα
896 1064 1051 1116 Θεόν.
1075 1064 1178 1117 Τὸν
1206 1064 1263 1117 δὲ
1302 1064 1544 1118 διάόολον
1578 1066 1692 1120 υἱὸν
1735 1060 1875 1120 εἶναι

297 1157 492 1224 φάσκει
515 1153 608 1208 τοῦ
644 1156 882 1225 μεγάλου
927 1156 1189 1226 ἄρχοντος
1218 1156 1317 1226 τῆς
1347 1156 1455 1209 τῶν
1478 1157 1734 1224 ἐξουσιῶν
1778 1158 1877 1212 τά·

297 1248 449 1312 ξεως,
479 1239 524 1313 ᾧ
556 1246 724 1315 ὄνομα
751 1245 960 1300 τίθεται
985 1246 1061 1316 πὴ
1095 1246 1193 1316 μὲν
1220 1245 1569 1311 Ἰαλδαὸαὼθ,
1596 1247 1673 1319 πὴ
1698 1248 1755 1301 δὲ
1780 1249 1874 1301 Σα·

295 1336 464 1390 ὄαὼθ.
499 1336 702 1389 Τοῦτον
723 1337 779 1391 δὲ
803 1336 1130 1407 γεννηθέντα
1160 1336 1220 1402 ἐξ
1240 1337 1403 1391 αὑτοῦ
1426 1333 1565 1391 εἶναι
1584 1338 1708 1408 ὅφιν
1732 1355 1745 1367 ·
1767 1338 1875 1392 ἀπὸ

293 1429 351 1481 δὲ
374 1428 476 1498 τῆς
502 1429 613 1481 άνω
635 1427 918 1498 δυνάμεως
942 1428 1379 1498 καταὸεὸλῆσθαι
1408 1429 1611 1499 είςοτήν
1633 1430 1755 1500 γῆν,
1779 1429 1874 1483 καὶ

295 1518 696 1590 κατεληλυθότα
724 1520 1026 1590 ὁφιείκελον
1048 1520 1199 1583 ὄντα,
1230 1522 1312 1584 είς
1351 1514 1566 1591 οἶστρον
1611 1520 1873 1592 ἐληλακέ-

294 1628 403 1672 ναι,
433 1610 528 1662 καὶ
551 1612 615 1681 τῇ
648 1610 723 1681 Γῇ
756 1610 1016 1682 μεμίχθαι
1043 1610 1231 1681 ὥσπερ
1263 1611 1517 1680 γυναικί·
1550 1611 1642 1664 καὶ
1663 1611 1756 1663 ἀπ’
1781 1610 1877 1664 αὐ-

293 1702 388 1754 τοῦ
410 1701 503 1754 τοῦ
528 1701 837 1773 σπέρματος
862 1702 1444 1772 άποσπερματίσαντος
1468 1703 1568 1772 τῆς
1595 1702 1759 1772 γονῆς
1775 1702 1874 1774 τὴν

293 1793 538 1863 ἄμπελον
566 1792 1012 1863 βεὸλαστηκέναι.
1038 1792 1131 1845 Διὸ
1156 1792 1220 1862 δὴ
1245 1792 1558 1863 μυθολογῶν
1585 1796 1666 1857 εἰς
1695 1793 1873 1864 παρά-

295 1899 482 1936 στασιν
502 1883 599 1953 τῆς
627 1883 806 1935 αὐτῶν
834 1881 1123 1952 ληρῳδίας,
1152 1882 1213 1934 τὸ
1234 1882 1533 1950 όφιείκελον
1563 1884 1663 1953 τῆς
1689 1884 1872 1954 ἀμπέ-

1982 712 2113 760 sunt
2147 706 2348 761 l'abulis
2381 722 2445 760 ac
2481 705 2783 761 mendaciis
2821 703 3022 757 referta
3052 703 3342 772 dogmata:
3369 700 3555 755 Mundi

1976 798 2244 867 originem
2307 798 2591 868 principiis
2629 797 2817 852 nescio
2865 796 3069 866 quibus
3101 811 3167 851 ac
3192 794 3557 865 potestatibus

1974 889 2202 956 tribuit;
2240 905 2366 946 esse
2418 904 2549 943 vero
2603 896 2862 955 pra-terea
2913 903 3170 958 supremo
3213 887 3269 941 in
3313 886 3454 941 coelo
3485 900 3550 940 ac

1977 977 2202 1042 saeculo,
2251 978 2398 1048 quod
2440 978 2714 1032 nominari
2750 992 2858 1031 non
2896 984 3098 1046 potest,
3130 969 3335 1029 bonum
3363 988 3558 1045 quem·

1976 1067 2102 1121 dam
2136 1067 2326 1123 Deum.
2358 1068 2639 1122 Diabolum
2691 1069 2872 1138 magni
2904 1067 3172 1137 principis
3204 1066 3373 1119 lilium
3405 1080 3551 1127 esse,

1979 1156 2075 1224 qui
2122 1156 2493 1226 potestatibus
2554 1156 2833 1225 praesidet,
2882 1155 3044 1225 cujus
3100 1168 3299 1208 nomen
3351 1153 3550 1219 partim

1973 1245 2326 1312 laudabam),
2362 1249 2562 1318 partim
2616 1247 2858 1303 Sabaoth
2892 1247 3152 1317 appellat,
3195 1261 3225 1299 a
3263 1246 3558 1315 quo-geni·

1974 1347 2065 1394 tus
2098 1339 2188 1394 ille
2216 1354 2447 1409 serpens
2485 1340 2724 1410 primum
2753 1338 2892 1403 [οἰκ
2927 1338 3057 1393 iude
3092 1339 3161 1392 ab
3193 1337 3404 1392 coelesti
3440 1335 3559 1390 vir-

1975 1437 2090 1484 tute
2114 1429 2363 1499 dejectus
2397 1430 2453 1483 in
2490 1437 2695 1483 terram
2732 1443 2797 1483 ac
2830 1429 3112 1498 delapsus,
3147 1427 3418 1499 serpentis
3443 1426 3557 1482 ἴοι·-

1979 1536 2090 1584 ma,
2137 1520 2380 1576 libidinis
2408 1520 2650 1577 stimulis
2676 1520 2918 1589 percitus
2945 1535 3070 1574 cum
3107 1519 3278 1574 Terra
3303 1535 3402 1574 ceu
3433 1536 3558 1575 mu·

1975 1613 2110 1668 liere
2155 1613 2392 1682 quadam
2429 1612 2585 1666 coiit.
2642 1610 2764 1677 Quo
2795 1627 2860 1666 ex
2900 1619 3020 1665 satu
3048 1610 3180 1664 vitis
3235 1610 3551 1681 pullulavit.

1975 1703 2133 1759 Unde
2167 1703 2236 1757 ad
2262 1703 2666 1757 conciliandam
2711 1702 2872 1772 nugis
2915 1701 3030 1755 suis
3064 1698 3249 1766 fidem,
3290 1701 3556 1757 sinuosos

1972 1794 2166 1847 vitium
2205 1792 2397 1857 nexus,
2440 1806 2504 1846 ac
2552 1790 2844 1855 rotundos,
2897 1798 2953 1845 et
2987 1789 3294 1859 cujusmodi
3326 1806 3556 1861 serpen·

1977 1884 2115 1937 tium
2149 1882 2313 1953 spirae
2344 1891 2497 1947 sunt,
2522 1881 2801 1951 obliquos,
2849 1879 2917 1935 ad
2957 1879 3091 1935 illud
3126 1881 3555 1951 significandum

292 1973 385 2026 λου
421 1973 717 2045 περιφερὲς
747 1973 1037 2037 ἐκτυποῦν,
1072 1973 1244 2042 λέγων
1271 1973 1359 2026 διὰ
1387 1975 1445 2027 τὸ
1475 1975 1736 2045 σκαληνὸν
1773 1976 1868 2027 τοῦ
1901 1965 1943 2019 Β
1982 1975 2248 2028 referunt.
2286 1972 2419 2026 Nam
2467 1972 2644 2025 albam
2685 1987 2819 2026 sane
2860 1972 3020 2026 vitem
3048 1974 3322 2041 serpentis
3361 1972 3556 2027 simili·

294 2065 462 2134 φυτοῦ
497 2061 635 2119 εἶναι
668 2065 801 2119 αὐτὸ
840 2065 1017 2133 ὄφεως
1044 2064 1200 2135 δίκην
1222 2084 1235 2095 ·
1273 2066 1368 2118 καὶ
1398 2066 1495 2135 τὴν
1538 2068 1635 2136 μὲν
1672 2066 1873 2137 λευκὴν

292 2152 430 2211 εἶναι
466 2156 541 2219 ὡς
572 2156 714 2225 ὅφιν,
748 2156 846 2226 τὴν
877 2155 934 2207 δὲ
974 2154 1237 2224 μέλαιναν
1278 2155 1352 2217 ὡς
1382 2154 1669 2225 δράκοντα.
1716 2149 1872 2207 Εἶναι

290 2248 349 2301 δὲ
386 2248 479 2301 καὶ
510 2247 607 2311 τὰς
641 2247 814 2317 ράγας
841 2247 942 2317 τῆς
969 2245 1216 2315 ἀμπέλου
1246 2244 1437 2315 ὥσπερ
1479 2242 1560 2297 ίοῦ
1600 2243 1874 2315 ῥαθάμιγ-

292 2357 412 2407 γας,
439 2339 611 2391 εἷτουν
642 2339 929 2406 σταγόνας,
953 2337 1039 2390 διά
1071 2336 1130 2389 τὸ
1155 2336 1486 2401 κυκλοειδὲς,
1522 2336 1555 2408 ἢ
1588 2338 1652 2391 τὸ
1683 2338 1870 2407 μείου·

297 2446 389 2501 ρον
421 2429 517 2481 καὶ
542 2428 775 2498 διαμφές
802 2429 1033 2482 ἑκάστου
1066 2427 1233 2497 ραγὸς
1261 2430 1718 2499 στρογγυλώσεως
1737 2448 1750 2461 ·
1779 2430 1873 2485 τὸν

292 2520 351 2573 δὲ
377 2515 518 2573 οἶνον
546 2521 611 2572 ἐκ
637 2520 741 2590 τῆς
774 2518 1087 2580 ὑποθέσεως
1116 2517 1319 2587 ταύτης
1348 2519 1477 2573 ὄντα
1508 2523 1599 2575 τὸν
1633 2520 1758 2575 νοῦν
1784 2521 1872 2575 θο-

294 2609 421 2663 λοῦν
445 2612 542 2679 τῆς
563 2609 1002 2681 άνθρωπότητος.
1026 2607 1138 2663 Kal
1168 2608 1245 2680 πὴ
1271 2610 1368 2680 μὲν
1399 2613 1481 2675 είς
1508 2610 1684 2680 θέλξιν
1704 2614 1873 2684 &cppe-

292 2701 478 2755 δισίων
506 2703 678 2770 ἄγειν,
714 2703 789 2775 πὴ
822 2704 882 2756 δέ
908 2705 987 2766 είς
1008 2699 1227 2775 οἶστρον
1250 2703 1487 2773 ἐγείρειν
1507 2719 1522 2733 ·
1551 2702 1584 2774 ἢ
1609 2704 1656 2757 δ’
1676 2699 1744 2758 αῦ
1768 2703 1874 2757 πά-

292 2794 375 2846 λιν
417 2794 585 2865 ὀργὴν
611 2795 863 2865 ἐμποιεῖν
895 2794 985 2848 διὰ
1024 2796 1087 2849 τὸ
1132 2793 1473 2865 κεπφοῦσθαι
1500 2795 1561 2847 τὸ
1603 2794 1761 2865 σῶμα
1806 2796 1872 2849 ἐκ

291 2885 390 2953 τῆς
417 2885 525 2937 άπὸ
544 2885 637 2938 τοῦ
666 2886 810 2939 οίνου
830 2885 1133 2956 δυνάμεως,
1156 2882 1365 2939 καὶτοῦ
1392 2884 1474 2938 ἰοῦ
1501 2883 1595 2937 τοῦ
1623 2901 1874 2956 προειρη·

213 3019 220 3027 .
294 2975 458 3047 μένου
486 2976 968 3049 δράκωντοςῖθθεν
1006 2978 1304 3047 ἀπέχονται
1334 2976 1481 3031 οἴνου
1514 2976 1795 3037 παντελῶς
1822 2977 1872 3029 οί

288 3082 541 3122 τοιουτοι.

361 3179 436 3233 B‘.
475 3180 751 3234 Φάσκουσι
778 3179 837 3235 δὲ
866 3179 961 3233 καὶΙ
1001 3178 1101 3249 τὴν
1131 3136 1366 3247 γυναῖκα
1412 3172 1556 3232 εἶναι
1587 3178 1748 3250 ἔργον
1778 3178 1871 3233 τοῦ

1978 2064 2220 2119 tudinem
2251 2064 2590 2134 exprimere;
2622 2062 2833 2133 nigram
2866 2062 3156 2127 draconis;
3180 2062 3373 2117 acinos
3389 2077 3557 2133 porro

1976 2163 2238 2225 tanquam
2282 2154 2477 2210 veneni
2523 2161 2713 2225 guttas
2770 2168 2835 2208 ac
2887 2154 3067 2208 stillas
3123 2169 3270 2218 csse,
3329 2163 3556 2226 propter

1974 2247 2391 2306 rotunditatem.
2447 2261 2514 2302 ac
2565 2247 2905 2316 singulorum
2943 2245 3288 2311 discrimina,
3319 2247 3458 2301 adeo
3491 2252 3554 2301 ut

1974 2339 2209 2393 orbiculi
2252 2339 2353 2407 ipsi
2385 2353 2416 2392 a
2453 2353 2513 2395 se
2551 2339 2786 2394 invicem
2829 2339 3001 2393 avulsi
3047 2340 3398 2409 separatione
3435 2354 3558 2395 cer-

1976 2438 2200 2484 nantur.
2255 2428 2617 2499 indidemque
2657 2436 2714 2485 et
2761 2429 2952 2482 viuum
3004 2429 3287 2485 bominum
3339 2440 3556 2501 pertur-

1974 2520 2106 2575 bare
2135 2527 2343 2576 mentes
2374 2534 2439 2575 ae
2470 2522 2669 2589 partim
2699 2519 2916 2575 veneris
2948 2520 3202 2574 illecebra
3251 2522 3554 2586 concitare,

1975 2612 2175 2680 partim
2213 2610 2421 2665 luroris
2450 2610 2664 2681 agitare
2692 2611 2952 2675 stimulis,
2983 2610 3183 2681 partim
3214 2609 3451 2682 denique
3483 2611 3553 2667 ad

1971 2702 2312 2757 iracundiam
2365 2715 2706 2771 provocare;
2768 2701 2915 2771 quod
2974 2716 3039 2756 ea
3087 2700 3294 2765 vinivi‚
3331 2701 3437 2755 boc
3466 2710 3552 2757 est

1976 2792 2237 2847 draconis
2259 2791 2411 2847 illius
2441 2806 2673 2856 veneno,
2709 2792 2826 2847 leve
2896 2792 2986 2846 liat
3023 2792 3390 2863 efferaturque
3423 2808 3553 2848 cor·

1975 2897 2099 2952 pus.
2127 2880 2302 2948 Quam
2333 2880 2403 2936 ob
2429 2894 2655 2936 causam
2687 2881 2780 2951 qui
2812 2880 2952 2935 banc
2994 2890 3202 2936 sectam
3230 2880 3554 2948 profitentur

1974 2973 2044 3027 ab
2067 2974 2214 3028 omni
2245 2987 2349 3027 usu
2381 2972 2491 3027 vini
2526 2971 2745 3042 penitus
2778 2970 3079 3027 abstinent.
3398 2985 3403 2991 ·

2045 3168 2110 3223 ll.
2152 3166 2434 3222 Mulierem
2469 3176 2729 3236 praterea
2769 3163 2986 3220 Satanae
3011 3178 3151 3234 opus
3187 3177 3312 3219 esse
3337 3164 3550 3229 dicunt,

293 3270 524 3335 Σατανᾶ,
561 3270 816 3341 καθάπερ
845 3270 940 3325 καὶ
968 3271 1020 3323 οί
1043 3272 1387 3343 Ἀρχοντικοὶ
1428 3265 1585 3324 τοῦτο
1620 3271 1829 3340 ἔφασαν
1852 3289 1868 3304 ·
1900 3302 1948 3363 c
1977 3262 2029 3318 id
2055 3262 2202 3333 quod
2237 3272 2289 3317 et
2308 3259 2656 3316 Archonticis
2680 3258 2883 3327 placuit
2907 3277 2921 3312 ι
2948 3256 3115 3328 389
3131 3257 3359 3327 ideoque
3375 3258 3465 3329 qui
3492 3273 3556 3315 se

289 3357 373 3411 διὸ
417 3361 541 3423 τοὺς
585 3361 749 3432 γάμῳ
789 3359 1208 3431 πλησιάζοντας,
1243 3358 1339 3412 τοῦ
1383 3360 1599 3413 Σατανᾶ
1628 3360 1690 3413 τὸ
1716 3359 1875 3431 ἔργον

296 3449 537 3521 πληροῦν
580 3450 847 3521 λέγουσιν.
867 3451 1025 3506 Ἀλλά
1055 3451 1151 3505 καὶ
1195 3449 1290 3504 τοῦ
1335 3449 1625 3522 ἀνθρώπου
1669 3449 1731 3503 τὸ
1777 3450 1878 3521 μὲν

292 3540 463 3611 ἥμισυ
489 3536 628 3595 εἶναι
647 3541 743 3595 τοῦ
776 3541 933 3607 Θεοῦ,
965 3540 1029 3595 τὸ
1052 3541 1113 3596 δέ
1141 3542 1316 3612 ἥμισυ
1344 3539 1439 3594 τοῦ
1466 3539 1737 3594 διαὸόλου.
1756 3540 1876 3591 Ἀπ’

288 3630 533 3704 ὀμφαλοῦ
561 3634 672 3706 γάρ
697 3635 795 3689 καὶ
827 3633 1090 3689 ἀνωτάτω
1128 3630 1269 3687 εῖναι
1308 3633 1409 3702 τῆς
1439 3631 1534 3685 τοῦ
1557 3630 1694 3686 Θεοῦ
1727 3631 1878 3685 δυνὼ

294 3739 439 3793 μεως
470 3723 622 3788 λέγει
665 3724 763 3791 τὴν
813 3724 1012 3773 πλάσιν
1033 3738 1047 3751 ·
1076 3723 1185 3772 ἀπὸ
1213 3722 1269 3772 δὲ
1294 3719 1539 3788 ὀμφαλοῦ
1580 3722 1675 3772 καὶ
1707 3738 1878 3773 κατω-

292 3811 463 3873 τάτω,
492 3810 591 3877 τῆς
614 3826 749 3877 ποντ,
759 3811 856 3879 ρᾶς
888 3808 1135 3872 ἐξουσίας
1160 3808 1261 3878 τὴν
1278 3808 1494 3862 πλάσιν.
1519 3808 1720 3880 Διόπερ
1742 3810 1875 3882 φησὶ

296 3900 472 3953 πάντα
500 3898 620 3951 καθ’
645 3898 834 3969 ἡδονὴν
857 3900 949 3951 καὶ
974 3896 1189 3971 οἶστρον
1216 3900 1312 3952 καὶ
1340 3900 1635 3971 ἐπιθυμίαν
1663 3901 1758 3954 ἀπ’
1780 3903 1876 3975 ὀμ-

296 3988 467 4055 φαλοῦ
499 3989 593 4041 καὶ
625 3989 920 4042 κατωτάτω
942 3989 1208 4057 γίνεσθαι.
1227 3990 1388 4045 Ἀλλά
1407 3991 1499 4045 καὶ
1527 3993 1585 4046 αί
1612 3992 1767 4048 ἄλλαι
1793 3994 1877 4047 αί·

300 4079 479 4147 ρέσείς
506 4078 663 4131 τοῦτο
684 4078 888 4148 ἔφασαν
921 4076 1077 4134 εἶναι.

372 4191 532 4244 Ὅθεν
554 4192 649 4244 καὶ
681 4186 835 4256 οὗτος
854 4193 1139 4248 ἁλίσκεται
1157 4196 1297 4250 κατά
1325 4196 1502 4252 πάντα
1534 4198 1732 4270 τρόπον
1757 4202 1869 4263 τοῖς

297 4282 478 4347 ἄλλοις
503 4284 883 4338 ἐπακολουθῶν
911 4284 1199 4356 άγὺρταις,
1228 4290 1341 4351 τοῖς
1371 4289 1439 4342 τά
1461 4289 1762 4362 δηλητήρια
1791 4292 1869 4364 τῷ

296 4373 395 4443 βίῳ
437 4376 932 4455 κατασκευάσασιν.
989 4378 1459 4451 Ἀνατραπήσεται
1497 4381 1606 4453 γάρ
1651 4382 1866 4454 ῥαδίως.

294 4464 371 4517 Οὐ
392 4464 502 4536 γὰρ
535 4465 727 4519 πολλοῦ
762 4467 1177 4539 ἐπιδεηθήσεται
1206 4471 1456 4541 καμάτου
1481 4475 1514 4544 ὴ
1539 4473 1673 4544 πρὸς
1706 4474 1869 4529 αὐτὸν

294 4555 592 4627 ἀνατροπὴ.
636 4556 796 4611 Ὄλον
835 4558 942 4630 γάρ
983 4559 1045 4612 τὸ
1091 4559 1251 4631 σῶμα
1279 4564 1729 4633 συγκεκραμένον
1754 4567 1869 4629 τοῖς

1980 3356 2186 3426 nuptiis
2238 3356 2518 3425 copulant,
2573 3352 2790 3408 Satanae
2833 3365 2972 3417 opus
3017 3348 3297 3419 perlicere.
3335 3350 3451 3406 lmo
3496 3359 3553 3407 et

1980 3444 2220 3500 hominis
2254 3445 2486 3499 alteram
2520 3450 2730 3513 partem
2764 3437 2882 3503 Dei,
2912 3438 3141 3494 alteram
3178 3437 3385 3493 diaboli
3427 3454 3552 3496 esse

1978 3534 2330 3590 confirmant.
2363 3532 2502 3587 Nam
2526 3531 2674 3600 quod
2715 3530 2785 3585 ab
2830 3528 3088 3582 umbilico
3124 3541 3344 3583 sursum
3374 3528 3555 3598 porri-

1979 3628 2146 3699 gitur,
2181 3626 2379 3681 divinae
2414 3623 2715 3679 molitionis
2749 3634 2914 3685 esse;
2980 3617 3124 3690 quod
3163 3616 3305 3671 inl'ra
3330 3618 3553 3672 umbili-

1978 3733 2125 3782 cum,
2157 3731 2188 3770 a
2222 3714 2368 3770 mala
2398 3720 2674 3785 potestate
2723 3709 3005 3767 conditum
3053 3715 3324 3765 statuunt.
3373 3707 3455 3763 Ob
3494 3710 3550 3765 id

1978 3806 2256 3876 inquiunt,
2309 3804 2655 3874 voluptatum
2707 3798 3045 3855 titillationes
3098 3813 3290 3854 omnes
3317 3815 3384 3854 ac
3435 3799 3554 3856 libi·

1976 3899 2136 3955 dines
2197 3899 2268 3953 ab
2332 3896 2594 3951 utubilico
2653 3900 2819 3963 atque
2875 3890 3228 3947 inferioribus
3302 3891 3552 3961 partibus

1974 3992 2306 4047 excitzmtur.
2374 3988 2520 4044 ldem
2585 3996 2639 4043 et
2711 3985 2946 4040 aliarum
3000 3981 3286 4038 baereseon
3348 3982 3552 4055 dogma

1975 4081 2097 4136 suit.

2045 4192 2120 4247 Ex
2161 4206 2270 4263 quo
2314 4190 2483 4259 liquet
2514 4187 2651 4242 nibil
2678 4187 2824 4241 bunc
2860 4186 2967 4241 nisi
3001 4186 3286 4256 planorum
3317 4196 3548 4243 &retero-

1971 4301 2094 4342 rum
2124 4282 2410 4338 iubaesisse
2438 4278 2715 4349 vestigiis,
2753 4277 2847 4347 qui
2879 4278 3185 4347 peruiciosa
3217 4292 3283 4332 ac
3331 4276 3548 4335 letifera

1970 4392 2176 4431 venena
2235 4376 2290 4429 in
2335 4376 2615 4430 bominum
2665 4391 2838 4445 genus
2889 4376 3216 4432 effuderunt.
3254 4375 3358 4432 Sed
3397 4378 3549 4434 nullo

1969 4466 2419 4536 plane‘negotim
2467 4480 2566 4521 nec
2599 4481 2833 4536 operoso
2867 4468 3156 4524 admodum
3200 4469 3384 4525 labore
3410 4484 3547 4526 con-

1973 4556 2254 4611 futabitur.
2295 4555 2507 4627 Corpus
2549 4556 2696 4611 enim
2742 4559 3060 4613 uuiversum
3113 4574 3177 4614 ex
3228 4559 3299 4615 iis
3342 4575 3465 4630 quae
3512 4575 3548 4616 a

294 4646 475 4709 καλῶς
500 4647 558 4699 ὲν
587 4647 733 4718 αὐτῷ
755 4649 1036 4717 γεγονόσιν
1066 4649 1132 4701 ἐκ
1162 4650 1319 4716 Θεοῦ,
1346 4652 1490 4721 φημὶ
1512 4651 1569 4706 δὲ
1596 4654 1858 4725 ὀρέξεσιν,
1892 4659 1939 4715 1)
1967 4647 2076 4702 Deo
2106 4656 2254 4703 recte
2298 4646 2561 4703 fabricata
2591 4657 2719 4704 sunt
2738 4686 2755 4712 ‚
2785 4650 2889 4705 boc
2935 4660 3041 4713 est,
3088 4651 3431 4707 naturalibus
3459 4661 3547 4709 est

292 4736 354 4788 οὐ
380 4735 447 4789 δι’
475 4737 707 4790 ἀτοπίαν
744 4740 808 4790 ἐκ
832 4736 969 4792 Θεοῦ
992 4738 1335 4810 γενομέναις,
1366 4740 1502 4795 άλλά
1540 4742 1630 4797 διά
1669 4746 1867 4816 χρῆσιν

294 4826 503 4897 ἀγαθὴν
554 4830 646 4881 καὶ
700 4829 1004 4898 ἀναγκαίας
1051 4831 1241 4902 χρείας
1276 4832 1431 4899 τάξιν
1453 4850 1469 4865 ·
1502 4835 1647 4905 λέγω
1693 4837 1751 4891 δὲ
1805 4838 1869 4891 τὸ

292 4918 581 4987 ὀρέγεσθαι
628 4920 820 4984 ὕπνου,
864 4921 1108 4991 βρωτῶν,
1143 4924 1407 4994 πόματος,
1448 4927 1733 4991 ἐνδύσεως,
1774 4931 1867 4984 καὶ

291 5009 401 5063 τῶν
425 5009 599 5065 ἄλλων
630 5012 845 5066 πάντων
866 5014 970 5066 τῶν
994 5015 1072 5077 είς
1104 5014 1173 5067 τά
1196 5016 1304 5071 [δια
1335 5018 1431 5070 καὶ
1451 5011 1570 5091 Θεῷ
1598 5022 1867 5092 εὐάρεστα

292 5097 424 5167 ἡμῖν
446 5099 840 5169 συμὸαίνοντα·
868 5101 944 5165 ὡς
968 5104 1061 5156 καὶ
1087 5104 1256 5175 αὐτὴν
1280 5106 1378 5178 τὴν
1404 5108 1582 5180 ὄρεξιν
1606 5112 1705 5182 τῆς
1726 5113 1866 5168 κατὰ

292 5187 351 5238 τὸ
405 5187 567 5259 σῶμα
621 5189 916 5260 ἐπιθυμίας
956 5192 1058 5246 οὐκ
1115 5193 1314 5249 ἄτοπον
1353 5192 1520 5251 οὖσαν
1581 5203 1864 5274 παραστή-

292 5278 443 5348 σαιμ*
481 5280 568 5333 ἄν.
605 5280 761 5333 Ἔστι
790 5279 900 5351 γάρ
930 5281 1066 5353 πρὸς
1093 5283 1436 5338 παιδοποιίαν
1473 5287 1533 5339 ἐν
1571 5287 1862 5359 σεμνότητι

292 5366 523 5429 δοθεῖσα,
553 5372 648 5424 καὶ
693 5372 772 5434 είς
820 5370 978 5437 δόξαν
1010 5371 1104 5425 τοῦ
1154 5376 1477 5445 ποιήσαντος
1527 5377 1596 5430 τὰ
1655 5379 1860 5445 πάντα,

292 5454 544 5527 καθάπερ
575 5461 640 5530 τῇ
675 5462 744 5530 γῇ
772 5458 840 5513 τά
886 5460 1177 5531 σπέρματα
1205 5464 1284 5523 είς
1328 5462 1580 5533 ἐπίχυσιν
1616 5465 1861 5537 πλήθους

288 5547 398 5599 τῶν
443 5547 548 5601 ὑπὸ
593 5548 728 5604 Θεοῦ
773 5551 1104 5622 ἐκτισμένων
1159 5551 1339 5607 καλῶν
1392 5554 1747 5626 γεννημάτων
1799 5558 1859 5613 τί

288 5653 432 5706 φημι
481 5639 573 5691 καὶ
617 5640 951 5712 ἀκροδρύων.
986 5640 1173 5704 Οὕτως
1220 5641 1315 5696 καὶ
1358 5644 1425 5713 τῇ
1480 5643 1856 5718 άνθρωπότητι

360 5836 374 5867 ¹
411 5834 536 5891 For.
587 5837 852 5895 Ἀπελλεῖ.

1972 4737 2400 4808 appetitionibus
2436 4738 2728 4795 conflatum
2762 4759 2778 4796 ι
2810 4755 2950 4812 quas
2981 4757 3089 4796 non
3116 4742 3415 4799 absurdum
3445 4745 3548 4800 ali·

1970 4845 2131 4899 quem
2170 4827 2239 4884 ad
2265 4845 2447 4897 usum,
2471 4830 2568 4887 sed
2590 4831 2879 4887 honestum
2908 4845 2974 4886 ac
3000 4833 3372 4888 necessarium
3402 4833 3548 4891 Deus

1969 4917 2169 4973 indidit
2188 4959 2203 4977 .
2239 4920 2498 4975 nimirum
2532 4928 2592 4974 ut
2617 4931 2686 4985 ct
2715 4936 2968 4976 somnum
3005 4932 3356 4993 appetamus,
3385 4930 3440 4979 et
3465 4926 3546 4981 ci·

1969 5009 2099 5065 bum
2118 5052 2133 5077 ,
2167 5028 2229 5066 ac
2255 5022 2439 5082 potum
2459 5053 2474 5075 ‚
2505 5014 2794 5077 vestitum,
2821 5029 2885 5069 ac
2907 5022 3134 5071 caeteras
3161 5016 3546 5085 opportunita-

1973 5113 2077 5168 tes.
2095 5121 2217 5174 quat
2234 5105 2450 5175 quidem
2468 5104 2579 5161 Deo
2601 5107 2742 5161 baud
2762 5106 2988 5177 ingrata!
3008 5107 3165 5163 nobis
3185 5109 3540 5176 usuveniunt,

1973 5192 2111 5248 adeo
2141 5200 2201 5247 ut
2226 5194 2309 5249 vcl
2343 5194 2515 5263 ipsam
2544 5209 2576 5247 a
2610 5196 2825 5251 ratione
2855 5195 3080 5251 minime
3121 5196 3420 5255 abliorrere
3450 5215 3545 5255 re·

1972 5284 2119 5339 neris
2150 5285 2502 5355 cupiditatem
2532 5284 2907 5343 demonstrare
2941 5287 3122 5342 liceat.
3157 5287 3252 5342 Est
3295 5290 3440 5344 enim
3473 5290 3540 5345 ad

1965 5375 2256 5432 honestam
2303 5380 2510 5435 sobolis
2562 5379 3013 5451 propagationem
3058 5386 3112 5435 et
3134 5379 3203 5433 ad
3230 5380 3545 5439 conditoris

1965 5469 2210 5523 omniunt
2258 5469 2427 5527 decus
2454 5480 2507 5527 et
2548 5472 2809 5527 bonorem
2848 5486 3114 5528 concessa
3140 5513 3156 5540 ‚
3186 5474 3542 5544 quemadmo-

1965 5557 2095 5612 dum
2127 5559 2333 5615 semina
2362 5561 2430 5616 ad
2467 5577 2655 5616 eorum
2687 5562 2954 5617 bonorum
2981 5576 3108 5632 quae
3135 5562 3280 5621 Deus
3304 5565 3538 5627 creavit,

1964 5654 2266 5722 germinum
2304 5653 2558 5710 videlicet
2591 5669 2655 5709 ae
2698 5653 2972 5710 fructuum
3002 5657 3304 5713 ubertatem
3355 5668 3420 5711 ac
3448 5668 3544 5709 co-
