3850 6517
301 477 397 534 ΘΜ

919 476 1278 536 ADVERSUS
1324 479 1664 537 natm-:stis
1697 484 1825 539 ΗΒ.
1866 489 1909 539 Ι.
1952 484 2116 539 Tun.
2158 486 2240 539 m.
2287 517 2351 525 —
2385 483 2657 539 natans.
2689 482 2926 538 xxxiv.

3457 481 3564 540 6⁰2

300 595 461 650 δυάδα
484 592 759 665 σημαίνει,
790 592 931 661 ἣτις.
958 590 1037 661 τῷ
1064 592 1194 645 δέκα
1221 595 1600 663 συμπλακεῖσα
1633 598 1766 668 (25),
1792 600 1883 651 etv
1913 610 1956 661 Α
1987 619 2107 672 quae
2137 619 2260 657 cum
2301 603 2488 657 decem
2521 602 2819 671 cunjuncta
2852 600 3036 656 Jesum
3079 599 3307 671 peperit.
3357 599 3564 657 Dicitur

313 682 519 755 Ἰησοῦν
549 684 851 753 άπεκύησε.
883 682 1115 750 Λέγεται
1159 683 1237 748 δὲ,
1269 685 1423 754 φησι,
1457 688 1552 738 καὶ
1589 687 1708 751 Υἱὸς
1753 689 1879 757 Χρι·

302 776 446 839 στος,
480 774 757 827 τουτέστιν
788 775 821 843 ἠ
873 773 1108 834 δωδεκάς
1132 774 1263 843 (26).
1293 775 1365 827 Τὸ
1409 776 1517 847 γάρ
1552 778 1666 840 οἰὸς
1712 779 1881 849 ὄνομα

300 867 645 937 γραμμάτων
666 864 781 918 ἐστὶ
810 864 1090 934 τεσσάρων
1110 882 1124 895 ·
1154 865 1216 919 τὸ
1241 866 1297 919 δέ
1319 867 1552 937 Χριστὸς
1576 868 1718 921 ὀκτὼ
1745 870 1876 941 (27),

301 958 457 1010 ἆτινα
496 955 819 1009 συντεθέντα
856 954 917 1007 τὸ
946 955 1044 1025 τῆς
1075 956 1371 1021 δωδεκάδος
1400 958 1678 1025 ἐπέδειξαν
1715 961 1878 1031 μέγε-

302 1046 410 1108 θος.
446 1046 581 1115 Πρὶν
608 1045 705 1115 μὲν
733 1041 847 1105 οὖν,
880 1044 1033 1113 φησι,
1063 1043 1253 1098 τούτου
1278 1046 1367 1099 τοῦ
1398 1047 1659 1117 ὀνόματος
1681 1049 1740 1102 τὸ
1769 1050 1883 1102 ἐπί·

304 1150 475 1203 σημον
507 1133 761 1203 φανῆναι,
805 1131 1053 1186 τουτέστι
1091 1132 1183 1185 τὸν
1222 1134 1449 1205 Ἰησοῦν,
1484 1140 1596 1199 τοῖς
1626 1138 1781 1201 υἱοῖς,
1824 1140 1880 1191 ἐν

304 1226 497 1295 ἀγνοίᾳ
544 1224 713 1296 πολλῇ
746 1225 993 1295 ὑπῆρχον
1016 1225 1068 1277 οἱ
1105 1224 1381 1296 ἄνθρωποι
1420 1228 1513 1280 καὶ
1553 1228 1729 1300 πλάνῃ
1751 1247 1764 1259 ·
1791 1230 1880 1283 ὅτε

304 1316 359 1368 δὲ
389 1315 703 1387 ἐφανερώθη
733 1315 794 1369 τὸ
819 1315 1244 1388 ἐξαγράμματον
1272 1317 1462 1387 ὄνομα.
1494 1320 1552 1383 ὃς
1581 1321 1758 1391 σάρκα
1786 1338 1883 1376 πε-

309 1405 636 1474 ριεόάλλετο,
668 1406 755 1459 ἴνα
787 1407 866 1471 είς
896 1406 993 1477 τὴν
1028 1405 1277 1477 αἴσθησιν
1308 1409 1403 1463 τοῦ
1426 1409 1713 1483 άνθρώπου
1752 1430 1883 1466 κατ·

304 1496 453 1569 έλθῃ,
488 1496 625 1566 ἔχων
654 1499 711 1550 ἐν
748 1496 926 1567 ἐαυτῷ
959 1496 1097 1551 αὐτὰ
1127 1496 1197 1550 τὰ
1248 1498 1306 1564 ἓξ
1341 1500 1434 1553 καὶ
1478 1501 1547 1554 τὰ
1580 1502 1879 1555 είκοσιτέσ-

306 1602 481 1658 σαρα·
514 1589 635 1642 τότε
682 1589 898 1657 γνόντες
942 1590 1104 1644 αὐτὸν
1146 1591 1455 1645 ἐπαύσαντο
1499 1594 1597 1663 τῆς
1638 1594 1878 1663 ἀγνοίας.

317 1680 413 1732 Ἐκ
440 1678 666 1732 Θανάτου
706 1679 763 1731 δέ
792 1681 873 1743 είς
902 1678 1047 1751 ζωὴν
1080 1680 1328 1752 ἀνῆλθον,
1362 1682 1458 1735 τοῦ
1498 1682 1759 1754 ὀνόματος
1784 1685 1881 1737 αὑ-

304 1774 416 1833 τοῖς
460 1769 579 1823 όδοῦ
622 1772 636 1801 ¹
663 1771 1017 1841 γεννηθέντος
1067 1773 1202 1844 πρὸς
1241 1774 1332 1829 τὸν
1367 1776 1587 1847 Πατέρα
1623 1775 1881 1846 τῆςάλη·

304 1859 471 1923 θείας.
504 1860 862 1932 Τεθεληκέναι
905 1862 1015 1934 γάρ
1041 1863 1131 1916 τὸν
1169 1866 1390 1938 Πατέρα
1423 1865 1532 1919 τῶν
1567 1866 1702 1920 ὅλων
1724 1866 1881 1920 λῦσαι

300 1952 398 2023 τὴν
429 1952 670 2021 ἄγνοιαν,
705 1955 797 2007 καὶ
829 1954 1077 2009 καθελεῖν
1120 1957 1212 2010 τὸν
1252 1957 1503 2013 θάνατον.
1552 1959 1795 2027 ’Δγνοίας
1824 1958 1880 2012 δὲ
1915 1947 1955 1999 Β

301 2044 454 2108 λύσις
507 2046 541 2114 η
580 2046 873 2114 ἐπίγνωσις
926 2045 1093 2100 αὑτοῦ
1148 2048 1376 2117 ἐγίνετο.
1431 2050 1538 2102 Καὶ
1581 2048 1671 2101 διὰ
1726 2048 1883 2103 τοῦτο

300 2134 617 2206 ἐκλεχθῆναι
664 2137 755 2189 τὸν
791 2136 933 2190 κατὰ
975 2136 1036 2190 τὸ
1075 2136 1290 2207 θέλημα
1333 2136 1497 2191 αὑτοῦ
1545 2137 1666 2190 κατ’
1697 2138 1881 2191 εἰκόνα

299 2228 398 2296 τῆς
427 2229 538 2281 άνω
568 2228 853 2300 δυνάμεως
885 2228 1309 2299 οἰκονομηθέντα
1347 2228 1655 2301 ἄνθρωπον.

374 2318 429 2372 1'.
482 2320 612 2372 Ἀπὸ
633 2320 901 2390 Τετράδος
927 2319 1035 2390 γάρ
1062 2319 1330 2391 προῆλθον
1349 2321 1399 2373 οί
1422 2320 1648 2383 Αἰῶνες.
1679 2317 1791 2375 Ἦν
1822 2320 1881 2374 δέ

302 2412 364 2461 ἐν
393 2411 459 2477 τῇ
481 2409 711 2477 Τετράδι
744 2410 1063 2479 ’Ἀνθρωπος
1103 2413 1195 2465 καί
1239 2413 1557 2484 Ἐκκλησία,
1588 2413 1761 2481 Λόγος
1788 2413 1881 2466 καὶ

307 2500 450 2567 Ζωή.
496 2499 626 2551 Ἀπὸ
667 2498 869 2552 τούτων
905 2498 997 2555 οὖν
1048 2502 1324 2573 δυνάμεις,
1368 2505 1553 2574 φησιν,
1588 2506 1879 2577 άπορρυεῖ·

307 2605 420 2650 σαι.
452 2589 939 2660 ἐγενεσιούργησαν
984 2591 1077 2643 τὸν
1112 2594 1204 2644 ἐπὶ
1238 2593 1344 2663 γῆς
1380 2595 1613 2663 φανέντα
1649 2595 1876 2666 Ἰησοῦν.

305 2681 414 2733 Καὶ
438 2680 532 2733 τοῦ
556 2682 653 2751 μὲν
675 2681 848 2751 Λόγου
878 2682 1091 2753 άναπλη
1101 2682 1332 2752 ρωκέναι
1352 2684 1445 2735 τὸν
1473 2684 1632 2737 τόπον
1653 2684 1880 2753 ἄγγελον

302 2770 561 2843 Γαόριὴλ,
594 2775 691 2844 τῆς
718 2773 773 2826 δὲ
807 2773 961 2845 Ζωῆς
983 2773 1043 2827 τὸ
1071 2775 1226 2842 ἅγιον
1256 2773 1481 2845 Πνεῦμα
1505 2792 1519 2806 ·
1547 2774 1637 2827 τοῦ
1668 2776 1723 2827 δὲ
1760 2776 1879 2828 'Av-

300 2862 518 2934 θρώπου
544 2864 642 2936 τὴν
673 2863 903 2936 δύναμιν
934 2863 1027 2918 τοῦ
1052 2864 1185 2921 Υῖοῦ
1216 2867 1259 2929 ¹,
1301 2864 1394 2929 τὸν
1422 2866 1479 2919 δὲ
1508 2866 1607 2937 τῆς
1658 2865 1881 2938 Ἐκκλη·

301 2955 422 3016 σίας
467 2954 631 3007 τόπον
677 2955 714 3026 ἡ
757 2954 1031 3026 Παρθένος
1073 2955 1365 3021 ἐπέδειξεν.
1417 2954 1571 3010 Οὕτω
1600 2972 1657 3008 τε
1692 2958 1721 3008 ό
1760 2957 1880 3009 κατ’

296 3044 610 3115 οἰκονομίαν
656 3043 747 3098 διὰ
801 3044 904 3115 τῆς
953 3046 1171 3117 Μαρίας
1231 3049 1694 3121 γενεσιουργεῖται
1747 3046 1879 3118 παρ’

295 3135 446 3207 αὐτῷ
476 3135 780 3209 ἄνθρωπος,
806 3137 865 3191 δν
897 3140 925 3191 ὁ
954 3138 1145 3209 Πατὴρ
1178 3137 1287 3192 τῶν
1310 3138 1446 3192 ὅλων
1481 3138 1756 3193 διελθόντα
1790 3139 1878 3193 διά

1981 713 2197 766 qunque
2235 697 2362 759 Υἱὸς
2386 694 2636 765 Χριστός,
2671 694 2842 754 aiunt.
2879 695 2981 748 ltoc
3023 702 3106 749 εει
3136 691 3391 748 dodecas.
3428 692 3560 747 Natu

1988 785 2112 847 Υἱὸς
2145 784 2356 837 litteras
2407 783 2568 837 babet
2601 798 2673 844 tv,
2704 782 2959 837 Christus
2981 790 3106 836 octo
3135 800 3149 836 ι
3182 797 3304 852 quae
3333 782 3562 836 collecta

1986 874 2279 931 dodecadis
2326 874 2553 929 effecere
2612 871 3059 943 magnitudinem.
3103 872 3210 927 Sed
3263 884 3560 940 antequam

1984 967 2228 1021 nominis
2264 966 2429 1034 bnjns
2459 964 2789 1034 episc-mum,
2826 963 2928 1019 boc
2965 972 3049 1018 est
3088 962 3278 1029 lesus,
3314 964 3439 1019 liliis
3477 978 3565 1033 ap-

1985 1069 2222 1131 pareret,
2262 1059 2316 1113 in
2357 1072 2570 1113 summa
2613 1057 2862 1113 homines
2914 1055 3247 1127 ignorantia.
3290 1067 3344 1110 et
3375 1070 3565 1111 errore

1982 1151 2180 1206 versati
2215 1158 2363 1203 sunt.
2407 1148 2768 1219 Posteaquam
2807 1162 2936 1202 vero
2977 1162 3073 1202 sex
3119 1147 3422 1201 litterarum
3463 1162 3565 1199 uo·

1981 1257 2106 1296 men
2138 1249 2222 1295 est
2253 1238 2607 1309 patefactum,
2651 1238 2795 1308 quod
2839 1237 2962 1292 ideo
2997 1253 3218 1293 carnem
3266 1235 3465 1301 induit,
3503 1247 3562 1289 ut

1983 1350 2076 1389 sex
2120 1333 2267 1403 ipsas
2304 1341 2356 1387 et
2395 1348 2522 1386 xxiv
2547 1333 2754 1386 litteras
2780 1330 3248 1401 comprehendens
3271 1328 3337 1384 ad
3369 1344 3566 1385 sensus

1980 1422 2262 1476 bominum
2301 1436 2422 1476 sese
2453 1421 2788 1485 demittet-ct;
2829 1428 2943 1473 tum
2993 1420 3212 1474 demum
3247 1434 3313 1474 eo
3345 1418 3567 1490 cognito

1982 1512 2052 1565 ab
2101 1527 2290 1566 errore
2340 1511 2688 1572 destiterunt,
2736 1519 2790 1564 et
2838 1510 2903 1564 azl
2943 1509 3111 1564 vitam
3153 1516 3498 1565 emet-serunt
3534 1522 3564 1560 a

1983 1608 2158 1656 morte
2199 1621 2212 1655 :
2257 1617 2381 1657 cum
2428 1601 2494 1654 ad
2546 1601 2794 1657 vet-itatis
2840 1610 3045 1671 patrem
3091 1601 3337 1655 ductoris
3393 1599 3568 1654 instar

1984 1693 2118 1763 ipsis
2174 1709 2370 1747 nomen
2422 1694 2551 1747 illud
2598 1694 2919 1752 exstitisset.
2972 1693 3253 1749 placuisse
3294 1690 3565 1760 siquidem

1983 1788 2225 1843 omnium
2280 1787 2498 1843 Parenti
2547 1802 2605 1843 ut
2653 1791 3017 1859 ignorantiam
3057 1789 3377 1850 discuteret,
3419 1801 3567 1840 mor·

1987 1891 2204 1950 temque
2242 1882 2474 1935 tolleret.
2523 1880 2846 1952 ignorantiae
2884 1898 3047 1952 porro
3075 1881 3352 1937 discussio
3393 1878 3566 1949 ipsius

1983 1969 2223 2040 cognitio
2255 1970 2376 2023 suit.
2407 1969 2753 2040 Proindeqne
2780 1972 3026 2027 delectus
3057 1976 3102 2026 is
3136 1978 3221 2025 εει
3253 1970 3438 2032 homo,
3471 1968 3566 2038 qui

1983 2058 2052 2113 de
2101 2059 2250 2114 illius
2288 2062 2568 2114 volttntate
2605 2062 2670 2115 ad
2720 2063 2960 2118 coelcstis
3011 2061 3245 2117 Virtutis
3288 2060 3569 2130 exemplar

1982 2151 2247 2220 singulari
2271 2158 2356 2205 est
2386 2153 2728 2221 providentia
2753 2154 3110 2210 constitutus.

2052 2336 2121 2391 X.
2153 2334 2287 2390 Nam
2327 2332 2535 2389 AEones
2572 2350 2602 2387 a
2641 2332 2877 2390 Tetrade
2909 2333 3136 2401 profecti
3172 2341 3322 2387 sunt.
3365 2329 3423 2385 ln
3459 2346 3567 2402 qua

1984 2429 2077 2486 isti
2129 2429 2514 2484 censebantur.
2571 2425 2744 2481 Homo
2802 2435 2855 2481 et
2911 2425 3177 2485 Ecclesia.
3230 2421 3468 2478 Verbum
3508 2432 3566 2479 et

1984 2521 2129 2576 Vita.
2182 2523 2263 2574 Ab
2311 2520 2382 2575 iis
2430 2518 2763 2590 profluentes
2801 2516 3050 2584 qua-«lam
3100 2517 3331 2571 virtutes
3376 2512 3565 2570 «lesum

1982 2616 2134 2669 illum
2169 2619 2548 2682 procrearunt,
2585 2611 2677 2680 qui
2710 2611 2767 2665 in
2799 2609 2960 2664 tert-is
2999 2609 3272 2679 apparuit.
3296 2605 3565 2660 Caeterum

1982 2708 2039 2761 in
2078 2702 2242 2758 Verbi
2295 2703 2498 2765 locum,
2546 2700 2797 2771 angelum
2842 2697 3150 2753 Gabrielem
3185 2714 3199 2763 ;
3229 2695 3367 2751 Vita·
3413 2711 3566 2760 vero,

1984 2784 2250 2867 Spiritum
2287 2800 2535 2847 sanctum
2566 2806 2690 2846 esse
2719 2790 3070 2845 substitutum
3101 2796 3390 2852 asserunt;
3422 2786 3568 2842 sicut

1982 2886 2231 2941 Hominis
2275 2881 2439 2955 245
2489 2890 2672 2952 partes
2724 2879 2979 2935 altissimi
3037 2877 3249 2941 Virtus,
3311 2878 3570 2933 Ecclesrae

1981 2991 2110 3032 vero
2137 2974 2303 3043 Virgo
2341 2971 2627 3027 sustinuit.
2670 2969 2762 3024 Sic
2801 2970 2892 3025 ille
2928 2969 3191 3041 peculiari
3229 2968 3570 3039 providentia

1980 3067 2162 3123 editus
2187 3066 2255 3120 cle
2286 3064 2454 3119 Maria
2489 3070 2651 3118 natus
2676 3069 2763 3118 est
2787 3060 2960 3117 llomo
2987 3081 3001 3116 ι
3032 3076 3194 3134 quem
3227 3077 3322 3131 per
3347 3069 3566 3115 uterum

1980 3171 2263 3227 egressum
2298 3154 2382 3210 sui
2417 3153 2485 3209 ad
2518 3154 2889 3225 cognitionem
2923 3170 3020 3225 per
3054 3151 3293 3210 Verbum
3324 3154 3570 3209 omnium

297 3230 511 3302 μήῗῡας
547 3230 828 3300 &distr-'0
869 3231 960 3287 ⁶²&
1001 3231 1177 3301 M‘sw
1212 3235 1295 3296 εἰς
1345 3234 1641 3304 ὲπῖἵνωσῑν
1689 3234 1877 3291 αὐτοῦ·
1907 3279 1950 3335 C
1985 3245 2193 3303 Parens
2218 3247 2400 3317 elegit.
2432 3244 2679 3317 Cumque
2709 3247 2777 3299 ad
2808 3260 3005 3315 aquam
3046 3243 3351 3301 abluendus
3383 3246 3569 3301 venis·

309 3321 582 3387 Ἐλθόντος
606 3322 663 3377 δὲ
696 3322 866 3378 αὐτοῦ
906 3326 987 3388 είς
1015 3324 1075 3377 τὸ
1105 3322 1269 3395 ὕδωρ,
1295 3324 1575 3380 κατελθεῖν
1608 3328 1688 3391 εἰς
1718 3326 1881 3381 αὐτὸν

298 3413 375 3477 ὡς
416 3415 740 3485 περιστερὰν
780 3415 872 3469 τὸν
924 3415 1309 3487 ἀναδραμόντα
1342 3416 1474 3480 ἄνω,
1528 3418 1619 3471 καὶ
1667 3416 1883 3490 πληρώ-

299 3519 470 3560 σαντα
515 3503 609 3559 τὸν
660 3504 958 3560 δωδέκατον
1015 3507 1248 3581 ἀριθμόν
1268 3525 1281 3539 ·
1331 3509 1388 3560 ἐν
1440 3502 1484 3576 ᾧ
1528 3509 1762 3581 ὑπάρχει
1817 3508 1881 3563 τὸ

297 3596 515 3669 σπέρμα
540 3596 743 3653 τούτων
773 3598 882 3653 τῶν
912 3601 1303 3673 συσπαρέντων
1332 3600 1501 3671 αὐτῷ,
1531 3602 1626 3655 καὶ
1673 3618 1880 3671 συγκα·

292 3688 591 3754 ταόάντων,
626 3693 721 3747 καὶ
743 3692 1186 3750 συναναῆάντων.
1215 3691 1397 3762 Αὐτὴν
1430 3692 1487 3745 δὲ
1524 3691 1622 3763 τὴν
1651 3691 1880 3764 δύναμιν

293 3782 661 3838 κατελθοῦσαν
691 3783 916 3854 σπέρμα
937 3782 1102 3852 φησιν
1124 3777 1265 3833 εἶναι
1284 3782 1379 3833 τοῦ
1417 3782 1650 3851 Πατρος,
1678 3782 1800 3852 ἔχον
1823 3785 1880 3837 ἐν

293 3873 474 3943 ἑαυτῷ
501 3876 594 3925 καὶ
625 3874 713 3925 τὸν
747 3874 970 3942 Πατέρα
1011 3871 1106 3924 καὶ
1133 3871 1223 3924 τὸν
1252 3870 1402 3933 mv,
1434 3873 1533 3943 τήν
1560 3889 1619 3925 τε
1645 3872 1731 3928 διὰ
1755 3873 1879 3928 τοῦ-

294 3983 403 4019 των
446 3964 852 4035 γινωσκομένην
899 3962 1267 4034 άνονόμαστον
1312 3962 1542 4035 δύναμιν
1567 3964 1669 4037 τῆς
1709 3966 1879 4037 Σιγῆς

298 4056 394 4107 καὶ
420 4055 544 4116 τοὺς
574 4053 816 4117 ἅπαντας
852 4052 1083 4116 Αιῶνας.
1106 4054 1215 4107 Καὶ
1233 4052 1377 4107 τοῦτ’
1410 4050 1631 4109 εἶναιτὸ
1655 4056 1877 4129 Πνεῦμα

296 4146 359 4202 το
388 4143 627 4213 λαλῆσαν
656 4143 741 4197 διὰ
789 4143 883 4198 τοῦ
929 4144 1104 4215 Ἰησοῦ
1136 4145 1177 4208 ⁸,
1210 4144 1272 4198 τὸ
1300 4145 1643 4217 ὁμολογῆσαν
1685 4148 1877 4203 ἑαυτὸν

296 4235 426 4290 ’rib-a
457 4233 764 4307 ἀνθρώπου,
803 4235 898 4289 καὶ
928 4234 1315 4307 φανερώσαντα
1348 4233 1450 4289 τὸν
1461 4237 1702 4307 Πατέρα,
1742 4254 1875 4293 κατ·

292 4330 448 4385 ελθδν
504 4331 603 4402 μὲν
644 4332 723 4394 εἰς
760 4329 851 4383 τὸν
927 4329 1153 4401 Ἰησοῦν,
1185 4329 1425 4401 ἡνῶσθαι
1468 4330 1514 4384 δ’
1544 4329 1713 4401 αὐτῷ.
1765 4330 1877 4384 Καὶ

292 4423 510 4480 καθεῖλε
548 4422 646 4493 μὲν
666 4422 758 4475 τὸν
792 4422 1041 4487 θάνατον,
1076 4423 1262 4493 φησιν,
1290 4422 1319 4475 ό
1348 4424 1412 4476 ἐκ
1437 4421 1539 4493 τῆς
1564 4419 1877 4490 οἰκονομίας

292 4516 508 4587 Σωτὴρ,
546 4512 807 4587 ἐγνώρισε
840 4514 897 4567 δέ
929 4513 1022 4567 τὸν
1051 4514 1273 4586 Πατέρα
1312 4513 1570 4584 Χριστόν.
1603 4508 1757 4566 Εἶναι
1781 4507 1877 4566 οὗν

1989 3348 2093 3407 εει,
2116 3340 2169 3394 in
2193 3355 2318 3395 eum
2346 3338 2616 3393 columbae
2640 3337 2995 3394 descendisse
3009 3338 3193 3408 specie
3216 3337 3365 3391 illum
3388 3338 3569 3408 ipsum

1988 3438 2251 3495 narrant,
2299 3429 2391 3501 qui
2434 3444 2654 3485 sursum
2701 3444 2991 3485 recurrens
3031 3427 3427 3483 duodenarium
3464 3443 3567 3482 nu-

1987 3537 2196 3577 merum
2243 3520 2516 3591 implevit;
2565 3520 2620 3575 in
2665 3535 2777 3591 quo
2813 3535 2998 3577 semen
3036 3517 3178 3573 inest
3203 3534 3414 3580 eorum.
3447 3532 3570 3587 quae

1986 3626 2111 3666 cum
2152 3610 2246 3664 illo
2275 3617 2393 3665 sata
2426 3610 2632 3679 pariter
2658 3616 2713 3663 et
2750 3605 3156 3664 descenderunt
3200 3613 3256 3661 et
3301 3603 3566 3660 ascende-

1987 3709 2131 3756 runt.
2163 3698 2339 3770 lpsam
2374 3713 2503 3754 vero
2535 3697 2811 3767 delapsam
2842 3712 2873 3752 e
2901 3696 3043 3750 coelo
3067 3693 3332 3749 Virtutem
3379 3708 3566 3749 semen

1984 3789 2168 3845 Patris
2197 3788 2386 3844 delinit
2419 3802 2564 3848 esse.
2597 3786 2744 3858 quod
2778 3786 2834 3840 in
2874 3800 2934 3840 se
2962 3782 3177 3840 Patrem
3228 3796 3294 3835 ac
3337 3780 3565 3847 Filium,

1983 3896 2216 3953 eamque
2269 3879 2424 3951 Siges
2481 3878 2755 3935 Virtutem
2776 3918 2794 3940 .
2847 3894 2971 3949 qnae
3024 3890 3121 3947 per
3173 3875 3296 3930 illos
3348 3874 3565 3944 cognita

1984 3973 2209 4027 nomine
2243 3980 2392 4026 caret
2425 3971 2597 4032 omni.
2633 3985 2697 4024 ac
2736 3970 2977 4040 reliquos
3011 3965 3218 4022 AEoncs
3245 3964 3567 4036 complecti·

1983 4068 2094 4115 tur.
2116 4058 2383 4131 lluncque
2407 4058 2671 4129 Spiritum
2696 4073 2821 4114 esse
2851 4063 3127 4122 sanctum,
3143 4055 3235 4126 qui
3257 4069 3352 4125 per
3378 4052 3564 4109 «lesum

1984 4151 2223 4215 locutus,
2255 4166 2378 4206 cum
2403 4166 2578 4222 eoque
2604 4150 2937 4219 conjunctus
2968 4155 3074 4204 est.
3109 4144 3227 4202 lam
3261 4160 3392 4201 vero
3418 4159 3569 4202 mor-

1983 4250 2116 4308 tem,
2142 4244 2339 4314 inquit,
2369 4244 2621 4298 Salvator
2644 4256 2710 4297 ex
2747 4242 2838 4296 illa
2873 4239 3214 4312 providentia
3247 4248 3411 4293 natus
3445 4252 3568 4293 sns-

1982 4336 2143 4401 tulit,
2191 4335 2582 4406 Christumque
2632 4331 2850 4388 Patrem
2912 4331 3225 4386 hominibus
3288 4328 3562 4400 patefecit.

1979 4427 2164 4485 lesum
2217 4428 2400 4498 itaque
2449 4442 2649 4485 nomeu
2697 4424 2819 4495 ejus
2842 4440 2968 4480 esse
3007 4423 3285 4495 proprium
3329 4420 3568 4477 bominis

1981 4518 2197 4581 statuit.
2236 4531 2398 4586 quem
2436 4515 2733 4586 singularis
2775 4515 2870 4569 illa
2917 4514 3256 4587 providentia
3289 4512 3564 4576 submisit,

291 4608 384 4662 τὸν
420 4606 628 4677 Ἰησοῦν
652 4606 823 4676 ὄνομα
853 4605 953 4677 μὲν
981 4604 1074 4659 τοῦ
1102 4608 1166 4659 ἐκ
1194 4606 1295 4676 τῆς
1317 4603 1630 4676 οἰκονομίας
1662 4602 1876 4676 ἀνθρώ·
1906 4631 1953 4687 1)
1981 4603 2076 4661 sed
2106 4606 2174 4659 ad
2203 4604 2429 4659 alterius
2448 4604 2858 4659 similitudinem
2875 4618 2940 4658 ac
2955 4601 3442 4671 configurationem
3467 4603 3568 4655 im·

293 4717 395 4757 που
418 4697 586 4767 λέγει,
614 4696 884 4751 τεθεῖσθαι
911 4696 968 4749 δὲ
1001 4698 1081 4760 εις
1106 4696 1444 4769 ἐξομοίωσιν.
1470 4696 1563 4748 καὶ
1595 4694 1877 4768 μόρφωσιν

291 4790 386 4846 τοῦ
414 4788 699 4861 μέλλοντος
725 4790 806 4853 εις
831 4788 991 4842 αὐτὸν
1020 4787 1381 4859 κατέρχεσθαι
1425 4786 1763 4860 ’Δνθρώπου,
1783 4788 1875 4843 τὸν

290 4881 618 4959 χωρήσαντα
647 4880 829 4935 αὐτόν.
875 4879 1198 4951 Ἐσχηκέναι
1233 4879 1291 4933 δὲ
1326 4879 1491 4933 αὐτόν
1521 4880 1543 4911 ⁸
1563 4896 1624 4933 τε
1662 4879 1755 4933 τὸν
1782 4879 1868 4933 ἄν·

1982 4700 2219 4771 positum
2249 4713 2391 4760 esse.
2414 4697 2508 4769 qui
2535 4696 2589 4751 in
2619 4697 2799 4767 ipsum
2824 4705 2945 4753 erat
2965 4693 3260 4767 aliquando
3284 4695 3561 4764 lapsurus.

1982 4791 2154 4859 Quem
2185 4807 2310 4848 cum
2341 4790 2680 4862 excepisset,
2722 4803 2829 4844 una
2861 4797 2918 4843 et
2951 4786 3229 4842 hominem
3263 4786 3441 4856 ipsum
3464 4824 3479 4846 ,
3510 4790 3566 4838 rt

1988 4877 2249 4941 Verbum.
2276 4895 2341 4934 ac
2369 4876 2608 4945 Patrem,
2638 4884 2692 4933 et
2717 4877 3031 4942 Arrhetum‚
3057 4889 3123 4930 ac
3151 4875 3335 4947 Sigen,
3361 4873 3546 4930 verita

363 5038 379 5067 ¹
414 5034 554 5090 lren.
587 5033 806 5104 ὁδηγοῦ.
882 5035 903 5065 ¹
929 5032 1071 5090 tren.
1112 5033 1390 5105 Ὑψίστου.
1466 5034 1487 5066 ⁸
1521 5050 1613 5101 γρ.
1640 5031 1737 5087 τοῦ
1775 5032 2045 5105 στόματος
2069 5035 2166 5089 τοῦ
2201 5032 2398 5107 Ἰησοῦ.
2483 5035 2508 5067 ⁸
2537 5033 2679 5090 lren.
2709 5034 2771 5089 ὃν
2787 5035 3116 5107 χωρήσαντα
3141 5032 3304 5088 αὑτὸν
3335 5029 3553 5102 ἐσχηκέ-

292 5124 381 5161 ναι
409 5104 571 5159 αὐτόν
600 5120 664 5157 τε
693 5120 747 5156 τ.

364 5222 480 5293 (Ξί5)
519 5221 681 5286 'Hm-
720 5216 802 5283 τῷ
849 5215 997 5271 δέκα
1066 5216 1514 5285 συμπλακεῒσα.
1578 5213 1872 5282 Pet-peram

291 5295 384 5349 liic
424 5291 527 5359 legi
557 5289 649 5343 τὸν
687 5286 892 5359 Ἰησοῦν
934 5286 1247 5355 άπεκύησε,
1285 5284 1474 5340 Billius
1520 5285 1746 5340 adnotat
1773 5304 1789 5342 ι
1816 5294 1872 5341 ει

1991 5215 2202 5288 Ἰησοῦς
2227 5216 2728 5286 comprehenditur.
2782 5218 2964 5284 Quare
3000 5216 3144 5271 idem
3168 5223 3252 5270 est
3281 5216 3561 5289 άπεκὺηστ.

1975 5286 2068 5340 τὸν
2102 5287 2336 5358 Ἰησοῦν,
2385 5294 2548 5357 atque
2577 5286 2856 5357 ἀπεκύησε
2900 5284 2994 5340 τὸν
3041 5286 3124 5349 Η,
3165 5286 3244 5348 Π,
3277 5286 3351 5351 ss,
3389 5306 3564 5355 neque

292 5380 394 5434 pro
440 5375 719 5421 unviti,
751 5359 895 5428 quod
927 5355 1097 5413 Vetus
1128 5356 1396 5421 interpres
1432 5354 1663 5409 babebat
1688 5395 1704 5419 ,
1743 5356 1870 5426 legit
1976 5357 2298 5410 mutandum
2333 5356 2386 5411 in
2411 5356 2601 5412 Graeco
2633 5357 2930 5426 quidquam
2960 5354 3282 5420 arbitrarer.
3317 5358 3423 5412 nisi
3459 5358 3562 5416 Vu-

293 5449 461 5494 xvttt,
490 5430 617 5499 qnia
662 5445 692 5482 x
732 5438 788 5483 et
822 5444 912 5481 vut
960 5444 1066 5481 non
1108 5440 1382 5487 nutriit,
1430 5425 1525 5478 setl
1567 5440 1701 5480 xvttt
1744 5440 1872 5494 pro·

292 5511 505 5555 creant.
551 5498 658 5553 Sed
703 5500 1051 5566 castigatiora
1098 5495 1282 5549 lrenaei
1312 5495 1680 5562 exetnplaria.
1730 5503 1790 5549 ct
1839 5508 1871 5548 a

293 5570 661 5627 Feuardetttio
686 5570 937 5624 restituta
964 5579 1339 5622 occcexxxvttt
1372 5563 1591 5617 liabent.
1641 5563 1744 5630 Qni
1772 5581 1876 5619 nn-

295 5654 484 5696 merus
511 5640 582 5694 ab
611 5656 705 5694 vnt
751 5640 996 5708 gignitur
1042 5640 1128 5692 bis
1160 5651 1256 5703 per
1300 5633 1537 5690 decadas
1582 5632 1769 5697 ducto,
1810 5649 1876 5690 ac

296 5712 463 5765 tertio
504 5710 763 5778 repetito;
795 5710 939 5762 ltunr.
968 5710 1023 5762 in
1050 5706 1289 5761 modum
1323 5720 1337 5755 ;
1372 5719 1469 5757 vnt
1501 5718 1597 5773 per
1623 5719 1654 5756 x
1684 5706 1873 5759 multi·

298 5782 535 5854 plicatus
564 5794 707 5834 un
743 5778 1013 5850 producit.
1047 5775 1160 5830 Duc
1193 5793 1223 5830 x
1267 5778 1322 5829 in
1353 5789 1518 5836 tux.
1552 5772 1687 5828 liunt
1711 5789 1876 5841 eccm

300 5854 443 5907 adde
480 5859 763 5922 postremo
787 5849 966 5919 ipsunt
990 5863 1108 5912 vm,
1138 5844 1385 5901 collectis
1407 5842 1683 5925 omnibus,
1706 5845 1880 5902 nasci·

301 5931 393 5984 tur
429 5934 800 5976 occeanum
829 5959 844 5986 ‚
879 5918 972 5990 qui
1020 5930 1281 5972 numerus
1309 5914 1363 5969 in
1393 5914 1591 5971 litteris
1638 5915 1878 5982 nominis

1980 5435 2068 5480 tus
2101 5426 2371 5496 interpres
2401 5427 2561 5479 aliter
2586 5426 2828 5497 legisset.

2051 5496 2162 5565 (26)
2200 5496 2309 5551 Καὶ
2347 5495 2480 5562 υἱὸς
2518 5495 2776 5563 Χριστὸς
2796 5538 2812 5559 ,
2844 5496 3162 5550 τουτέστιν
3204 5496 3244 5564 ἡ
3271 5496 3558 5563 δωδειάς.

1982 5565 2137 5631 Quod
2171 5567 2299 5630 Υίός
2325 5571 2612 5636 quaternis
2639 5568 2836 5622 litteris
2860 5574 3113 5628 constet.
3144 5567 3392 5637 expedita
3419 5571 3560 5621 ratio

1980 5646 2087 5691 est.
2115 5636 2351 5708 Χριστός
2380 5643 2563 5690 autem
2588 5678 2605 5700 ,
2644 5637 2749 5692 nisi
2789 5636 3025 5709 Χριστός
3057 5638 3297 5700 scribas.
3330 5652 3403 5690 vit
3440 5654 3558 5689 om-

1984 5706 2118 5761 nino
2142 5706 2405 5763 continet.
2435 5703 2581 5761 Sanc
2609 5706 2890 5763 Christum
2922 5707 3169 5778 plerique
3197 5724 3229 5763 e
3257 5706 3553 5777 gentilibus

1983 5776 2322 5846 appellavere
2350 5773 2661 5834 Chre-stum.

1985 5844 2426 5975 ..aaa
2413 5842 3552 5990 emmerami-:w-
