3850 6517
296 514 400 572 62⁹
901 510 1275 569 ADVERSUS
1317 511 1663 571 HAERESES
1700 513 1831 570 Lm.
1882 512 1925 570 Ι.
1969 512 2134 571 Tou.
2175 512 2266 570 nl.
2305 543 2378 556 —
2415 511 2694 571 RAERES.
2718 512 2934 571 XXXV.
3463 520 3569 577 650

294 632 599 705 καταμάθοι
636 651 757 699 τις,
789 633 998 690 εἴσεται
1023 636 1090 689 ἐκ
1119 634 1230 689 τῶν
1260 633 1366 707 πρὸ
1396 633 1563 689 αὐτοῦ
1584 674 1600 699 ,
1633 634 1710 699 ὡς
1733 649 1884 705 φιλο·
1910 644 1963 703 Α
1986 640 2151 703 atque
2181 647 2380 703 pompa
2410 634 2464 687 in
2489 631 2743 689 homines
2774 631 3005 688 invexit.
3045 630 3221 701 Quam
3247 631 3295 691 si
3324 633 3452 704 quis
3480 632 3569 695 di-

290 726 448 796 τιμία
476 726 597 779 ἐστὶ
621 726 725 797 τῆς
753 725 989 781 ἑκάστου
1019 726 1225 781 τούτων
1253 721 1530 791 ὑπονοίας.
1564 726 1876 793 Κενοδοξῶν
1990 725 2223 796 ligenter
2276 723 2698 787 animadvertat,
2747 723 2910 780 facile
2938 740 3007 780 ex
3039 724 3420 795 superioribus
3452 725 3568 784 hae·

288 818 400 890 γὰρ
427 818 655 883 ἕκαστος
676 858 692 883 ,
728 820 823 873 καὶ
850 818 1169 889 βουλόμενος
1201 818 1381 891 ἑαυτῷ
1414 820 1669 889 συνάγειν
1688 819 1876 892 άθροι-
1978 815 2166 891 relicis
2182 814 2466 885 intelliget,
2491 828 2708 869 omnem
2736 813 2886 867 illam
2907 814 3225 885 opinionum
3249 818 3567 875 varietatem

291 925 407 980 σμα
425 951 440 971 .
471 908 613 964 ὥστε
659 909 809 980 αὐτῷ
844 908 1073 962 ἕπεσθαι
1094 948 1108 974 ,
1140 908 1178 964 ἃ
1221 910 1513 983 ὑπεισῆλθε
1563 914 1631 983 τῇ
1678 910 1875 966 ἑαυτοῦ
1980 909 2051 963 ab
2127 906 2430 961 ambitione
2491 907 2918 976 arrogantisque
2975 905 3299 977 proiectam.
3351 907 3564 965 Etenin·

291 1002 471 1071 ἐννοίᾳ
507 1002 931 1072 ὲψευδολόγησεν
957 1039 973 1063 ,
1007 999 1133 1054 οὗτε
1165 1002 1308 1057 κατὰ
1337 1005 1676 1076 προφητείαν
1703 997 1910 1075 ‹poter-⁶
1980 1000 2361 1072 unusquisque
2405 999 2592 1072 gloriae
2626 1000 2809 1057 studio
2829 1015 3155 1067 succensus,
3187 1012 3571 1059 acsectatores

290 1092 516 1161 γόμενος
540 1091 620 1162 (οὐ
655 1092 764 1164 γάρ
793 1091 1019 1162 Πνεῦμα
1052 1092 1207 1161 ἅγιον
1239 1093 1499 1164 ἐλάλησεν
1539 1096 1596 1148 ὲν
1630 1094 1873 1166 αὐτοῖς),

289 1185 414 1237 οὔτε
444 1183 553 1237 ἀπὸ
600 1184 699 1254 τῆς
741 1183 852 1236 τῶν
892 1183 1191 1256 προφητῶν
1242 1185 1338 1239 καὶ
1370 1185 1717 1256 Εὐαγγελίων
1740 1187 1877 1258 άλη-

292 1274 439 1338 θείας
496 1275 600 1330 κᾶν
646 1275 778 1346 μίαν
814 1275 1085 1347 πρόφασιν
1136 1277 1405 1348 ἐσχηκώς.
1463 1278 1766 1350 Ἀνατροπὴ
1818 1277 1878 1332 δὲ

292 1364 497 1418 τούτων
524 1365 742 1418 πάντων
784 1364 896 1418 τῶν
928 1365 1027 1436 τῆς
1052 1363 1407 1438 ψευδωνύμου
1439 1368 1691 1436 γνώσεως
1720 1369 1750 1420 ὁ
1779 1367 1878 1421 αὑ-

292 1454 382 1517 τὸς
412 1454 669 1525 ἀληθείας
707 1454 847 1509 κατὰ
877 1455 988 1508 τῶν
1039 1454 1274 1526 πρώτων
1322 1458 1509 1528 ῥηθεὶς
1555 1458 1731 1527 λόγος.
1765 1458 1877 1529 Τῆς

292 1539 404 1612 γάρ
430 1541 785 1596 Οὐαλεντίνου
827 1542 1024 1614 σχολῆς
1074 1544 1169 1597 καὶ
1217 1544 1328 1599 τῶν
1361 1546 1468 1613 πρὸ
1517 1547 1683 1600 αὑτοῦ
1733 1542 1879 1602 οὗτοι

293 1632 495 1697 πάντες
545 1634 915 1705 ὑπάρχοντες,
979 1637 1077 1691 καὶ
1123 1635 1214 1692 τὸν
1260 1637 1385 1693 νοῦν
1421 1639 1630 1693 ἐκεῖνον
1670 1640 1687 1671 ¹
1719 1638 1878 1705 ἄλλος

292 1724 470 1789 άλλως
515 1724 960 1797 ἐξηγησάμενοι,
1002 1726 1103 1800 τὴν
1139 1727 1261 1799 ἴσην
1314 1730 1499 1796 αὐτοῖς
1552 1730 1881 1803 ὀφλήσουσιν

288 1816 575 1889 αίσχύνην.
602 1817 862 1890 Μεγάλην
883 1819 995 1891 γάρ
1026 1821 1157 1891 ἡμῖν
1181 1819 1403 1894 ἀπάτην
1424 1824 1759 1894 κενοφωνίας
1785 1824 1882 1877 καὶ

288 1900 448 1972 οὗτος
477 1910 506 1962 ὀ
556 1906 900 1981 Κολόρὸασος
937 1906 1043 1983 ἧκε
1076 1911 1281 1984 φέρων.
1316 1914 1562 1983 ’netem
1609 1915 1718 1988 γὰρ
1748 1916 1881 1988 ἡμῖν

1980 1094 2110 1159 sibi,
2144 1094 2293 1149 velut
2323 1092 2655 1163 peculiarem
2687 1093 2978 1163 quemdam
3001 1109 3245 1165 gregem,
3272 1095 3571 1151 conciliare

1980 1187 2234 1258 cupiens,
2262 1185 2532 1256 quidquid
2557 1185 2971 1243 mendaciorum
2993 1187 3051 1242 in
3077 1186 3323 1243 animum
3346 1187 3567 1254 incidit,

1981 1285 2188 1334 temere
2236 1278 2397 1347 quasi
2452 1276 2774 1333 vaticinium
2824 1276 3107 1349 quoddam
3167 1285 3225 1334 et
3281 1278 3573 1334 oraculum

1981 1368 2146 1439 230
2193 1365 2459 1437 proludit.
2504 1364 2695 1436 Neque
2741 1368 2889 1423 enim
2926 1366 3167 1438 Spiritus
3207 1375 3437 1423 sanctus
3474 1382 3571 1437 per

1980 1475 2077 1515 eos
2106 1460 2330 1514 locutus
2357 1465 2481 1526 est;
2526 1473 2711 1529 neque
2741 1474 2813 1515 ex
2840 1458 3145 1531 prophetis,
3186 1465 3282 1514 aut
3322 1458 3601 1523 veritatis,

1981 1550 2294 1621 Evangeliis
2341 1553 2431 1607 vel
2481 1549 2823 1607 levissimam
2868 1565 3061 1608 ansam
3112 1558 3170 1607 et
3218 1550 3570 1606 occasionem

1981 1642 2128 1697 nacti
2154 1650 2309 1697 sunt.
2356 1640 2442 1696 Ad
2488 1641 2722 1697 istorum
2768 1657 2902 1698 vero
2947 1640 3143 1699 falsam
3172 1641 3459 1698 scientiam
3487 1656 3570 1698 re-

1981 1729 2303 1811 fellendam‘
2326 1730 2569 1803 pertinet
2601 1730 2694 1785 illa
2738 1745 2770 1785 a
2800 1745 2890 1788 me
2921 1737 3117 1787 contra
3151 1730 3370 1801 priores
3407 1729 3573 1787 insti-

1984 1829 2103 1877 tuta
2121 1823 2408 1882 verissima
2436 1823 2772 1896 disputatio.
2823 1821 2962 1878 Nam
2989 1838 3023 1879 e
3051 1821 3326 1879 Valentinl
3377 1820 3575 1879 Valen-

1984 1912 2215 1983 tinoque
2257 1913 2608 1984 superiorum
2642 1912 3029 1969 haereticorum
3056 1912 3245 1969 schola
3269 1928 3463 1970 omnes
3492 1913 3575 1971 illi

291 2000 755 2072 ιωιητευσάμενος
803 2001 882 2074 τῷ
911 2002 1320 2077 &natumst-ap,
1351 2008 1449 2062 καὶ
1490 2009 1745 2082 ἀοράτῳ,
1786 2009 1884 2064 χαι
1912 1997 1959 2054 B
1985 2002 2242 2074 profecti,
2289 2005 2372 2059 sic
2413 2013 2474 2060 ut
2505 2003 2657 2061 illius
2697 2011 2938 2059 mentem
2982 2002 3080 2058 alii
3126 2003 3284 2060 aliter
3312 2006 3574 2075 interpre-

290 2092 431 2162 ἁγίῳ
452 2091 573 2163 Θεῷ
599 2092 678 2162 τῷ
701 2095 879 2166 Πατρὶ
901 2094 1010 2150 τῶν
1030 2096 1173 2153 ὅλων
1198 2097 1375 2170 ὅνομα
1401 2100 1721 2171 Ἀνθρωπος
1745 2118 1762 2135 ·
1790 2101 1880 2157 ἳνα

292 2183 523 2260 συζεύξη
556 2188 622 2257 τῇ
666 2186 859 2241 ἑαυτοῦ
911 2187 1090 2261 πλάνῃ
1127 2190 1223 2245 τὸν
1263 2190 1362 2245 τοῦ
1402 2192 1655 2265 Σωτῆρος
1696 2193 1876 2263 λόγον,

289 2275 591 2343 φάσκοντος
640 2278 833 2333 ἑαυτὸν
868 2279 998 2334 Υίὸν
1019 2300 1024 2305 ·
1042 2278 1360 2354 Ἀνθρώπου
1386 2323 1403 2350 ,
1434 2283 1529 2338 καὶ
1588 2285 1879 2357 μεταγάγῃ

293 2366 387 2436 τὴν
415 2366 653 2420 διάνοιαν
681 2368 790 2421 τῶν
818 2368 971 2439 αὐτῷ
999 2372 1363 2443 χρησαμένων
1407 2374 1517 2429 &nb
1540 2375 1640 2447 τῆς
1681 2375 1879 2446 ἀληθι-

295 2456 391 2524 νῆς
418 2456 515 2508 καὶ
546 2456 949 2529 ὲναργεστάτης
972 2461 1065 2515 τοῦ
1095 2463 1330 2533 Χριστοῦ
1378 2465 1514 2538 περὶ
1542 2465 1708 2522 αὑτοῦ
1746 2470 1880 2538 ὁμο-

296 2546 485 2615 λογίας
503 2587 518 2613 ,
548 2548 628 2611 είς
673 2549 986 2619 ἀμηχανίαν
1035 2552 1129 2605 καὶ
1176 2557 1513 2624 κενοφωνίαν
1546 2556 1640 2611 τοῦ
1670 2558 1877 2629 ζητεῖν,

296 2639 781 2712 ὐπολαμὸάνοντας
814 2644 873 2697 ὲν
895 2646 1009 2708 τοῖς
1033 2645 1380 2717 ἐπουρανίοις
1406 2646 1545 2703 εἶναι
1570 2649 1601 2703 ὃ
1631 2650 1707 2721 μὴ
1738 2650 1875 2706 ἔστι.

292 2732 485 2804 Δῶμεν
521 2733 628 2805 γὰρ
664 2735 851 2800 αὐτὸν,
881 2736 1171 2792 διὰτὺ“τδν
1189 2737 1358 2793 αὐτοῦ
1383 2740 1602 2811 Πατέρα
1636 2743 1883 2814 Ἀνθρω-

292 2844 393 2880 πον
420 2825 701 2882 καλεῖσθαι
723 2869 739 2893 ,
769 2829 899 2883 Υίδν
959 2829 1273 2902 ’Δνθρῶπου
1329 2831 1522 2886 ἑαυτὸν
1570 2833 1879 2904 ὀνομάζειν,

290 2918 384 2971 καὶ
421 2919 523 2972 οὐκ
560 2920 669 2973 ἀπὸ
715 2921 812 2991 τῆς
848 2922 1085 2993 σαρκὸς,
1115 2918 1186 2995 ἦς
1235 2923 1431 2978 nasen-
1476 2924 1588 2979 άπὸ
1624 2926 1882 2999 παρθενι·

292 3011 395 3080 κῆς
426 3010 674 3081 μήτρας,
706 3012 982 3068 τουτέστιν
1017 3014 1127 3068 ἀπὸ
1169 3014 1393 3085 Μαρίας
1427 3015 1527 3086 τῆς
1564 3016 1728 3085 ἁγίας
1759 3034 1882 3085 γεν-

292 3098 476 3169 νηθεὶς
518 3100 610 3154 διὰ
636 3100 953 3173 Πνεῦματος
987 3104 1143 3173 ἁγίου
1171 3144 1186 3168 ,
1216 3104 1361 3159 κατὰ
1402 3105 1496 3160 τὸν
1520 3105 1614 3161 τοῦ
1641 3106 1879 3162 ὲλεεινοῦ

291 3188 636 3262 Κολορόάσου
661 3191 852 3246 τούτου
876 3193 1034 3262 λόγον
1056 3212 1071 3225 ·
1100 3194 1154 3247 τί
1193 3192 1260 3249 ἂν
1288 3195 1432 3248 εἴποι
1464 3196 1592 3267 περὶ
1626 3190 1690 3251 οὗ
1716 3199 1747 3250 ὁ
1778 3198 1879 3250 αὑ-

297 3283 381 3346 τὸς
429 3282 634 3355 Κύριος
677 3284 839 3355 ἡμῶν
881 3285 1089 3356 Ἰησοῦς
1119 3286 1355 3357 Χριστός
1405 3305 1609 3359 φησιν,
1657 3288 1734 3353 ὡς
1762 3290 1877 3354 τοῖς

1982 2102 2254 2161 tarentur,
2297 2095 2417 2165 pari
2462 2109 2656 2151 omnes
2684 2094 2987 2167 ignominia
3021 2094 3252 2154 notandi
3279 2104 3431 2154 sunt.
3460 2094 3573 2153 Sed

1982 2180 2133 2239 haud
2175 2184 2485 2239 mediocres
2529 2198 2664 2240 sane
2692 2183 2762 2240 ad
2787 2183 3154 2240 cavillandum
3180 2200 3356 2257 nugas
3376 2184 3572 2242 Color-

1980 2273 2151 2330 basus
2201 2272 2309 2330 iste
2361 2273 2524 2329 nobis
2579 2272 2786 2331 attulit.
2842 2270 3127 2345 Siquidem
3167 2276 3385 2347 poetice
3416 2290 3571 2333 more

1979 2365 2178 2421 ludens
2207 2363 2432 2421 Parenti
2458 2363 2707 2421 omnium
2740 2380 2805 2421 ac
2833 2365 2946 2422 Deo
2991 2368 3368 2433 sanctissimo,
3404 2383 3567 2439 quem

1979 2470 2143 2511 nemo
2180 2456 2645 2528 comprehendere
2682 2466 2779 2513 aut
2818 2473 3092 2530 usurpare
3137 2460 3328 2517 oculis
3364 2468 3566 2532 potest,

1985 2547 2239 2605 Hominis
2277 2564 2478 2606 nomen
2508 2550 2738 2618 affinxit,
2781 2561 2840 2607 ut
2875 2550 2947 2607 ad
2981 2567 3229 2608 errorem
3256 2568 3418 2609 suum
3454 2552 3571 2608 Sal·

1979 2639 2189 2696 vatoris
2226 2655 2541 2697 sermonem
2576 2641 2921 2715 adjungeret,
2954 2642 3051 2712 qui
3079 2657 3143 2698 se
3176 2640 3347 2697 lilium
3379 2640 3570 2699 Homi-

1979 2729 2070 2785 nis
2123 2743 2249 2786 esse
2296 2727 2471 2795 dixit;
2513 2744 2579 2785 ac
2627 2729 2982 2785 familiarium
3031 2744 3259 2786 suorum
3285 2731 3501 2789 animos
3534 2746 3579 2789 a.

1981 2820 2199 2878 sincera
2231 2829 2285 2878 et
2312 2821 2608 2893 perspicua
2643 2820 2853 2879 Christi
2891 2823 2961 2878 de
2998 2822 3187 2893 seipso
3219 2822 3569 2880 confessione

1980 2915 2050 2970 ad
2071 2914 2359 2986 perplexas
2386 2920 2440 2969 et
2464 2913 2775 2985 implicatas
2810 2914 3049 2986 ineptias
3078 2914 3357 2972 conferret
3387 2933 3403 2973 ε
3435 2916 3567 2972 dum

1977 3009 2037 3068 in
2090 3008 2409 3063 coetestibus
2465 3007 2574 3063 illis
2625 3007 2762 3062 loeis
2817 3022 2883 3064 ea
2927 3022 3050 3079 quae
3103 3025 3378 3080 nusquam
3427 3019 3561 3066 sunt

1980 3099 2086 3156 sibi
2124 3114 2249 3156 esse
2293 3098 2649 3170 persuadent.
2687 3096 2759 3153 Ut
2799 3099 2948 3155 enim
2991 3100 3188 3158 demus
3212 3100 3370 3170 illud,
3402 3117 3468 3158 ex
3499 3117 3568 3159 eo

1979 3188 2131 3260 quod
2162 3188 2330 3258 hujus
2361 3195 2517 3259 pater
2544 3186 2721 3244 liomo
2752 3189 2826 3246 sit
2853 3190 3059 3256 dictus,
3096 3189 3352 3249 Hominis
3395 3203 3572 3251 semet

1979 3279 2286 3351 appellasse
2330 3278 2521 3345 lilium,
2560 3294 2672 3335 non
2717 3281 2790 3337 ob
2830 3296 2952 3336 eam
3004 3298 3252 3347 carnem,
3295 3300 3459 3354 quam
3498 3301 3567 3342 ex

303 3370 576 3434 Ἰουδαίοις
614 3371 802 3442 aare·
853 3374 989 3428 Νῦν
1036 3373 1105 3429 δέ
1138 3392 1218 3444 με
1263 3374 1481 3442 ζητεῖτε
1522 3378 1878 3434 ἀποκτεῖναι
1987 3377 2145 3425 utero
2195 3368 2438 3439 Virginis
2490 3370 2722 3441 accepit,
2767 3372 2873 3427 hoc
2915 3379 3004 3429 est
3053 3372 3230 3429 beata
3254 3372 3463 3443 Mariae,
3500 3392 3568 3433 ex

295 3460 610 3530 ἄνθρωπον
629 3499 646 3527 ,
678 3462 748 3531 ὃς
775 3464 889 3533 τὴν
913 3466 1209 3535 ἀλήθειαν
1238 3467 1380 3538 ὑμῖν
1401 3469 1720 3538 λελάληκα
1745 3509 1760 3535 ,
1791 3468 1873 3538 ἦν

294 3546 532 3619 ἤκουσα
549 3550 709 3621 παρὰ
735 3552 841 3607 τοῦ
859 3556 1087 3625 Πατρός
1106 3571 1266 3626 μου,·
1296 3558 1407 3611 Καὶ
1428 3557 1615 3613 οὐκέτι
1638 3557 1877 3615 ἐνταῦθα

291 3636 413 3695 εἶπε
437 3680 454 3706 ,
503 3641 596 3697 τοῦ
638 3642 951 3717 Ἀνθρώπου
1000 3646 1217 3719 Πατρός
1267 3661 1401 3719 μου’
1435 3648 1575 3703 άλλά
1604 3650 1737 3722 περὶ
1772 3650 1875 3721 μὲν

293 3732 501 3804 [ἰατρὸς
531 3734 809 3803 ὁμολογῶν
831 3775 847 3799 ,
896 3736 1028 3789 Θεὸν
1076 3737 1172 3790 τὸν
1226 3736 1338 3791 τῶν
1389 3737 1527 3791 ὅλων
1586 3739 1833 3807 ὲσήμανε
1856 3755 1872 3771 ·

292 3826 421 3896 περὶ
447 3825 503 3877 δὲ
536 3825 730 3878 ἑαυτοῦ
755 3867 771 3890 ,
797 3828 879 3878 ὅτι
906 3826 1330 3897 ὲνηνθρώπησεν
1353 3865 1369 3890 ,
1411 3830 1469 3881 ὲν
1520 3827 1748 3902 ἀληθείᾳ
1774 3830 1876 3885 άν-

292 3915 514 3987 θρωπον
543 3917 736 3968 ἑαυτὸν
764 3916 1024 3985 ἔφασκεν,
1058 3917 1136 3982 ὡς
1167 3917 1264 3971 καὶ
1291 3918 1342 3971 oi
1366 3919 1657 3975 άπόστολοί
1688 3939 1875 3993 φασιν,

295 4007 384 4059 ἵνα
434 4008 469 4074 η
510 4004 740 4074 ἀλήθεια
791 4008 1132 4079 πανταχόθεν
1170 4007 1409 4081 συσταθῇ
1428 4050 1447 4077 ,
1481 4011 1578 4064 καὶ
1623 4012 1877 4085 γνωσθῇ,

299 4094 465 4148 πόθεν
494 4095 611 4149 ἐστὶ
639 4096 710 4149 τά
741 4095 819 4165 τῷ
854 4098 1045 4169 Κυρίῳ
1078 4097 1317 4170 ὀνόματα
1348 4099 1687 4172 συναφθέντα
1710 4121 1724 4135 ·
1773 4105 1883 4173 Ἰη-

298 4183 459 4239 σοῦν
506 4184 1232 4260 ἅιΰραὰποδεδειγμένον
1272 4194 1361 4260 είς
1402 4190 1563 4263 ἡμᾶς
1601 4196 1877 4266 σημείοις

295 4276 397 4331 καὶ
428 4275 631 4347 τέρασι
648 4317 665 4343 ,
701 4278 889 4335 καὶτὰ
912 4280 1061 4352 ἑξῆς.

1645 4382 1698 4394 Α..

1985 3477 2095 3535 qua
2121 3478 2218 3534 per
2248 3461 2514 3535 Spiritum
2565 3472 2818 3521 sanctum
2873 3472 3038 3521 natus
3082 3475 3188 3534 est,
3248 3475 3306 3522 ut
3364 3468 3570 3527 inl’elici

1988 3554 2293 3612 Color-baso
2317 3556 2560 3628 placuit;
2605 3557 2735 3629 quid
2781 3556 2848 3613 de
2890 3558 3064 3615 altero
3113 3560 3207 3616 illo
3257 3560 3404 3618 dicet
3452 3577 3571 3619 ser-

1991 3662 2156 3703 mone
2190 3646 2434 3714 Domini‚
2465 3662 2594 3705 cum
2638 3648 2721 3706 sie
2760 3646 2980 3705 Judaeos
3035 3649 3232 3705 affatus
3253 3651 3378 3705 est?
3410 3649 3571 3708 Nunc

1991 3756 2075 3795 me
2097 3741 2338 3811 quoeriaeis
2367 3739 2684 3811 interficere,
2714 3740 2980 3796 homiuem
3003 3741 3095 3812 qui
3119 3740 3394 3797 veritatem
3423 3742 3570 3799 vobis

1983 3832 2191 3888 ίοειιιιιε
2218 3846 2364 3901 snm,
2395 3816 2556 3903 quam
2586 3832 2769 3888 andivi·
2793 3848 2826 3887 a
2859 3830 3026 3888 Patre
3047 3848 3168 3913 *meo
3192 3831 3236 3887 ⁸.
3272 3831 3396 3889 Non
3420 3834 3569 3894 enim

1983 3924 2055 3982 ab
2103 3922 2339 3985 Homine
2366 3926 2553 3984 ‘Patre
2606 3942 2730 3984 meo
2780 3926 2942 3993 dixit.
2988 3925 3088 3985 sed
3129 3928 3352 3985 Patrem
3405 3944 3568 3985 suum

1985 4016 2312 4089 praedicans,
2365 4022 2750 4079 universorum
2797 4017 2972 4078 Deum
3033 4021 3262 4078 indicat.
3318 4020 3390 4077 Se
3414 4037 3568 4090 vero,

1983 4108 2082 4179 qui
2127 4116 2386 4172 naturam
2429 4111 2672 4170 hominis
2717 4112 3076 4185 suscepisset,
3125 4128 3252 4170 vere
3289 4113 3569 4172 homiuem

1983 4202 2257 4273 appellat,
2308 4210 2370 4281 ut
2422 4212 2478 4261 et
2526 4203 2763 4277 apostoli
2795 4212 3109 4276 testantur;
3155 4220 3270 4280 quo
3321 4205 3570 4279 undiquc

1980 4293 2185 4352 veritas
2246 4297 2640 4354 corroboretur
2661 4337 2679 4365 ,
2755 4297 3203 4371 intelligaturque
3268 4298 3418 4356 unde
3468 4300 3564 4355 illa

1985 4386 2219 4448 Domino
2250 4399 2382 4450 sunt
2414 4392 2680 4450 attributa
2706 4393 3032 4463 cognomina
3065 4413 3080 4450 ε
3109 4392 3318 4461 lesum,
3369 4395 3568 4469 inquit,

1982 4486 2153 4541 uirum
2206 4484 2557 4554 approbatum
2586 4486 2640 4539 in
2684 4501 2774 4541 2⁸0⁸
2809 4485 2976 4557 siquis
3004 4504 3068 4542 ac
3108 4489 3364 4561 prodigiis
3386 4489 3432 4559 ⁸,
3461 4498 3568 4549 etc.

366 4580 434 4634 Τί
459 4580 641 4635 τοίνυν
667 4581 811 4653 πρὸς
840 4582 1013 4637 ταῦτα
1036 4583 1207 4656 φαίης
1227 4584 1317 4651 ἂν,
1344 4580 1392 4639 ὦ
1421 4585 1641 4641 πάντων
1666 4586 1881 4656 ἀνθρώ-
1913 4595 1960 4652 1)
2055 4579 2200 4648 Quid
2228 4578 2296 4634 ad
2334 4578 2454 4635 liaec
2487 4578 2702 4635 hiscere
2731 4567 2984 4646 audebis,
3013 4580 3394 4640 infelicissime
3428 4600 3571 4641 mor-

296 4687 419 4725 πων
445 4670 812 4724 ἐλεεινότατεί
848 4671 1038 4743 ἐπειδὴ
1069 4672 1274 4727 άνωθεν
1323 4676 1481 4745 ἥκεις
1526 4673 1710 4745 φέρων
1746 4677 1883 4746 ἡμῖν

298 4761 495 4824 καινάς
521 4760 815 4829 ὀνομασίας
834 4800 850 4825 ,
882 4760 975 4814 καὶ
1010 4761 1249 4835 σεμνύνῃ
1272 4800 1289 4826 ,
1318 4764 1404 4832 ἐφ’
1435 4756 1517 4827 οἷς
1542 4762 1604 4817 τὸ
1624 4762 1718 4817 τοῦ
1760 4765 1886 4820 Ἀν-

298 4852 523 4925 θρώπου
551 4851 723 4922 ὄνομα
746 4852 897 4924 αὐτῷ
923 4852 1035 4906 τῶν
1060 4854 1281 4907 πάντων
1306 4854 1552 4926 Δεσπότῃ
1582 4855 1674 4910 καὶ
1707 4855 1886 4927 Πατρὶ

297 4944 411 5000 τῶν
432 4946 569 4999 ὅλων
610 4945 889 5016 προσάψαι
916 4947 1224 5018 ἐτόλμησαν
1250 4949 1306 5014 ’;
1346 4947 1433 5011 Ὦς
1468 4950 1535 5003 ὲκ
1558 4948 1750 5002 τούτου
1782 4964 1886 5003 κα·-

298 5037 510 5092 λεῖσθαι
538 5037 631 5090 τὸν
664 5036 870 5109 Κύριον
901 5038 1028 5092 Υῑὸν
1065 5038 1402 5111 Ἀνθρώπου,
1443 5038 1534 5094 διὰ
1560 5039 1623 5093 τὸ
1644 5040 1738 5094 τὸν
1774 5040 1889 5093 Πα-

297 5126 436 5198 τέρα
466 5126 789 5196 Ἄνθρωπον
807 5127 1109 5185 καλεῖσθαι.
1126 5129 1267 5201 Εὑρὲ
1296 5131 1429 5201 ἡμῖν
1456 5128 1549 5183 καί
1577 5146 1699 5183 τινα
1722 5129 1888 5200 ἄλλην

302 5218 676 5289 προσηγορίαν
706 5218 785 5290 τῷ
814 5219 992 5293 Πατρὶ
1023 5220 1389 5293 ἁρμόζουσαν,
1410 5221 1492 5286 τὸ,
1522 5220 1713 5290 ἄνδρα
1737 5220 1887 5276 ἀπο-

299 5307 707 5379 δεδαιγμένον.
750 5311 888 5365 Ἀλλ’
916 5314 1017 5367 οὐκ
1046 5313 1113 5367 ἂν
1150 5313 1332 5385 εὕροις
1362 5313 1512 5368 ποτέ..
1548 5315 1611 5372 Εί
1639 5314 1749 5387 γὰρ
1793 5314 1890 5370 καὶ

302 5401 444 5473 ἀνὴρ
475 5402 764 5475 ἄνθρωπός
814 5406 972 5471 ἐστι,
1013 5407 1109 5462 καὶ
1161 5407 1300 5480 πρὸς
1332 5406 1738 5479 άντιδιαστολὴν
1785 5407 1887 5479 τῆς

301 5496 561 5563 γυναικὸς
599 5497 692 5551 τὸν
719 5496 1008 5571 ἄνθρωπον
1039 5499 1209 5571 ἄνδρα
1246 5498 1520 5569 καλοῦμεν
1544 5540 1560 5564 ,
1606 5500 1759 5570 ὅμως
1790 5499 1891 5553 οὐκ

304 5582 374 5638 ἂν
405 5585 502 5639 καὶ
545 5588 606 5640 ὲν
636 5588 813 5661 τούτῳ
847 5592 1266 5663 μηχανήσασθαί
1296 5608 1349 5646 τι
1375 5590 1681 5663 δυνηθείης.
1729 5592 1890 5648 ’Δνευ

1983 4670 2216 4726 taliuml
2258 4668 2353 4740 qui
2384 4682 2527 4723 nova
2570 4668 2822 4739 quaedam
2872 4668 3122 4725 inaudita
3164 4672 3391 4727 nomina
3421 4674 3571 4729 velut

1983 4775 2015 4817 e
2065 4760 2208 4815 coelo
2259 4757 2420 4814 nobis
2469 4755 2636 4812 allata
2697 4754 2950 4813 venditas
2976 4796 2993 4822 ,
3047 4765 3212 4829 teque
3268 4759 3572 4816 insolenter

1982 4852 2270 4910 ostentas?
2325 4851 2570 4920 Quorum
2632 4848 3028 4905 vocabulorum
3084 4852 3260 4925 gratia
3317 4849 3572 4910 Hominis

1984 4961 2187 5002 nomen
2232 4943 2465 4999 Domino
2513 4942 2762 4999 omnium
2807 4956 2875 4998 ac
2923 4941 3144 5001 Parenti
3174 4944 3420 5002 tribuere
3455 4960 3569 5002 non

1985 5038 2246 5095 dubitas:
2273 5037 2435 5107 quasi
2477 5034 2746 5091 Dominus
2790 5035 2999 5093 idcirco
3025 5035 3199 5094 Filius
3228 5037 3468 5093 hominis
3496 5036 3569 5094 sit

1987 5129 2194 5195 dictus,
2248 5128 2398 5200 quod
2437 5129 2560 5199 ejus
2606 5129 2774 5185 Pater
2802 5128 2979 5185 Homo
3015 5137 3384 5201 nuncupetur.
3426 5128 3572 5188 noce

1985 5223 2301 5283 etalteram
2336 5219 2786 5292 appellationem,
2838 5220 3019 5276 Virum
3048 5221 3331 5290 probatum
3367 5260 3385 5287 ,
3418 5220 3572 5277 Patri

1984 5328 2313 5387 congruere.
2344 5312 2504 5387 201
2541 5313 2712 5386 Atqui
2763 5328 3046 5384 nunquam
3099 5313 3233 5368 illud
3287 5313 3570 5371 ostendes.

1987 5406 2231 5465 Tametsi
2269 5408 2417 5464 enim
2465 5406 2549 5464 vir
2585 5407 2769 5463 omnis
2812 5406 2978 5462 homo
3014 5405 3110 5473 sit,
3156 5404 3570 5482 hominemque,

1989 5510 2051 5557 ut
2077 5514 2108 5554 a
2134 5498 2364 5555 muliere
2385 5498 2756 5564 discernatur,
2780 5498 3117 5571 appellemus
3137 5497 3340 5567 virum,
3366 5502 3571 5558 nullam

1990 5590 2120 5647 iude
2170 5602 2351 5647 tamen
2394 5590 2771 5649 calumniandi
2822 5606 3016 5649 ansam
3064 5600 3248 5666 potest
3306 5594 3570 5665 arripere.

301 5675 418 5747 γὰρ
463 5680 765 5750 σχημάτων
812 5683 909 5737 καὶ
954 5683 1167 5754 μελῶν,
1195 5683 1444 5757 κρυφίων
1469 5698 1531 5737 τε
1557 5682 1653 5738 καὶ
1681 5681 1895 5757 ὁρατῶν
1991 5681 2209 5739 Etenim
2255 5682 2378 5738 sine
2422 5689 2577 5739 certa
2626 5684 2814 5756 specie
2863 5684 3168 5761 habituque
3210 5690 3460 5760 eorporis
3506 5700 3574 5741 ae

303 5767 448 5840 ἀνὴρ
474 5770 538 5823 οὐ
577 5770 869 5841 δυνήσεται
897 5772 1198 5828 καλεῖσθαι.
1241 5774 1492 5846 Δέγομεν
1518 5773 1628 5846 γὰρ
1663 5773 1761 5831 καὶ
1793 5773 1896 5847 τὴν
1992 5775 2195 5847 partim
2237 5775 2498 5860 occultis,
2527 5776 2732 5850 partim
2764 5780 3085 5852 patentibus
3126 5779 3393 5844 membris
3429 5792 3578 5834 nun·-

379 5928 397 5962 ¹
424 5924 492 5985 F.
520 5926 749 5994 ἐκείνου.
828 5933 849 5963 ’
887 5928 949 5987 F.
989 5928 1317 6004 ἐτόλμησας.
1382 5931 1403 5964 ⁸
1427 5929 1583 5989 loan.
1613 5945 1737 6002 vm,
1768 5928 1861 5992 ⁴0.
1937 5930 2106 5990 ‘Act-
2138 5946 2201 6004 ιι,
2230 5928 2323 5988 22.
