3850 6517
209 490 314 549 355

803 484 1173 543 ADVERSUS
1202 485 1543 563 HAERESES
1580 483 1691 539 Lm
1727 485 1764 542 Ι.
1807 481 1971 538 Tou.
2009 480 2074 539 ΙΙ.
2102 513 2165 526 -
2206 483 2481 540 nAEREs.
2514 481 2699 538 XXVI.

3347 482 3454 540 33t

206 607 363 672 αὖθις
387 607 838 679 προσφερόμενοι.
869 606 974 671 ὅτι,
1006 606 1264 672 πολλάκις
1298 605 1595 678 βουλομένῃ
1642 604 1778 676 μετὰ
1806 613 1852 670 Α
1882 616 2006 657 cum
2031 603 2237 659 Noemo
2255 612 2501 674 cuperet,
2530 616 2811 674 nunquam
2837 601 2888 657 id
2911 599 2961 658 ei
2987 600 3313 673 permissum
3335 613 3455 668 est;

204 697 301 752 τοῦ
356 697 478 751 Νῶε
532 699 592 750 ἐν
623 699 690 769 τῇ
747 696 964 769 κιὸωτῷ
991 697 1265 767 γενέσθαι,
1289 697 1350 752 οὐ
1395 697 1775 769 συνεχωρεῖτο,

204 790 299 844 τοῦ
326 790 607 862 άρχοντος,
645 789 799 858 φασὶ,
830 789 925 843 τοῦ
960 787 1053 844 τὸν
1087 788 1291 860 κόσμον
1331 787 1617 850 κτίσαντος
1651 786 1775 858 βου-

203 879 433 953 λομένου
470 878 641 951 αὐτὴν
670 877 933 934 ἀπολέσαι
983 879 1081 932 σὺν
1132 881 1244 942 τοῖς
1270 877 1450 942 ἄλλοις
1481 877 1685 932 ἅπασιν
1719 878 1779 931 ἐν

204 972 282 1043 τῷ
342 969 730 1041 κατακλυσμῷ.
776 969 956 1041 Αὐτὴν
998 970 1058 1024 δέ
1092 986 1254 1040 φασιν
1285 969 1692 1035 ἐπικαθιζάνειν
1720 970 1778 1023 ἐν

204 1064 271 1132 τῇ
302 1061 554 1133 λάρνακι,
586 1061 680 1116 καὶ
694 1061 979 1133 ἐμπιπρᾷν
1007 1060 1176 1132 αὐτὴν
1203 1060 1303 1132 οὐχ
1320 1059 1489 1126 ἅπαξ,
1517 1059 1641 1114 οὐδὲ
1672 1059 1776 1124 δὶς,

206 1150 344 1204 ἀλλὰ
382 1149 658 1214 πολλάκις,
706 1149 802 1203 καὶ
835 1150 1070 1221 πρῶτον,
1101 1147 1196 1203 καὶ
1225 1147 1496 1220 δεύτερον,
1537 1147 1634 1202 καὶ
1662 1147 1781 1220 τρί-

205 1262 320 1298 τον.
354 1242 517 1297 Ὅθεν
561 1241 627 1314 δὴ
675 1242 757 1306 είς
783 1241 879 1312 ἔτη
903 1240 1075 1296 πολλὰ
1111 1240 1376 1312 ἐλήλακεν
1416 1240 1450 1311 ὴ
1480 1239 1583 1311 τῆς
1611 1238 1778 1294 αὐτοῦ

205 1335 301 1389 τοῦ
326 1334 450 1388 Νῶε
481 1333 749 1406 λάρνακος
774 1332 1105 1402 κατασκευὴ,
1134 1330 1224 1386 διὰ
1247 1331 1308 1386 τὸ
1334 1330 1592 1395 πολλάκις
1609 1331 1780 1404 αὐτὴν

208 1428 299 1481 ὑπ’
355 1426 528 1497 αὐτῆς
579 1423 988 1497 ἐμπεπρῆσθαι.
1019 1418 1130 1477 'liv
1178 1422 1309 1494 γὰρ,
1365 1420 1551 1492 φᾶσὶν,
1592 1425 1622 1477 ό
1656 1422 1780 1476 Νῶε

205 1517 531 1589 πειθόμενος
559 1515 638 1587 τῷ
673 1514 925 1587 ἄρχοντι·
961 1517 996 1586 ἡ
1035 1514 1090 1568 δέ
1123 1515 1312 1586 Νωρία
1341 1513 1659 1584 ἀπεκάλυψε
1680 1513 1780 1578 τὰς

206 1610 321 1665 ἄνω
365 1608 623 1679 δυνάμεις
658 1609 753 1662 καὶ
783 1608 881 1680 τὴν
925 1606 1034 1660 ἀπὸ
1070 1605 1178 1660 τῶν
1203 1603 1485 1676 δυνάμεων
1515 1603 1781 1676 Βαρόηλὼ

205 1701 305 1774 τὴν
322 1699 644 1756 ὑπεναντίαν
666 1698 743 1771 τῷ
767 1697 1009 1769 ἄρχοντι,
1025 1697 1101 1761 ὠς
1120 1695 1215 1751 καὶ
1241 1698 1299 1751 αί
1320 1696 1477 1750 ἄλλαι
1500 1694 1777 1768 δυνάμεις·

206 1793 302 1846 καὶ
335 1791 647 1861 ὑπέφαινεν.
670 1791 753 1844 ὅτι
772 1790 837 1861 δὴ
867 1792 881 1821 ¹
905 1789 972 1843 τὰ
995 1787 1295 1859 συληθέντα
1319 1787 1427 1842 ἀπὸ
1446 1787 1549 1858 τῆς
1575 1787 1782 1844 ἄνωθεν

207 1882 412 1955 μητρὸς
441 1880 530 1935 διὰ
550 1878 645 1935 τοῦ
666 1881 922 1953 ἄρχοντος
944 1877 1040 1933 τοῦ
1055 1877 1146 1932 τὸν
1171 1878 1376 1950 κόσμον
1399 1877 1778 1950 πεποιηκότος,

1878 692 2025 763 quod
2054 708 2177 748 earn
2218 693 2473 765 princeps
2502 693 2694 750 mundi
2721 693 2974 750 conditor
2998 708 3107 749 una
3144 708 3270 749 cum
3298 701 3454 749 unte-

1879 785 1957 842 ris
2005 786 2265 841 omnibus
2312 785 2523 841 diluvio
2554 786 2720 841 veliet
2761 787 3131 857 exstinguere.
3170 784 3310 857 Ergo
3338 785 3456 841 baec

1878 877 2129 933 insidens
2153 892 2297 932 areae
2335 893 2449 933 non
2491 877 2661 934 semel
2700 891 2765 932 ae
2803 878 3066 942 secundo,
3104 878 3201 934 sed
3230 879 3451 949 saepius.

1878 968 2126 1041 adeoque
2155 968 2321 1024 tertio
2370 967 2518 1022 illam
2570 966 2835 1022 incendit.
2866 966 2987 1034 Quo
3022 967 3226 1024 iactum
3252 977 3359 1035 est,
3392 977 3456 1024 ut

1878 1059 1948 1116 ad
1977 1059 2287 1130 complures
2326 1072 2500 1115 annos
2529 1074 2560 1113 a
2600 1057 2809 1115 Noemo
2846 1058 2963 1112 baec
2993 1071 3136 1114 arcae
3175 1066 3454 1115 structura

1876 1161 2169 1224 prorogata
2203 1150 2389 1216 suerit,
2434 1165 2562 1206 cum
2588 1149 2659 1205 ab
2687 1150 2779 1205 iila
2819 1150 3022 1222 saepius
3057 1156 3207 1206 esset
3234 1156 3451 1206 exusta.

1882 1245 2162 1316 Siquidem
2196 1244 2436 1301 Noemus
2461 1243 2701 1316 principi
2729 1259 2790 1301 se
2817 1245 3210 1316 obsequentem
3233 1250 3460 1313 praesta·

1878 1338 2003 1404 bat;
2023 1335 2190 1393 Noria
2213 1351 2345 1393 vero
2368 1351 2600 1403 superas
2625 1337 2876 1403 virtutes,
2895 1346 2951 1393 et
2972 1336 3128 1393 abiis
3153 1334 3454 1407 proiectam

1879 1428 2242 1485 Barbelonem
2293 1429 2531 1500 principi
2580 1430 2913 1489 contrariam
2955 1427 3241 1492 indicavit,
3273 1441 3471 1498 quem-

1878 1522 2174 1578 admodum
2203 1528 2259 1577 et
2293 1522 2415 1577 aliae
2453 1520 2634 1576 iecere
2660 1519 2895 1574 virtutes
2921 1537 2937 1574 ι
2964 1525 3130 1588 atque
3154 1517 3289 1573 illud
3321 1531 3459 1588 prm-

1881 1619 2030 1670 terea
2075 1614 2311 1669 docuit:
2362 1618 2617 1684 oportere
2665 1625 2788 1682 quae
2836 1624 3109 1681 supremae
3159 1607 3381 1665 Parenti
3423 1621 3456 1662 a

1881 1702 2171 1759 conditore
2203 1702 2395 1759 mundi
2423 1701 2695 1775 principe,
2729 1715 2795 1758 ae
2833 1701 3061 1772 reliquis
3086 1702 3179 1772 qui
3223 1715 3349 1757 cum
3388 1713 3457 1755 eo

1884 1799 2018 1848 sinit
2045 1792 2154 1849 diis
2186 1801 2351 1864 atque
2378 1793 2609 1866 angelis,
2637 1800 2694 1849 et
2724 1793 3069 1849 daemonibus
3094 1799 3281 1864 erepta
3304 1800 3455 1857 sunt,

1885 1900 1954 1941 ex
1988 1885 2154 1942 insita
2182 1899 2479 1956 corporum
2523 1885 2577 1941 vi
2623 1899 2725 1956 per
2766 1885 3002 1941 marium
3037 1899 3101 1941 ac
3128 1884 3456 1941 seminarum

207 1976 305 2031 itai.
335 1974 445 2029 τῶν
465 1973 640 2030 ἄλλων
685 1973 794 2027 τῶν
828 1973 927 2027 σὺν
956 1971 1107 2044 αὐτῷ
1131 1970 1272 2026 θεῶν
1301 1988 1361 2025 τε
1407 1971 1505 2025 καὶ
1534 1969 1783 2039 ἀγγέλων
1812 1962 1856 2017 Β
1884 1974 2150 2046 profluvia
2170 1974 2446 2046 colligere,

209 2068 304 2124 καὶ
356 2067 628 2140 δαιμόνων
690 2066 965 2137 συλλέγειν
1018 2065 1128 2120 ἀπὸ
1170 2065 1272 2136 τῆς
1319 2065 1378 2118 ἐν
1447 2065 1561 2128 τοῖς
1618 2063 1833 2135 σώμασι
1865 2067 2149 2141 δυνάμεως
2185 2067 2278 2123 διὰ
2319 2067 2421 2139 τῆς
2464 2068 2765 2143 ἀπορροίας
2817 2068 3062 2142 άῤῥένων
3089 2082 3152 2122 τε
3191 2065 3287 2122 καὶ
3351 2064 3455 2137 θη-

206 2158 383 2214 λειῶν.

275 2273 351 2326 B'.
393 2270 506 2326 Kal.
562 2269 745 2335 ἁπλῶς
776 2265 1062 2341 περικακῶ
1101 2267 1202 2340 τὴν
1230 2269 1411 2323 πᾶσαν
1436 2266 1642 2322 τούτων
1684 2263 1778 2320 τοῦ

208 2363 433 2424 σκότους
477 2361 723 2433 πήρωσιν
771 2356 1156 2414 ὑποδεικνύων.
1222 2357 1400 2413 noum
1442 2357 1555 2430 γὰρ
1590 2354 1780 2431 χρόνον

210 2449 550 2519 άναλώσαιμι
593 2449 681 2513 ἂν,
714 2449 763 2501 εί
794 2447 1047 2501 ἐνταῦθεν
1083 2447 1185 2517 τὴν
1211 2448 1340 2522 περὶ
1394 2448 1600 2502 τούτων
1628 2462 1781 2516 γενο-

219 2539 386 2611 μένην
445 2539 692 2603 σύνταξιν
751 2538 992 2609 ἐθελήσω
1046 2539 1462 2610 λεπτολογῆσαι,
1489 2539 1560 2592 τὰ
1602 2537 1781 2592 ἄτοπα

209 2630 390 2687 αὐτῶν
448 2630 546 2700 τῆς
592 2628 941 2700 ψευδωνύμου
992 2627 1246 2696 γνώσεως
1310 2628 1612 2700 διδάγματα
1656 2628 1779 2682 καθ’

208 2724 447 2794 ἐκάπην
483 2719 878 2792 ὑφηγούμενος.
913 2718 1098 2773 Ἄλλοι
1117 2717 1174 2772 δέ
1201 2715 1261 2783 ἐξ
1290 2717 1490 2784 αὐτῶν,
1512 2717 1781 2790 διαφόρως

207 2814 369 2868 πάλιν
403 2809 865 2883 ἐπεπριὸόμενοι,
898 2809 996 2874 τάς
1027 2825 1087 2862 τε
1113 2807 1264 2878 ὄψεις
1299 2806 1478 2863 αὐτῶν
1507 2809 1528 2840 ¹
1561 2806 1782 2880 κρούον-

201 2923 314 2970 τες,
350 2905 444 2958 καὶ
469 2901 950 2975 περικρουόμενον,
988 2898 1313 2970 Βαρκαδδᾶν
1345 2915 1466 2953 τινα
1494 2898 1780 2970 προφήτην

205 2994 648 3068 παρεισάγουσιν,
705 2993 855 3059 άξιον
905 2988 998 3045 τοῦ
1047 2988 1228 3045 αὐτῶν
1267 2989 1548 3060 ὀνόματος.
1579 2988 1778 3044 Καδδᾶ

206 3088 314 3160 γὰρ
348 3087 709 3159 ἑρμηνεύεται
768 3084 882 3157 (7¹)
914 3081 1161 3152 πορνεία
1201 3081 1345 3136 κατὰ
1381 3081 1479 3155 τὴν
1503 3081 1777 3154 Συριακὴν

200 3178 501 3245 διάλεκτον,
529 3176 893 3249 φονοκτονία
923 3176 982 3231 δὲ
1021 3175 1163 3230 κατὰ
1188 3175 1288 3247 τὴν
1315 3173 1630 3246 Ἐδραῖκὴν.
1665 3175 1777 3229 Καὶ

1951 2261 2017 2318 ΙΙ.
2045 2261 2247 2334 Atque,
2277 2272 2339 2321 ιιι
2359 2280 2468 2322 uno
2492 2265 2664 2324 verbo
2695 2265 2896 2335 dicam,
2928 2266 3076 2339 piget
3108 2283 3197 2326 me
3223 2283 3447 2328 omnem

1879 2351 2099 2408 iliorum
2168 2354 2437 2412 caecitatis
2497 2356 2787 2430 caliginem
2851 2356 3107 2415 oratione
3171 2361 3453 2432 persequi.

1881 2443 2114 2500 uultum
2143 2446 2289 2502 enim
2323 2447 2712 2505 insumendum
2733 2449 2840 2506 erit
2860 2451 3145 2522 temporie,
3172 2453 3219 2509 si
3244 2454 3457 2512 univer·

1880 2549 2000 2591 sam
2039 2536 2234 2592 borum
2271 2536 2654 2610 figmentorum
2694 2540 2764 2596 ab
2809 2541 2919 2598 illis
2956 2543 3341 2603 concinnatam
3373 2562 3455 2605 se·

1884 2625 2021 2682 riem
2041 2625 2147 2682 boe
2170 2626 2294 2683 loeo
2318 2627 2635 2700 diligentius
2655 2630 2933 2702 explicare
2957 2633 3211 2700 voluero.
3232 2645 3288 2693 et
3309 2652 3452 2694 com·

1887 2716 2151 2772 mentitioe
2180 2716 2399 2773 iliorum
2433 2719 2765 2790 cognitionis
2806 2721 3044 2779 absurda
3094 2724 3350 2798 dogmata
3386 2730 3455 2786 si-

1884 2804 2113 2876 gillatim
2170 2820 2496 2880 proponere.
2543 2810 2650 2865 Alii
2696 2825 2861 2882 porro
2907 2813 3059 2871 varie
3113 2815 3185 2872 ab
3232 2817 3342 2873 iilis
3384 2820 3455 2876 ad

1882 2909 2228 2954 communem
2261 2900 2558 2972 perniciem
2586 2903 2789 2970 exorti,
2825 2911 2881 2961 et
2918 2905 3248 2964 intuentium
3276 2911 3454 2967 oculis

1883 2989 2177 3060 praestigiis
2222 2991 2539 3059 illudentes,
2577 2990 2632 3051 et
2677 2994 2898 3068 ipsimet
2944 2996 3093 3055 illusi
3133 2997 3452 3057 Bareabben

1881 3078 2070 3135 nescio
2102 3094 2264 3151 quem
2291 3083 2614 3154 prophetam
2641 3087 2931 3157 objiciunt,
2963 3103 3063 3145 sua
3095 3091 3189 3148 illa
3222 3094 3454 3165 appelia-

1882 3170 2031 3227 tione
2068 3171 2316 3243 dignum.
2345 3174 2530 3232 Gabba
2557 3177 2704 3233 enim
2740 3176 2967 3250 Syriaca
2988 3182 3174 3255 lingua
3210 3193 3453 3256 stuprum

201 3270 731 3344 πάλινέρμηνεύεται
747 3268 997 3337 τετάρτη
1007 3266 1294 3338 μοῖρατοῦ
1322 3266 1543 3338 μέτρου.
1564 3265 1777 3339 Χλεύης
1804 3282 1847 3341 c
1880 3261 2188 3333 significan
2229 3262 2495 3323 nebraice
2552 3267 2922 3332 parricidium.
2959 3271 3067 3330 Sed
3101 3281 3157 3330 et
3192 3291 3454 3333 menum

204 3362 264 3416 δέ
290 3362 384 3416 καὶ
409 3361 639 3432 γέλωτος
675 3361 737 3415 τδ
779 3358 1040 3424 τοιοῦτον,
1083 3354 1283 3432 μᾶλλον
1317 3358 1376 3411 δέ
1418 3356 1778 3431 σχετλιασμοῦ

205 3453 354 3519 ἄξιον
379 3452 532 3524 παρὰ
574 3455 688 3517 τοῖς
734 3451 796 3507 τὸ
830 3453 1000 3524 ὄνομα
1031 3451 1191 3505 τοῦτο
1219 3451 1603 3522 ἐπισταμένοις
1638 3447 1781 3504 κατὰ

200 3544 303 3611 τὰς
365 3544 500 3609 ἰδίας
548 3541 821 3614 γλώσσας.
850 3542 1078 3615 Φέρουσι
1122 3541 1178 3596 δὲ
1212 3543 1347 3612 ἡμῖν
1370 3541 1435 3594 ἐκ
1462 3539 1652 3594 τούτου
1680 3536 1776 3592 τοῦ

202 3637 652 3712 θαυμασιωτάτου
697 3636 973 3709 προφήτου
1023 3636 1272 3708 διήγησιν
1324 3633 1552 3704 αἰσχράν
1572 3671 1587 3696 ,
1629 3632 1779 3695 ὅπως

201 3729 546 3804 φθοριμαίοις
580 3728 795 3801 σώμασι
840 3727 1141 3799 πλησιάσαι
1184 3722 1517 3792 πεισθῶμεν,
1548 3722 1641 3775 καὶ
1680 3720 1780 3790 τῆς

199 3819 403 3878 ἄνωθεν
425 3819 637 3882 ἐλπίδος
663 3818 1005 3886 ἐκπέσωμεν,
1036 3815 1139 3866 οὐκ
1182 3810 1561 3878 αἰσχυνόμενοι
1596 3809 1781 3870 αὐτοῖς

200 3914 312 3975 τοῖς
344 3910 550 3981 ῥήμασι
581 3907 650 3959 τὰ
674 3909 774 3975 τῆς
801 3902 1055 3973 πορνείας
1083 3897 1413 3970 διηγεῖσθαι,
1454 3898 1615 3952 πάλιν
1645 3899 1782 3970 ἐρω-

199 4001 331 4055 τικὰ
350 3999 452 4067 τῆς
485 3994 762 4066 Κύπριδος
785 3990 1177 4062 ποιητεύματα.
1223 3987 1407 4042 Ἄλλοι
1432 3989 1490 4043 δὲ
1512 3990 1570 4059 ἐξ
1600 3989 1780 4047 αὐτῶν

203 4091 367 4145 πάλιν
394 4085 722 4140 ἐπίπλαστον
737 4083 1043 4153 είσάγουσιν
1063 4081 1344 4154 άγώγιμόν
1362 4100 1415 4136 τι
1443 4082 1777 4157 ποίημαΠΞ)

204 4174 250 4250 ᾧ
279 4175 638 4252 ποιητεύματι
671 4173 926 4229 ἐπέθεντο
961 4173 1152 4246 ὄνομα,
1196 4172 1526 4242 Εὐαγγέλιον
1558 4171 1779 4227 τελειώ-

207 4289 345 4336 σεως
379 4268 537 4325 τοῦτο
563 4268 883 4340 φάσκοντες.
915 4267 1027 4322 Καὶ
1055 4264 1272 4337 ἀληθῶς
1309 4265 1408 4320 οὐκ
1441 4265 1775 4336 Εὐαγγέλιον

203 4365 379 4434 τοῦτο,
414 4363 551 4421 ἀλλὰ
580 4360 809 4426 πένθους
831 4360 1128 4424 τελείωσις.
1160 4360 1317 4413 Πᾶσα
1344 4358 1454 4432 γὰρ
1492 4360 1526 4431 ὴ
1553 4357 1648 4415 τοῦ
1681 4358 1776 4414 θα-

202 4457 361 4513 νάτου
385 4453 664 4516 τελείωσις
690 4452 749 4507 ἐν
768 4453 834 4523 τῇ
858 4451 1085 4523 τοιαύτῃ
1117 4449 1403 4521 ὑποσπορᾷ
1419 4446 1514 4502 τοῦ
1525 4447 1772 4504 διαόόλου

201 4542 712 4618 ἐμφέρεται.”ᾼλλοι
739 4541 796 4595 δέ
826 4540 927 4594 ούκ
946 4532 1291 4610 αἰσχύνονται
1318 4538 1566 4608 λέγοντες
1597 4537 1776 4606 Εὐαγ-

1879 3351 2228 3420 quadrontem
2264 3368 2330 3410 eo
2359 3356 2581 3413 nomine
2606 3370 2827 3417 vocant.
2852 3360 2989 3420 Risu
3013 3364 3179 3436 igitur
3209 3380 3275 3423 ae
3318 3367 3456 3424 ludi·

1878 3441 2004 3498 brio
2028 3443 2215 3515 digna,
2246 3445 2332 3501 vel
2373 3448 2689 3505 miseranda
2725 3451 2910 3521 potius
2948 3461 3033 3510 est
3055 3455 3331 3526 eiusmodi
3349 3474 3454 3516 ¹no·

1880 3535 2087 3588 minum
2116 3538 2550 3594 accommodatio
2580 3541 2721 3612 apud
2752 3558 2871 3608 eos,
2903 3545 2998 3616 qui
3036 3546 3095 3602 in
3131 3557 3326 3620 suapte
3356 3551 3453 3607 lin·

1879 3639 1988 3696 gua
2022 3628 2176 3684 vocis
2202 3626 2351 3686 illius
2382 3639 2710 3701 potestatem
2732 3632 3064 3708 intelligunt.
3094 3636 3363 3696 Caeterum
3382 3657 3453 3698 ex

1880 3724 1992 3771 tam
2037 3718 2347 3775 admirabili
2399 3723 2666 3793 propbeta
2725 3734 2942 3797 turpem
2984 3729 3145 3786 nobis
3190 3735 3455 3790 narratio-

1881 3821 2007 3861 nem
2046 3807 2440 3882 ass'erunttqua
2471 3821 2533 3867 ut
2560 3816 2835 3886 corruptis
2857 3830 3291 3880 consuescamus
3333 3837 3453 3881 cor·

1880 3895 2112 3966 poribus
2133 3901 2521 3969 persuadeant,
2548 3910 2715 3975 atque
2741 3907 2809 3964 ab
2835 3910 2986 3964 omni
3017 3924 3116 3984 spe
3138 3912 3449 3971 coeiestinm

1879 3983 2222 4045 excidamus.
2243 3987 2357 4047 Nee
2374 3991 2499 4049 illos
2521 3994 2688 4065 pudet
2707 3996 2778 4054 de
2802 4000 3032 4071 stupris,
3057 4004 3450 4077 amatoriisque

1876 4090 1947 4133 ae
1996 4079 2245 4137 venereis
2273 4082 2440 4139 rebus
2473 4084 2637 4143 nudis
2666 4101 2731 4144 ae
2760 4089 3106 4161 simplicibus
3133 4095 3318 4152 verbis
3343 4095 3451 4152 dis·

1874 4182 2081 4227 serere.
2132 4170 2273 4229 Sunt
2303 4182 2360 4231 et
2398 4189 2465 4233 ex
2511 4177 2582 4235 iis
2621 4180 2892 4250 nonnulii,
2937 4183 3032 4255 qui
3078 4182 3448 4245 adulterinum

1876 4260 2153 4331 quoddam
2198 4272 2255 4321 et
2310 4266 2650 4324 adscititium
2695 4284 2891 4342 prema
2940 4273 3247 4343 venditant,
3301 4280 3448 4347 qnod

1875 4365 2016 4424 opus
2044 4351 2405 4424 perfectionis
2437 4356 2793 4431 Evangelium
2831 4361 3168 4434 inscribunt,
3213 4381 3340 4425 cum
3369 4384 3449 4427 re·

1875 4456 2006 4496 vera
2032 4457 2143 4498 non
2169 4441 2546 4517 Evangeiium,
2573 4449 2670 4506 sed
2694 4451 2905 4509 doloris
2931 4453 3090 4512 sitae
3115 4456 3295 4516 luctus
3319 4474 3447 4532 per-

1879 4530 2064 4589 fectio.
2116 4530 2388 4593 Universa
2442 4537 2648 4609 quippe
2706 4552 3195 4618 consummataque
3249 4550 3445 4608 mortis

200 4635 380 4705 γέλιον
412 4634 575 4698 Εὔας.
601 4634 696 4697 Εἰς
721 4631 891 4702 ὄνομα
915 4629 1025 4702 γὰρ
1061 4630 1234 4701 αὐτῆς
1273 4627 1454 4699 δῆθεν,
1481 4627 1558 4691 ὠς
1580 4625 1775 4699 εύρού-
1803 4606 1850 4663 D
1877 4622 2151 4681 aoerbitat
2198 4624 2256 4682 in
2293 4638 2365 4685 oo
2389 4626 2505 4701 u
2547 4630 2751 4688 diaboli
2798 4634 2909 4690 fetu
2955 4637 3291 4696 continetur.
3335 4641 3444 4698 Alit

202 4742 303 4798 σης
335 4725 395 4778 τὸ
421 4724 590 4796 δνομα
619 4724 718 4794 τῆς
748 4723 1000 4792 γνώσεως
1029 4720 1090 4788 ἐξ
1117 4718 1512 4789 ἀποκαλύψεως
1541 4717 1634 4772 τοῦ
1669 4717 1768 4772 λα-

198 4820 461 4890 λησαντος
512 4817 650 4887 αὐτῇ
719 4815 915 4887 ὄφεως,
973 4813 1183 4886 σποράν
1224 4810 1588 4866 ὑποτίθενται.
1655 4809 1770 4866 Καὶ

197 4910 388 4983 ὥσπερ
431 4909 491 4963 ἐν
540 4907 758 4978 άστάτῳ
800 4905 992 4979 γνώμῃ
1040 4904 1329 4977 μεθύοντος
1377 4905 1472 4958 καὶ
1514 4904 1766 4976 παραλα-

1877 4712 2231 4787 Evangelium
2266 4714 2396 4775 Eva>
2435 4720 2557 4778 sine
2604 4722 2716 4779 ullo
2755 4725 2965 4796 pudore
3004 4727 3283 4798 jactitant.
3328 4730 3445 4789 Sub

1876 4803 2043 4877 buius
2068 4807 2214 4864 enim
2238 4809 2482 4878 nomine;
2513 4820 2702 4885 utpote
2728 4831 2852 4887 quae
2881 4820 3214 4891 cognitionis
3241 4837 3441 4883 nomen

1873 4912 1906 4953 a
1941 4909 2196 4970 wrpente
2224 4916 2461 4973 quoeum
2488 4906 2764 4964 collocuta
2794 4918 2904 4978 est,
2968 4911 3248 4982 didicerit,
3277 4918 3441 4988 perti-

199 4998 415 5063 λοῦντος
445 4997 545 5053 οὐκ
572 4997 663 5050 ίσα
685 4995 770 5068 εἴη
790 4995 864 5050 τά
899 4997 1139 5067 ῥήματα,
1169 4994 1305 5048 ἀλλὰ
1332 4993 1401 5050 τὰ
1434 4992 1534 5064 μέν
1567 4992 1765 5059 γέλωτι
1871 4989 1976 5048 diae
2023 5006 2139 5049 sum
2185 5008 2398 5053 semina
2448 5009 2789 5070 sparserunt.
2846 5002 2927 5061 Ao
2979 5009 3441 5078 quemadmodum

199 5088 558 5163 πεποιημένα,
602 5087 766 5157 ἐτερα
813 5085 871 5139 δέ
921 5083 1198 5154 κλαυθμοῦ
1245 5083 1494 5156 ἔμπλεα·
1526 5081 1698 5148 οὓτως
1730 5082 1764 5154 ἡ
1872 5084 2033 5151 ebrii,
2062 5100 2299 5156 quorum
2338 5089 2659 5149 inconstans
2691 5094 2930 5163 animus,
2969 5105 3025 5154 et
3065 5099 3442 5162 inconsidera-

270 5271 289 5301 ⁸
312 5267 439 5326 For.
470 5269 568 5324 δεῖ.
645 5271 666 5301 ’
693 5268 817 5323 For.
846 5264 1173 5338 ἀνθρώπιον.

270 5481 381 5553 (71)
426 5477 621 5535 Kaeeci
671 5479 780 5550 γὰρ
837 5478 1240 5550 ἑρμηνεύεται.
1296 5475 1430 5531 Tam
1487 5473 1754 5533 Hebraico

196 5568 358 5624 quam
387 5551 608 5621 Syriace
629 5550 1048 5605 tabernaculum.
1081 5556 1137 5604 et
1164 5547 1414 5618 fornicem
1439 5545 1749 5617 significan

197 5636 408 5678 necnon
435 5629 488 5675 et
525 5620 893 5687 prostibulum,
917 5635 982 5675 ac
1005 5619 1254 5725 lupanar.
1287 5616 1505 5671 Numer.
1512 5629 1755 5743 &3³03qu

197 5688 791 5831 ξιέζιᾶἓὲζιῖῑπῇἱξ
819 5690 1024 5815 ..tiis
1034 5687 1586 5820 eximitis,
1636 5754 1755 5812 sm

200 5831 574 5952 parricidium,
614 5844 885 5901 nusquam
937 5831 1117 5901 legere
1179 5827 1424 5884 memini.
1488 5823 1755 5899 Suspicor

226 5900 554 5972 .pip'bnnium
586 5911 703 5990 nup
735 5912 993 5971 tanquam
1029 5914 1061 5954 a
1105 5908 1207 5966 :im
1251 5896 1557 5953 derivatum
1594 5908 1756 5951 aece-

1849 5475 2023 5548 pisse,
2047 5475 2193 5548 quod
2222 5484 2309 5533 est
2332 5473 2639 5546 perforare.

1918 5546 2036 5618 (⁷2)
2090 5545 2405 5616 Ἀγώγιμόν
2447 5561 2504 5601 τι
2551 5543 2797 5613 ποίημα.
2848 5542 3152 5605 cot-narius
3204 5545 3430 5601 illiciens

1846 5630 2055 5684 poema.
2096 5615 2403 5698 ’Δγώγιμον
2428 5621 2513 5672 est
2533 5613 2675 5685 quod
2705 5613 3015 5683 advehitur,
3040 5625 3137 5673 aut
3167 5616 3429 5685 importa-

1848 5694 1961 5743 tur.
2004 5683 2117 5743 Nos
2167 5685 2460 5740 ascititium
2510 5701 2575 5741 ex
2618 5685 2896 5741 communi
2946 5693 3216 5756 potestate
3262 5687 3427 5739 inter·

1851 5756 2055 5826 pretari
2108 5754 2423 5811 maluimus.

1850 5823 2134 5896 ἀγώγιμον
2169 5822 2341 5899 μῦθον
2367 5823 2424 5880 in
2455 5823 2628 5895 priori
2665 5822 2757 5880 iiia
2784 5822 2991 5883 Cornu.
3016 5824 3238 5879 notione
3267 5833 3425 5874 usur-

1851 5902 2033 5967 patur-

2481 5752 2809 5837 Quanquam
2865 5771 2922 5809 n.
2975 5756 3078 5816 Π,
3121 5768 3245 5824 pag.
3301 5750 3424 5812 ¹0⁰.
