3850 6517
3175 365 3203 380 Ι

379 489 438 543 Η
1668 492 1961 549 ΒΙΟΝῪΒΙΙ
1999 492 2272 547 ΡΕΤΑΥΙΙ
3515 499 3582 551 ¹2

380 618 526 665 rem.
558 603 678 665 Sed
705 625 840 667 cum
868 610 1271 671 nihilominus
1320 613 1499 671 statis
1550 621 1892 688 temporum
1935 609 2287 672 intervallis
2321 610 2525 670 eadem
2556 610 2670 672 illa
2701 618 3003 683 monstra,
3035 620 3357 689 amputata
3390 612 3578 673 toties

377 724 449 769 ac
463 707 781 786 juqulata,
812 711 1186 773 reviviscant
1218 733 1238 770 .·
1270 730 1407 772 cum
1435 712 1593 773 idem
1621 713 1918 773 lioeresum
1948 712 2202 774 illarum
2224 713 2601 775 architectus
2619 714 3035 789 inventorque
3057 712 3368 784 diabolus,
3396 715 3581 776 etiam

380 808 547 867 omni
594 807 898 870 librorum
930 811 1243 871 exstincta
1284 799 1600 883 mem‘oria,
1640 820 1998 888 perseveret
2029 830 2048 869 .·
2084 829 2221 869 cum
2267 808 2486 871 iisdem
2531 811 2776 871 artibus
2807 819 2866 870 et
2893 811 3220 882 machinis,
3256 812 3579 892 eademque

377 903 459 964 ad
503 906 644 967 illas
682 909 1125 972 instaurandas
1169 909 1513 975 calliditate
1544 928 1617 970 ac
1664 912 1945 992 nequitia
1992 913 2077 973 sit
2121 910 2425 990 proeditus
2461 931 2481 971 .·
2510 928 2702 994 neque
2727 930 2843 972 nos
2869 913 3136 974 istorum
3165 912 3273 973 ille
3304 912 3577 974 delectus

323 1078 328 1082 ι
376 1002 630 1085 adjuvat
647 1028 666 1074 ,·
698 1016 755 1067 et
782 1007 1078 1070 adversus
1107 1008 1524 1088 redinteqrati
1555 1010 1758 1071 morbi
1783 1012 2139 1089 periculum
2167 1012 2443 1091 pristina
2470 1009 2585 1073 illa
2604 1009 3071 1090 certissimaque
3099 1010 3388 1072 subsidia
3421 1030 3582 1072 eom-

373 1109 659 1184 paranda
697 1119 861 1171 sunt.
904 1111 1194 1174 Potuerit
1230 1133 1375 1174 sane
1423 1122 1565 1174 ante
1613 1132 1807 1174 annos
1846 1114 2105 1193 aliquot,
2142 1116 2264 1176 imo
2294 1115 2542 1185 soecula,
2591 1114 2942 1193 desiqnatio
2971 1114 3085 1176 illa
3111 1125 3421 1177 certarum
3451 1117 3575 1177 luv-

376 1222 593 1266 reseon
616 1207 697 1267 ad
724 1208 1115 1269 scribendum
1139 1219 1196 1271 et
1223 1213 1666 1289 opportunitas
1682 1213 1962 1292 jactari:
1998 1230 2135 1272 cum
2151 1215 2483 1291 pauciores
2512 1211 2711 1274 adhuc
2756 1222 2978 1285 essent,
3009 1231 3128 1291 nec*
3154 1223 3277 1273 tam
3308 1213 3578 1275 diversis

375 1321 446 1364 ac
482 1302 886 1367 dissimilibus
918 1326 996 1367 ea·
1025 1309 1246 1387 formis
1273 1308 1700 1389 prodiqiisque
1732 1312 2034 1390 conflatae.
2068 1311 2202 1371 Hoc
2241 1311 2485 1390 quidem
2517 1320 2812 1389 tempore,
2843 1328 2960 1389 quo
2995 1320 3305 1372 emortuas
3334 1311 3579 1390 pridem

375 1408 771 1481 superiorum
810 1417 1054 1467 oetatum
1083 1410 1338 1469 hoereses
1368 1420 1685 1471 revocatas
1719 1412 1785 1471 in
1826 1411 2021 1471 lucem
2048 1429 2118 1471 ac
2148 1421 2492 1472 renovatas
2515 1412 2848 1484 cernimus,
2896 1430 2973 1470 ne
3008 1410 3388 1473 dubitationi
3432 1414 3574 1490 qui·

375 1502 506 1561 dem
538 1502 659 1574 illi,
694 1521 766 1564 ac
787 1508 1115 1583 quaestioni
1147 1508 1318 1569 locus
1347 1508 1617 1587 amplius
1648 1520 1735 1570 est
1780 1510 2060 1571 relictus.
2108 1509 2291 1584 Quod
2339 1514 2496 1571 enim
2523 1512 2649 1590 fuit
2689 1512 2752 1572 in
2788 1514 2956 1572 omni
2983 1511 3355 1589 antiquitate
3384 1529 3580 1589 qenus

290 1619 293 1624 ’
375 1600 689 1676 opinionis
719 1621 791 1662 ac
820 1612 996 1664 sectoe
1027 1613 1148 1665 tam
1176 1606 1576 1680 horrendum,
1614 1615 1737 1666 tam
1762 1609 2137 1670 inusitatum
2168 1618 2226 1669 et
2256 1608 2640 1669 obsoletum?
2676 1609 2832 1683 Quis
2863 1618 2986 1669 tam
3019 1608 3313 1669 obscenus
3353 1618 3409 1669 et
3440 1608 3581 1668 abo-

370 1697 699 1759 minandus
729 1705 949 1762 error?
978 1702 1160 1778 Quod
1178 1704 1459 1783 pertidia
1481 1723 1676 1784 qenus
1702 1715 1826 1771 tam
1846 1707 2062 1786 palam
2088 1709 2360 1769 omnium
2393 1726 2536 1770 voce
2567 1707 3062 1779 condemnatum,
3100 1706 3264 1784 quod
3304 1724 3430 1767 non
3459 1724 3575 1785 pa-

369 1804 616 1856 rentum
643 1808 1004 1861 nostrorum
1034 1804 1324 1863 memoria
1366 1804 1647 1882 [autores
1691 1804 1934 1883 aliquos
1980 1823 2052 1866 ac
2099 1815 2435 1867 sectatores
2465 1806 2798 1868 habuerit?
2827 1806 3060 1868 Parum
3092 1814 3183 1865 est
3213 1804 3286 1865 de
3321 1804 3578 1866 Arianis

369 1896 502 1958 illis
546 1902 863 1979 conqueri,
913 1911 1023 1960 aut
1058 1900 1550 1974 Macedonianis,
1589 1903 2030 1979 Eunomianis,
2075 1905 2493 1981 Nestorianis,
2529 1918 2586 1968 et
2613 1909 2695 1968 iis
2724 1906 2908 1966 etiam
2938 1903 3401 1981 antiquioribus
3435 1905 3574 1965 Ma-

369 1999 645 2070 nichoeis,
676 1999 1071 2072 sabellianis,
1105 2000 1522 2061 samosatenis
1552 2022 1571 2060 .·
1603 2011 1976 2081 coeterasque
2023 2003 2248 2064 veteris
2299 2005 2597 2067 Ecclesia»
2641 2008 2804 2085 [aces
2837 2022 2908 2063 ac
2943 2011 3331 2080 tempestates
3356 2019 3575 2080 perse-

369 2098 479 2177 qui
509 2118 529 2157 .·
560 2100 628 2159 in
656 2099 877 2177 quibus
898 2108 1134 2176 proeter
1162 2099 1465 2177 doqmatis
1494 2098 1832 2177 salsitatem
1861 2101 2040 2161 nulla
2067 2112 2176 2162 aut
2224 2103 2487 2163 obscura
2519 2103 2821 2183 soeditatis
2855 2099 3194 2177 disciplina
3221 2102 3345 2179 [uit
3387 2120 3406 2159 .·
3442 2116 3580 2178 quae

371 2214 575 2258 omnes
607 2199 675 2260 in
704 2197 1059 2271 Germania,
1090 2197 1379 2269 Polonia,
1406 2197 1759 2268 Pannonia,
1788 2200 2040 2273 Russia,
2081 2203 2236 2264 alibi
2261 2200 2523 2279 denique
2551 2212 2784 2262 renatae
2809 2199 2890 2263 ad
2918 2202 3075 2261 lianc
3105 2199 3265 2260 diem
3294 2198 3582 2277 qrassari

370 2306 428 2357 et
461 2298 912 2359 increbrescere
941 2298 1263 2359 dicuntur.
1299 2295 1431 2357 Illae
1451 2298 1602 2374 ipsae
1621 2297 2197 2359 sordidissimorum
2221 2299 2551 2361 libidinum
2579 2301 2953 2361 inventrices
2992 2301 3246 2361 hoereses
3287 2316 3356 2380 ac
3381 2296 3576 2373 maqi-

368 2408 535 2469 stroe,
567 2417 701 2476 quoe
724 2401 1119 2477 promiscuos
1152 2397 1540 2466 concubitus,
1575 2416 1645 2456 ac
1683 2399 1990 2475 reliquam
2029 2404 2318 2477 corporis
2367 2398 2825 2475 turpitudinem
2870 2398 3285 2468 ostentabant,
3331 2415 3580 2476 quaeque

366 2513 491 2556 uno
536 2495 982 2557 Gnosticorum
1020 2494 1319 2556 vocabulo
1366 2496 1677 2562 contineri
1716 2512 2160 2573 nonnunquam
2206 2497 2432 2570 solent,
2469 2496 2688 2558 iisdem
2727 2499 2797 2558 in
2845 2498 3000 2559 locis
3048 2498 3115 2557 in
3162 2495 3579 2572 Adamianos,

367 2593 699 2666 Pikardos,
736 2594 1080 2668 Valdenses,
1121 2591 1563 2671 Luqdunenses
1607 2596 1949 2673 Pauperes,
1989 2606 2329 2676 caeteraque
2373 2605 2668 2674 portenta
2727 2598 2939 2658 verius
2990 2613 3171 2674 quam
3200 2597 3453 2658 nomina
3483 2617 3582 2658 re-

367 2683 753 2756 dundarunt.
786 2693 1030 2757 Veniam
1056 2690 1137 2751 ad
1162 2690 1430 2754 Galliam
1452 2701 1754 2762 nostram,
1787 2708 1859 2751 ac
1887 2693 2287 2753 novissimam
2318 2692 2676 2756 Calviniani
2700 2694 2893 2755 labem
2912 2693 3238 2773 doqmatis,
3270 2707 3452 2769 atque
3468 2712 3584 2766 pe-

368 2800 542 2866 stem,
575 2811 709 2873 quoe
739 2795 806 2857 in
833 2794 1011 2856 illius
1038 2793 1270 2870 qremio
1302 2790 1604 2853 consedit.
1637 2791 1728 2849 De
1768 2808 1891 2869 qua
1917 2792 2236 2852 verissime
2280 2794 2396 2854 hoc
2422 2794 2577 2855 mihi
2615 2793 2834 2854 videor
2875 2811 3005 2853 esse
3039 2793 3329 2852 dicturus
3358 2808 3380 2845 .-
3410 2785 3580 2844 velut

367 2895 673 2952 sentinam
704 2893 881 2953 illam
924 2890 1094 2957 orbis
1137 2909 1265 2950 esse
1312 2898 1650 2961 terrarum,
1704 2890 1773 2950 in
1817 2907 1999 2967 quam
2026 2902 2301 2950 veterum
2333 2902 2394 2952 et
2440 2892 2781 2952 recentium
2813 2898 3142 2957 sectarum,
3175 2899 3602 2960 errorumque-

367 2989 664 3051 colluvies
695 2989 1007 3069 confluaeit
1034 3009 1054 3046 .·
1084 3006 1156 3047 ao
1179 2985 1483 3066 quidquid
1509 2988 1823 3048 lioereseon
1852 2990 2151 3049 hactenus
2183 2991 2454 3064 exstitit,
2488 2989 2561 3050 de
2581 3006 2700 3067 quo
2729 2986 2928 3063 leqere
2957 2982 3202 3059 aliquid
3225 2985 3323 3045 vel
3350 2984 3578 3046 audire

364 3090 708 3168 potuimus,
737 3106 817 3148 em
847 3105 914 3147 eo
950 3085 1210 3147 libatum
1235 3104 1362 3145 esse
1392 3104 1465 3146 ac
1494 3084 1846 3146 derivatum
1872 3086 2149 3164 aliquid,-
2176 3096 2356 3163 atque
2390 3106 2469 3147 ex
2495 3083 2972 3148 abhorrentibus
3002 3092 3428 3148 monstrorum
3454 3104 3582 3146 om-

368 3191 543 3251 nium
571 3187 868 3267 partibus
900 3206 971 3256 ac
1001 3186 1246 3266 fiquris,
1279 3187 1570 3248 ultimum
1598 3186 1783 3261 illud,
1815 3204 1887 3246 ac
1925 3186 2187 3263 reliquis
2208 3185 2584 3248 horribilius
2615 3202 2742 3246 esse
2760 3191 3140 3247 concretum.

445 3284 857 3363 Quamobrem
872 3304 1011 3347 eum
1042 3297 1101 3346 et
1126 3285 1352 3363 ubique
1383 3294 1718 3358 terrarum,
1744 3292 1804 3345 et
1831 3285 1933 3346 liic
1964 3282 2135 3362 apud
2156 3300 2270 3343 nos
2293 3285 2656 3361 priscarum
2680 3301 2808 3342 sese
2837 3283 3150 3344 lioereseon
3173 3302 3246 3345 ac
3273 3295 3585 3345 sectarum

368 3384 603 3450 venena
634 3383 1020 3464 diffundant,
1053 3380 1136 3452 ad
1172 3383 1308 3455 illa,
1356 3400 1488 3461 quae
1527 3399 1729 3461 supra
1755 3382 1920 3452 dixi,
1955 3380 2253 3460 proesidia
2277 3383 2730 3461 consuqiamus,
2765 3390 2826 3442 et
2856 3381 3239 3443 medicorum
3266 3387 3584 3448 imitemur

368 3486 767 3548 industriam.
792 3482 1074 3560 Quorum
1100 3483 1366 3563 majores
1391 3498 1530 3541 cum
1548 3479 1788 3539 eosdem
1832 3481 2118 3542 humanis
2151 3481 2446 3557 inqruere
2475 3478 2848 3556 corporibus
2873 3498 2946 3541 ac
2975 3498 3307 3541 recurrere
3335 3482 3583 3544 morbos

368 3585 810 3663 intelliqerent,
844 3601 1057 3644 eorum
1099 3585 1396 3661 oriqines,
1433 3584 1936 3661 proqressiones,
1968 3583 2419 3661 proprietates,
2455 3599 2708 3642 casuum
2761 3590 2944 3660 atque
2989 3590 3344 3644 eventorum
3372 3603 3578 3645 exem-

365 3686 500 3766 pla,
537 3696 666 3753 tum
706 3684 976 3755 remedia
1014 3682 1349 3762 diliqenter
1383 3684 1452 3743 in
1482 3683 1664 3744 libris
1707 3692 2014 3743 notarunt
2044 3702 2065 3743 .-
2094 3700 2226 3760 quoe
2267 3681 2414 3742 dum
2441 3683 2684 3759 posteri
2714 3682 2950 3760 lequnt,
2982 3693 3206 3743 contra
3235 3683 3378 3744 illos
3408 3686 3582 3761 ipsos

369 3786 572 3847 alieno
607 3804 670 3845 se
698 3804 819 3846 usu
849 3785 1358 3868 experientiaque
1398 3781 1790 3859 confirmant.
1844 3782 1948 3843 lta
1983 3781 2186 3855 nobis,
2220 3782 2444 3861 quibus
2473 3780 2794 3841 assiduum
2819 3790 2911 3841 est
2940 3780 3156 3867 iisdem
3178 3799 3317 3842 cum
3344 3785 3582 3844 errori-

369 3884 506 3957 bus,
538 3883 709 3944 velut
732 3882 963 3944 morbis
994 3901 1073 3943 ex
1106 3879 1441 3941 intervallo
1481 3879 2092 3952 recrudescentibus,
2124 3898 2196 3940 ac
2213 3880 2350 3959 jam
2371 3887 2513 3938 ante
2543 3879 2838 3956 coqnitis,
2879 3889 3187 3939 certamen
3215 3878 3579 3953 ineundum,

368 3982 554 4043 utiles
577 3987 726 4039 sunt
760 3977 1187 4040 commentarii
1215 3978 1617 4054 antiquarum
1646 3979 1947 4042 hoeresum
1975 3998 1996 4035 .·
2060 3996 2140 4037 ex
2171 3976 2394 4054 quibus
2441 3995 2568 4037 non
2598 3996 2809 4038 earum
2835 3979 3015 4039 modo
3045 3979 3578 4059 notitiamadipi-

370 4079 639 4155 scimur-3
676 4075 783 4136 sed
837 4075 917 4139 ad
968 4075 1108 4139 illas
1169 4074 1374 4145 etiam,
1410 4073 1520 4133 ubi
1549 4082 1782 4134 renatoe
1807 4075 2069 4148 suerint,
2096 4072 2553 4156 profliqandas,
2584 4073 2788 4137 eadem
2819 4094 3114 4152 paramus
3142 4079 3409 4152 auxilia,
3442 4080 3583 4157 qui·

372 4180 508 4251 bus,
535 4195 674 4240 cum
698 4178 970 4254 primum
1002 4181 1434 4243 nascerentur,
1479 4171 1804 4234 exstincta
1834 4178 2005 4230 sunt.
2045 4193 2055 4199 ·

449 4277 585 4350 Quo
615 4276 684 4336 in
723 4290 941 4352 qenere
970 4291 1107 4334 cum
1143 4270 1485 4349 multorum
1533 4269 1797 4331 Petrum
1829 4268 2068 4346 eqreqie
2103 4269 2189 4327 sit
2217 4267 2417 4341 labor,
2464 4287 2536 4328 ac
2567 4287 2703 4328 cum
2726 4270 2909 4332 laude
2940 4284 3262 4343 versatus,-
3301 4294 3476 4354 quem
3508 4291 3579 4343 tu

374 4386 594 4446 tamen,
639 4379 767 4439 sive
794 4375 1145 4451 diliqentia,
1178 4378 1304 4436 sive
1333 4372 1613 4433 ubertate
1646 4368 2024 4429 eruditionis
2073 4385 2145 4429 ac
2176 4370 2379 4447 eopia,
2413 4388 2551 4431 cum
2573 4370 2931 4447 Epiphanio
2962 4376 3270 4453 conseras,
3304 4383 3579 4458 reperies

374 4493 453 4537 ex
480 4476 645 4536 omni
686 4473 1059 4549 antiquitate
1099 4472 1421 4532 neminem.
1454 4467 1596 4531 Non
1626 4467 1786 4528 enim
1812 4467 1918 4528 ille
1956 4467 2195 4530 brevem
2222 4465 2533 4529 duntaxat
2560 4468 2872 4529 liaereseon
2921 4470 3186 4532 indicem
3216 4486 3579 4540 coeterorum

371 4595 539 4639 more
566 4574 943 4652 conscripsit
974 4594 993 4639 .·
1020 4570 1524 4651 quemadmodum
1554 4570 1968 4648 Auqustinus,
1994 4570 2866 4647 PhilostriuS,Hieronymus,
2897 4572 3332 4647 Damnst-enus,
3367 4582 3578 4656 copio-

374 4679 506 4739 sius
534 4678 717 4738 etiam
750 4672 1191 4743 Theodaretus,
1223 4681 1405 4749 atque.
1437 4668 1553 4730 alii
1582 4669 1932 4745 complures
1967 4671 2379 4731 instituerunt
2413 4689 2432 4729 .·
2463 4687 2574 4730 nec
2602 4668 2854 4730 illorum
2880 4671 3299 4733 tantummodo
3332 4678 3579 4755 opinio-

373 4796 481 4839 nes
520 4796 592 4837 ac
619 4774 928 4852 doqmata‚
959 4790 1059 4832 res
1084 4771 1265 4831 etiam
1293 4768 1367 4828 ab
1399 4785 1611 4827 earum
1639 4767 2004 4828 auctoribus
2034 4788 2106 4829 ac
2147 4766 2550 4845 principibus
2596 4778 2798 4846 qestas
2843 4772 3309 4832 accuratissime
3331 4793 3573 4856 propo-

373 4881 523 4942 suit.
564 4874 685 4940 Sed
728 4866 951 4952 quibus
995 4871 1189 4932 armis
1221 4872 1481 4947 insuper
1508 4877 1619 4930 aut
1646 4867 1901 4930 illarum
1926 4868 2262 4945 petitiones
2292 4868 2544 4947 depelli,
2576 4876 2687 4929 aut
2729 4870 3008 4930 vicissim
3044 4869 3168 4930 illoe
3195 4874 3344 4948 peti,
3380 4894 3575 4952 expu-

332 4997 344 5004 ·
373 4978 675 5058 qnarique
696 4982 970 5053 possent,
1003 4971 1311 5033 uberrime
1360 4969 1835 5048 doctissimeque
1862 4971 2256 5030 monstravit.
2289 4969 2529 5043 Quibus
2564 4972 2747 5032 etiam
2775 4970 2848 5031 de
2878 4971 3086 5031 causis
3107 4978 3384 5053 Πινάριον,
3420 4977 3575 5054 sive,

374 5084 445 5141 ut
474 5073 842 5141 Anastasius
879 5068 1126 5153 Sindica
1152 5068 1221 5128 in
1261 5066 1768 5140 QuaestionibuS,
1814 5084 1886 5126 ac
1921 5066 2184 5128 Photius
2216 5085 2352 5128 cum
2388 5067 2622 5129 Groecis
2652 5068 2796 5129 aliis
2824 5068 3025 5143 habet,
3069 5077 3323 5149 Πινάριοι,
3363 5071 3429 5131 id
3459 5085 3572 5147 est,

378 5170 683 5251 medicam
712 5185 947 5242 aream„
970 5167 1097 5244 sive
1138 5163 1488 5242 capsulam,
1514 5182 1586 5226 ac
1616 5164 1884 5237 thecam,
1937 5184 2094 5245 opus
2128 5162 2289 5228 illud
2318 5167 2646 5244 inscripsit
2677 5188 2695 5226 .·
2724 5176 2797 5228 ut
2824 5168 2893 5228 in
2925 5186 2991 5227 eo
3027 5170 3325 5229 sciremus
3355 5183 3577 5233 eontra

379 5269 733 5352 mortiferos
777 5286 849 5333 ac
890 5271 1223 5336 ementitos
1251 5263 1630 5338 serpentium
1687 5280 1953 5333 morsus,
1984 5261 2253 5339 adeoque
2280 5262 2528 5326 morbos
2567 5283 2771 5327 omnes
2799 5267 3120 5337 haeresum,
3165 5267 3600 5333 saluberrimav

376 5366 647 5428 remedia
674 5367 1007 5437 contineri.

451 5490 761 5567 Quocirca
783 5503 1055 5565 persoepe
1084 5502 1218 5545 sum
1247 5480 1523 5561 equidem
1549 5481 1971 5559 Auqustinum
1995 5486 2495 5563 vehementerque
2522 5487 2786 5545 miratus
2820 5507 2841 5546 .·
2871 5489 2982 5565 qui
3012 5488 3080 5548 in
3119 5491 3279 5550 libro
3311 5495 3398 5555 De
3441 5496 3569 5558 hae-

378 5588 627 5651 resibus
686 5586 766 5647 ad
796 5583 1341 5660 Quodvultdeum,
1388 5600 1528 5643 cum
1576 5581 1927 5662 Epiphanii
1980 5585 2280 5658 meminit,
2315 5584 2438 5645 lioec
2488 5584 2562 5644 de
2601 5583 2712 5645 illo
2755 5586 2825 5645 in
2874 5586 3250 5667 Proesatione
3292 5598 3507 5668 posuit
3551 5617 3573 5657 .-

377 5693 600 5754 Nosger
634 5702 783 5755 varo
816 5683 1232 5763 EpiphaniuS,
1249 5683 1521 5761 Cyprius
1550 5684 2167 5763 episcopus,ebhiuc
2193 5703 2318 5754 non
2354 5688 2538 5765 longe
2567 5686 2861 5747 humenis
2891 5688 3084 5750 rebus
3113 5706 3468 5772 exemptus.
3491 5698 3572 5761 de

377 5787 691 5866 nonaginta
719 5784 1071 5849 haeresibus
1104 5780 1394 5858 loquens,
1426 5798 1541 5844 sex
1575 5783 1768 5847 libros
1803 5785 1995 5847 etiam
2025 5784 2425 5861 conscripsit,
2472 5782 2772 5846 historice
2803 5786 3163 5853 narratione
3193 5806 3573 5857 commemo-
