3850 6517
343 504 437 578 ’τοι

979 516 1349 575 ADVERSUS
1386 516 1730 576 BAERESES
1765 517 1893 575 Lm.
1943 518 1985 576 Ι.
2025 518 2192 577 Tou.
2234 519 2327 575 ΙΙΙ.
2366 549 2438 561 -
2473 516 2752 575 flAEuEs.
2787 513 2950 573 xm.

3484 516 3596 570 702

338 638 488 694 οὐδὲν
507 636 694 707 ἕτερον
715 649 732 666 ·
762 631 925 688 ὁπότε
957 631 1056 688 καὶ
1088 633 1159 688 τὰ
1199 631 1479 706 ’μυστήρια
1510 632 1742 689 ἐνώπιον
1778 653 1913 691 κατ-
1939 642 1986 700 A
2015 636 2140 692 illos
2186 636 2297 694 nisi
2339 637 2578 693 ludibrio
2623 652 2690 695 ac
2733 638 2852 693 risu
2894 635 3304 709 dignissimum,
3350 652 3477 695 cum
3505 642 3599 702 vel

333 726 656 800 ηχουμένων
708 724 977 779 ἐπιτελεῖν
1006 723 1299 796 τολμῶσιν.
1358 724 1680 780 Ἀνάστασιν
1706 725 1794 794 at,
1836 726 1914 791 ὡς

333 820 507 886 είπον,
542 813 697 883 οὗτος
747 817 898 887 λέγει
930 817 1050 887 οὐχὶ
1083 816 1372 889 σωμάτων,
1401 817 1539 872 ἀλλὰ
1566 817 1791 889 ψυχῶν·
1815 818 1914 874 καὶ

335 910 612 979 σωτηρίαν
658 907 885 972 ταύταις
940 905 1203 978 ὁρίζεται,
1246 906 1366 977 οὐχὶ
1392 910 1506 971 τοίς
1531 906 1765 978 σώμασι.
1802 908 1913 962 Καὶ

335 994 745 1065 μεταγγισμοὺς
800 994 1001 1065 ὁμοίως
1033 993 1144 1048 τῶν
1183 993 1392 1065 ψυχῶν,
1424 995 1518 1048 καὶ
1561 1012 1914 1068 μετενσωμα-

328 1082 526 1149 τώσεις
559 1084 670 1138 ἀπὸ
693 1084 965 1156 σωμάτων
992 1086 1076 1149 είς
1104 1083 1331 1156 σώματα
1366 1086 1585 1156 φάσκει.
1790 1072 1798 1079 ’

398 1259 476 1313 8⁷.
508 1257 854 1329 Πανταχόθεν
907 1258 969 1312 δὲ
1014 1258 1203 1311 πίπτει
1228 1259 1263 1329 ὴ
1291 1257 1456 1313 αὐτοῦ
1509 1258 1718 1330 ματαία
1750 1277 1909 1315 κενο-

327 1349 525 1419 φωνία,
552 1349 628 1413 ὡς
663 1350 763 1421 ἠδη
808 1366 899 1421 μοι
943 1350 1004 1404 ὲν
1040 1349 1231 1414 ἄλλαις
1275 1350 1518 1421 αἱρέσεσι
1575 1353 1908 1424 πεπραγμά-

326 1454 530 1497 τευται.
565 1440 691 1505 Πῶς
704 1440 812 1511 γὰρ
837 1442 1203 1514 ἀναστήσεται
1231 1442 1264 1513 ἡ
1295 1441 1369 1514 μὴ
1394 1446 1715 1500 πεπτωκυῖα
1727 1443 1903 1517 ψυχῆς

339 1528 658 1594 Ἀνάστασις
683 1530 743 1585 δὲ
786 1531 906 1595 πῶς
946 1533 1116 1604 αὐτῆς
1163 1531 1515 1603 κληθήσεται,
1536 1533 1638 1604 τῆς
1689 1534 1765 1607 μὴ
1809 1552 1907 1591 πε-

327 1620 529 1691 σούσης
548 1619 766 1691 ψυχῆς;
812 1624 929 1678 Πᾶν
960 1623 1071 1695 γὰρ
1096 1624 1160 1692 τὸ
1187 1623 1384 1676 πίπτον
1415 1625 1764 1691 ἀναστάσεως
1794 1626 1906 1684 δεί-

322 1727 435 1764 ται.
476 1712 673 1766 mma
708 1712 767 1766 δὲ
791 1714 947 1785 ούχὴ
975 1714 1145 1786 ψυχὴ,
1187 1712 1325 1768 ἀλλὰ
1377 1715 1559 1790 σῶμα.
1593 1717 1757 1772 Ὅθεν
1809 1719 1908 1774 καὶ

322 1801 546 1865 δικαίως
578 1801 778 1873 πτῶμα
815 1804 1009 1877 αύτδή
1046 1806 1304 1878 συνήθεια
1348 1809 1510 1863 εἴωθε
1555 1808 1762 1873 καλεῖν,
1807 1810 1906 1864 καὶ

320 1892 481 1957 αὐτὸς
527 1893 558 1947 6
593 1893 795 1965 Κύριος
833 1894 1021 1961 εἰπὼν,
1065 1897 1151 1952 ὅτι
1172 1901 1364 1955 Ὅπου
1391 1901 1461 1956 τὸ
1504 1899 1734 1970 πτῶμα,
1777 1900 1908 1956 ἐκεῖ

2017 727 2298 799 mysteriis
2347 728 2481 799 ipsis
2529 729 2844 792 astantibus
2897 728 3328 796 catechumenis,
3376 734 3593 803 operari

2017 832 2129 874 non
2150 815 2425 873 dubitent.
2453 818 2611 885 Quod
2636 818 2706 875 ad
2726 819 3185 877 resurrectionem
3205 821 3419 890 attinet,
3449 822 3595 883 hane

2019 907 2112 964 ille
2141 922 2436 981 corporum
2477 924 2602 966 esse
2634 917 2818 982 negat,
2864 910 2945 965 uti
2991 912 3347 969 monuimus:
3378 914 3595 971 anima*-

2017 1013 2140 1054 rum
2168 999 2442 1065 concedit,
2476 1000 2680 1072 quibus
2709 1002 2843 1059 solis
2878 1003 3131 1069 salutem,
3169 1021 3278 1062 non
3311 1008 3439 1065 item
3468 1024 3596 1066 cor-

2016 1091 2245 1163 poribus
2279 1091 2708 1150 circumscribit.
2744 1093 3065 1150 Animarum
3101 1094 3336 1168 denique
3366 1099 3439 1156 ab
3468 1101 3594 1161 aliis

2016 1179 2072 1235 in
2104 1182 2213 1236 alia
2245 1196 2482 1252 corpora
2505 1182 2863 1254 migrationes
2887 1197 2951 1237 ac
2982 1183 3251 1241 transitus
3289 1188 3503 1243 statuit.

2086 1266 2153 1324 V.
2168 1267 2372 1325 Verum
2411 1268 2596 1325 inanis
2631 1282 2696 1324 ac
2722 1267 2957 1325 ridicula
2983 1267 3103 1325 haec
3130 1269 3318 1339 opinio
3341 1273 3492 1327 omni
3519 1287 3591 1336 ex

2014 1365 2171 1430 parte
2208 1356 2474 1425 concidit,
2505 1364 2569 1414 ut
2600 1356 2658 1412 in
2698 1356 2823 1415 aliis
2855 1358 3160 1416 haeresibus
3201 1368 3363 1417 antea
3400 1360 3592 1420 docui-

2014 1465 2159 1505 mus.
2191 1449 2298 1517 Qui
2325 1450 2477 1507 enim
2518 1463 2812 1521 resurgere
2859 1449 3041 1505 anima
3086 1451 3180 1507 illa
3218 1459 3424 1522 potest,
3465 1470 3589 1526 quae

2011 1555 2290 1611 nunquam
2322 1538 2566 1597 corruit?
2594 1536 2902 1606 Quomodo,
2933 1539 3156 1610 inquam
3180 1581 3196 1606 ,
3228 1542 3300 1607 ei,
3325 1557 3446 1612 qua
3474 1560 3586 1603 non

2012 1631 2231 1699 cecidit,
2268 1631 2602 1688 resurrectio
2620 1629 2917 1686 tribuetur?
2935 1628 3211 1700 Quidquid
3237 1632 3385 1687 enim
3414 1632 3582 1698 cadit,

2011 1720 2422 1777 resurrectione
2446 1733 2588 1790 opus
2612 1718 2797 1774 habet.
2829 1714 2991 1773 Cadit
3020 1725 3207 1774 autem
3241 1731 3354 1772 non
3381 1719 3584 1786 anima,

2012 1811 2110 1868 sed
2145 1825 2368 1882 corpus.
2386 1810 2575 1882 „Quod
2606 1809 2813 1884 idcirco
2837 1809 3057 1883 πτῶμα,
3083 1809 3190 1866 hoc
3223 1819 3308 1867 est
3335 1808 3583 1878 cadaver,

2023 1902 2361 1958 consuetudo
2398 1901 2708 1957 communis
2753 1900 3009 1971 appellat,
3041 1899 3286 1972 adeoque
3320 1900 3585 1958 Dominus

318 1982 811 2060 συναχθήσονται
864 1986 966 2040 καὶ
1024 1991 1083 2042 οἱ
1121 1988 1306 2045 ἀετοί.
1364 1990 1477 2045 Καὶ
1528 1989 1640 2061 γὰρ
1677 1993 1737 2044 ὲν
1790 1992 1905 2055 τοῖς
1938 1998 1984 2061 Β
2012 1991 2149 2063 ipse,
2181 2007 2306 2047 cum
2343 1992 2426 2048 sic
2471 1991 2752 2063 loquitur:
2791 1988 3096 2061 Ubicunque
3140 1998 3221 2046 est
3261 1990 3483 2063 πτῶμα,
3527 1990 3585 2047 id

320 2074 597 2146 μνήμασιν
622 2075 683 2129 ού
705 2076 1103 2150 κατακλείομεν
1133 2079 1313 2151 ψυχὰς
1336 2079 1476 2151 (65),
1505 2079 1644 2134 ἀλλὰ
1671 2078 1902 2151 σώματα

316 2168 736 2239 κατατιθέαμεν,
765 2169 825 2224 ὲν
850 2171 920 2241 γῇ
964 2168 1404 2241 καταχώσαντες,
1425 2162 1505 2224 ὧν
1540 2171 1575 2241 ὴ
1603 2170 1901 2236 ἀνάστασις

313 2257 393 2321 είς
427 2256 621 2314 ἐλπίδα
667 2260 783 2331 ἔχει
832 2260 895 2315 τὸ
917 2261 1200 2331 κήρυγμα,
1237 2260 1495 2334 καθάπερ
1528 2260 1559 2314 6
1588 2249 1705 2314 ‘tofi‘
1747 2260 1897 2315 σίτου

314 2348 512 2412 κόκκος
526 2366 543 2381 ·
592 2350 668 2413 ὡς
697 2352 794 2404 καὶ
834 2353 863 2404 6
910 2351 1068 2419 ἅγιος
1106 2351 1429 2416 ’Δπύστολος
1455 2352 1557 2423 τὴν
1592 2350 1898 2425 μαρτυρίαν

317 2439 517 2506 ἠνεγκε
533 2441 661 2511 περὶ
673 2439 767 2493 τοῦ
786 2441 985 2495 κόκκου
1004 2441 1101 2495 τοῦ
1123 2442 1267 2497 σίτου
1282 2441 1381 2495 καὶ
1403 2442 1516 2498 τῶν
1540 2442 1717 2497 ἄλλων
1734 2459 1901 2514 σπερ-

320 2528 533 2585 μάτων·
572 2530 665 2585 καὶ
698 2531 861 2596 αὐτὸς
882 2532 939 2586 δὲ
974 2534 1005 2585 6
1025 2531 1228 2602 Κύριος
1252 2533 1312 2584 ὲν
1332 2531 1411 2603 τῷ
1438 2533 1785 2605 Εύαγγελίῳ·
1811 2534 1897 2588 δτι

326 2620 469 2674 Ἐὰν
497 2620 703 2676 πεσὼν
735 2624 770 2676 d
799 2624 1022 2689 κόκκος
1044 2623 1154 2677 τοῦ
1183 2624 1359 2678 σίτου
1382 2623 1681 2693 ἀποθάνῃ,
1703 2627 1895 2695 μόνος

304 2709 493 2779 μένει.
533 2712 591 2765 'O
630 2712 690 2766 st
745 2713 903 2783 ἅγιος
951 2712 1275 2778 ’Διεύστολός
1288 2729 1458 2785 φησιν
1478 2730 1495 2745 ·
1542 2714 1752 2786 ἄφρονα
1784 2715 1895 2788 γὰρ

308 2801 464 2855 καλεῖ
484 2802 575 2856 τὸν
608 2804 839 2858 ἄπιστον
882 2804 977 2859 τὸν
1007 2804 1147 2870 ὅλως
1205 2803 1644 2875 ἁμφιὸάλλοντα,
1682 2805 1780 2860 καὶ
1799 2804 1894 2859 λέ-

308 2908 473 2960 γοντα
487 2910 503 2927 ·
562 2894 699 2961 Πῶς
731 2896 772 2966 ἡ
815 2894 1159 2963 ἀνάστασις
1190 2897 1455 2967 ris-etan
1495 2896 1647 2962 κοίῳ
1680 2895 1751 2950 δὲ
1785 2894 1897 2950 σώ-

301 2999 447 3051 ματι
469 2984 791 3055 Emer-tau
825 2987 935 3041 Καὶ
967 2987 1131 3053 εὐθὺς
1158 2987 1299 3060 πρὸς
1328 2988 1459 3051 τοὺς
1485 2986 1759 3051 τοιούτους
1790 3003 1896 3060 φη-

304 3073 391 3130 σίν
404 3090 421 3106 ·
459 3075 712 3146 Ἄφρων,
735 3076 819 3133 σὺ
837 3076 873 3132 δ
893 3079 1167 3147 σπείρεις
1184 3080 1260 3134 οὐ
1279 3075 1668 3148 ζωογονεῖται,
1683 3075 1890 3148 &dv-5100

300 3164 602 3237 ἀποθάνῃ.
663 3170 778 3225 Καὶ
842 3168 1150 3235 ὲξάπαντος
1204 3168 1407 3236 ἔδειξεν
1457 3170 1493 3240 ἡ
1546 3166 1741 3239 Γραφὴ
1792 3166 1891 3223 τοῦ

300 3258 653 3323 πεπτωκότος
702 3260 931 3325 κόκκου,
964 3262 1213 3315 τουτέστι
1245 3259 1340 3314 τοῦ
1394 3256 1648 3331 σώματος
1666 3258 1763 3313 τοῦ
1790 3258 1890 3313 θα-

2002 2088 2089 2139 cst
2120 2097 2335 2152 corpus,
2373 2080 2486 2135 illic
2524 2079 2982 2150 congregabuntur
3012 2088 3064 2133 et
3104 2079 3300 2150 aquiloe
3324 2079 3364 2133 ¹.
3395 2077 3584 2149 Neque

1999 2168 2148 2224 enim
2201 2168 2473 2240 sepulcris
2527 2169 2746 2224 animas
2798 2166 3155 2233 includimus,
3207 2165 3302 2223 sed
3348 2182 3582 2238 corpora

1998 2256 2167 2332 humi*
2204 2256 2426 2315 defossa
2464 2258 2848 2329 componimus
2888 2273 2904 2312 ι
2940 2257 3143 2327 quibus
3176 2256 3346 2311 divini
3385 2255 3583 2326 praedi·

1996 2349 2215 2407 catione
2234 2350 2387 2406 verbi
2406 2363 2536 2420 spes
2563 2348 2993 2406 resurrectionis
3013 2346 3358 2405 ostenditur:
3389 2362 3584 2418 qnem-

1997 2440 2293 2497 admodum
2327 2442 2383 2498 in
2416 2441 2675 2497 frumenti
2698 2455 2893 2511 grano,
2924 2440 3249 2511 caeterisque
3275 2440 3581 2497 seminibus

1997 2532 2242 2589 accidit:
2273 2547 2341 2589 ex
2389 2531 2592 2604 quibus
2624 2530 2923 2601 Apostolus
2966 2530 3034 2587 ad
3072 2530 3233 2587 iidem
3272 2528 3580 2587 faciendam

1995 2622 2244 2694 exempla
2273 2622 2548 2692 producit,
2594 2631 2655 2677 ut
2681 2630 2736 2680 et
2769 2622 2999 2695 ipsemet
3042 2622 3102 2677 in
3134 2620 3430 2692 Evangelio
3466 2621 3581 2679 Do·

1994 2715 2180 2771 minus
2211 2733 2226 2771 ι
2258 2712 2405 2781 Nisi,
2429 2699 2629 2786 inquit,
2659 2729 2884 2785 manunt
2905 2712 3160 2782 [rumenti
3182 2711 3375 2769 cadens
3404 2714 3459 2767 in
3481 2722 3582 2769 ter·

1994 2823 2114 2861 ram
2137 2815 2404 2861 mortuum
2421 2806 2606 2876 luerit,
2630 2807 2805 2876 ipsum
2841 2804 3015 2861 solum
3045 2815 3221 2860 manet
3243 2807 3284 2861 ⁹.
3310 2805 3474 2879 3oe
3508 2806 3581 2863 At

1993 2896 2298 2968 Apostolus
2328 2910 2455 2953 cum
2488 2897 2633 2953 idem
2667 2904 3053 2967 argumentum
3086 2904 3408 2967 pertractat,
3441 2898 3583 2954 insi·

1993 2988 2233 3059 pientem
2267 3003 2394 3044 eum
2423 2988 2679 3059 appellat,
2716 2987 2812 3060 qui
2852 3002 2960 3044 non
2997 2987 3194 3054 credit,
3229 2995 3325 3043 aut
3353 2989 3581 3045 omnino

1993 3077 2257 3135 ltaesitans
2284 3078 2617 3151 interrogat:
2650 3078 2928 3146 Quomodo
2955 3077 3018 3148 fit
3052 3078 3411 3134 resurrectio?
3431 3078 3581 3151 quali

1991 3151 2170 3224 eutem
2206 3184 2423 3238 corpore
2466 3171 2712 3228 venient?
2739 3169 2820 3226 Ac
2862 3170 3049 3226 statim
3097 3177 3292 3227 eontra
3343 3170 3465 3228 illos
3495 3170 3580 3227 sic

1992 3258 2272 3331 disputat:
2311 3258 2596 3332 Insipicns,
2628 3272 2687 3317 tu
2711 3261 2852 3332 quod
2878 3262 3110 3318 seminas
3128 3278 3234 3317 non
3256 3261 3576 3333 vivificatur,

300 3349 593 3418 πτομενου,
644 3350 743 3406 καὶ
805 3352 869 3405 οὐ
906 3351 1086 3423 ψυχῆς
1123 3351 1226 3423 τὴν
1271 3350 1572 3439 ἀνάστασιν
1617 3349 1887 3421 γίνεσθαι.
1913 3386 1960 3447 c
1990 3349 2096 3404 nisi
2112 3349 2261 3417 prius
2289 3351 2553 3405 moriatur
2575 3351 2624 3406 ⁸.
2658 3349 2779 3417 Qua
2809 3364 2878 3405 ex
2917 3348 3219 3421 Scripturae
3251 3353 3580 3410 auctoritate

304 3438 430 3503 Πῶς
474 3439 732 3517 &sibun
782 3442 1063 3497 ἐλεύσεται
1120 3442 1292 3515 μόντμ
1335 3443 1457 3507 πῶς
1485 3442 1547 3498 δὲ
1578 3440 1888 3512 βασιλεύσει
1994 3438 2154 3511 plane
2205 3439 2344 3496 illud
2394 3440 2777 3513 intelligimus,
2818 3455 2993 3514 grano
3041 3439 3123 3496 illi
3159 3440 3311 3513 quod
3352 3443 3576 3510 cecidit,

299 3527 438 3602 μνη
456 3532 491 3602 ἡ
516 3530 653 3603 ὁμοῦ
679 3531 782 3588 σὺν
798 3531 1012 3605 σώματι
1038 3532 1395 3605 ἐργασαμένη
1415 3531 1479 3586 τὸ
1500 3531 1711 3586 δίκαιον
1754 3530 1789 3601 ἤ
1823 3530 1887 3585 τὸ

296 3618 531 3690 φαῦλον,
559 3621 716 3678 ἔσται
739 3623 852 3696 γὰρ
882 3624 1106 3680 ἐναντία
1137 3625 1235 3679 καὶ
1264 3624 1327 3677 ού
1358 3621 1551 3678 δικαία
1601 3623 1636 3694 ἠ
1674 3622 1880 3693 κρίσις.

1993 3528 2100 3586 hoc
2125 3537 2212 3586 est
2243 3531 2568 3601 consepulto
2601 3532 2842 3604 corpori,
2892 3546 3005 3588 non
3055 3532 3274 3599 animae,
3324 3547 3578 3591 resurre-

1991 3622 2229 3678 ctionem
2259 3637 2383 3679 esse
2407 3622 2822 3681 vindicandam.
2849 3622 3066 3680 Etenim
3089 3622 3365 3694 quomodo
3392 3623 3576 3680 anima

294 3714 411 3770 sola
442 3717 675 3780 veniret,
722 3725 819 3771 aut
866 3732 1101 3786 regnare
1153 3717 1272 3771 sola
1324 3724 1537 3786 posset,
1591 3730 1716 3786 quae
1782 3730 1910 3770 cum
1949 3730 2185 3787 corpore
2222 3717 2369 3785 quod
2400 3717 2612 3788 justum
2642 3719 2745 3789 ‚vel
2789 3717 2996 3774 malum
3049 3722 3138 3773 est
3210 3718 3576 3775 communiter

293 3810 575 3865 exercuit?
603 3808 779 3863 Esset
814 3810 1018 3877 quippe
1058 3808 1292 3877 iustitiae
1336 3808 1566 3865 minime
1591 3818 2024 3867 consentaneum
2059 3818 2117 3866 et
2146 3810 2409 3867 alienum.

367 3904 461 3971 (ζ’.
492 3901 618 3964 Πῶς
647 3902 706 3955 δὲ
735 3901 1134 3974 συσταθήσεται
1166 3903 1197 3957 6
1222 3904 1353 3974 παρ’
1401 3903 1551 3976 αὐτῷ
1593 3903 1882 3976 Μαρκίωνι

298 3991 468 4063 τριῶν
504 3991 689 4062 ἀρχῶν
716 3991 909 4060 λόγος;
969 3991 1098 4057 Πῶς
1135 3992 1195 4047 δὲ
1230 3994 1261 4048 6
1285 3992 1491 4064 ἀγαθὸς
1525 3993 1882 4067 εὑρεθήσεται

302 4085 360 4137 ὲν
392 4086 504 4147 τοῖς
524 4081 621 4137 τοῦ
658 4083 864 4153 φαύλου
896 4084 1118 4158 μέρεσιν
1157 4085 1320 4158 ἔργον
1341 4088 1606 4143 ἐπιτελῶν
1635 4090 1670 4161 ἢ
1698 4108 1878 4163 σωτη-

302 4174 445 4247 ρίας,
478 4176 513 4247 ἢ
564 4174 677 4231 τῶν
728 4175 939 4244 ἄλλωνς
966 4179 1035 4233 Et
1075 4178 1187 4251 γὰρ
1209 4180 1314 4235 οὐκ
1358 4180 1527 4237 αὑτοῦ
1553 4183 1816 4254 τυγχάνει
1848 4182 1881 4236 6

298 4267 521 4339 κόσμος,
564 4268 853 4324 ἀπέστειλε
912 4269 970 4325 δὲ
1019 4270 1189 4327 αὑτοῦ
1234 4273 1329 4327 τὸν
1366 4273 1649 4345 Μονογενῆ
1674 4277 1755 4339 είς
1782 4276 1877 4331 τὸν

294 4359 500 4431 κόσμον
511 4358 697 4415 λαδείν
713 4361 779 4415 ἐκ
794 4360 889 4416 τοῦ
908 4362 1117 4434 κόσμου
1129 4362 1226 4418 τοῦ
1240 4363 1545 4435 ἀλλοτρίου,
1567 4363 1605 4419 ἃ
1622 4363 1699 4436 μὴ
1712 4364 1878 4432 αὐτὸς

293 4452 538 4525 ἔσπειρε,
563 4452 702 4523 μηδὲ
722 4452 997 4525 ἐποίησεν·
1024 4455 1428 4528 εύρεθήσεταιῆ
1446 4455 1558 4511 τῶν
1581 4456 1878 4529 ἀλλοτρίων

294 4543 651 4615 ὲφιιίμενος,ἢ
678 4544 872 4599 πενίαν
898 4546 1291 4617 ὑφιστάμενος,
1328 4548 1425 4603 καὶ
1450 4548 1559 4602 [δια
1600 4549 1677 4620 μὴ
1710 4549 1872 4621 ἔχων,

295 4635 388 4686 ἰπὶ
418 4633 490 4688 τὰ
518 4632 777 4705 ἀλλότρια
796 4634 991 4689 ἑαυτὸν
1019 4637 1305 4701 ἔπιδιδοὺς,
1329 4637 1481 4701 ὅπως
1504 4638 1684 4710 ἐαυτῷ
1710 4657 1879 4711 προσ·

2062 3902 2154 3959 Vl.
2200 3904 2337 3961 Nam
2380 3906 2580 3978 triplex
2621 3905 2758 3962 illud
2796 3903 3092 3962 Marcionis
3119 3904 3448 3977 principium
3477 3920 3572 3963 co·

1989 3992 2198 4050 haerere
2230 4009 2342 4065 quo
2369 3995 2590 4051 demum
2623 4001 2787 4064 pacto
2816 3994 3056 4065 poterit?
3089 3992 3198 4060 Qui
3237 4001 3422 4050 autem
3452 3991 3570 4051 fleri

1989 4089 2194 4155 potest,
2223 4085 2407 4156 utqui
2433 4085 2615 4142 bonus
2642 4085 2737 4151 sit,
2768 4083 2823 4138 in
2845 4084 3139 4141 deterioris
3161 4083 3408 4157 partibus
3428 4099 3570 4157 opus

1987 4175 2246 4232 moliatur
2274 4177 2467 4246 ullum,
2505 4178 2655 4249 quod
2685 4177 2752 4234 ad
2788 4177 3022 4233 salutem
3064 4186 3120 4232 et
3156 4176 3212 4233 id
3259 4176 3434 4249 genus
3462 4177 3570 4235 alia

1986 4265 2294 4336 pertineat!
2331 4264 2391 4321 Si
2423 4267 2570 4323 enim
2606 4281 2718 4324 non
2751 4265 2928 4339 ipsius
2955 4264 3256 4338 peculiaris
3285 4274 3369 4324 est
3401 4283 3568 4324 mun-

1984 4355 2112 4423 dus,
2141 4365 2197 4413 et
2222 4359 2279 4413 in
2303 4359 2557 4415 eumdem
2584 4359 2876 4430 unigenam
2892 4372 3051 4414 suum
3079 4355 3439 4416 nihilominus
3462 4359 3568 4414 im·

1983 4447 2158 4513 misit,
2194 4455 2254 4505 ut
2287 4464 2355 4506 ex
2398 4450 2577 4508 alieno
2620 4448 2828 4505 mundo
2870 4449 3020 4523 quod
3064 4466 3165 4508 nec
3194 4461 3428 4519 severat,
3462 4470 3566 4512 nec

1984 4536 2211 4604 lecerat,
2244 4540 2489 4598 auferret
2517 4561 2532 4598 z
2570 4557 2802 4599 necesse
2833 4549 2921 4598 est
2952 4543 3106 4600 illum
3142 4545 3231 4600 vel
3256 4546 3564 4602 alienorum

1981 4630 2298 4702 cupiditate,
2340 4633 2426 4689 vel
2469 4634 2697 4704 penuria
2737 4634 2990 4691 laborare
3022 4654 3037 4689 ι
3078 4643 3138 4689 ut
3169 4650 3294 4689 cum
3325 4636 3564 4706 propriis

292 4727 639 4799 „optentum
655 4729 729 4801 μὴ
748 4729 1014 4801 πρότερον
1030 4728 1165 4800 εχει,
1185 4730 1381 4795 Πῶςδὲ
1404 4730 1879 4803 κριτὴςᾰναμέσον
1908 4719 1956 4776 D
1983 4730 2191 4791 careat,
2232 4725 2290 4780 in
2317 4739 2383 4782 ea
2412 4740 2536 4796 quae
2570 4725 2799 4783 alterius
2841 4733 2994 4791 sunt,
3036 4740 3233 4781 manus
3277 4725 3560 4793 immittat,

295 4820 617 4892 ἀμφοτέρων
641 4823 932 4893 γενήσεται
954 4823 985 4877 6
1012 4822 1382 4895 Δημιουργ6ς;
1410 4817 1545 4877 Εἶτα
1582 4823 1730 4887 τίνας
1764 4822 1878 4893 ἔχει

293 4913 511 4983 κρῖναις
540 4912 607 4965 Et
639 4911 749 4982 γὰρ
794 4912 907 4967 τῶν
931 4913 1044 4968 ἀπὸ
1083 4912 1180 4968 τοῦ
1219 4912 1334 4968 ἅνω
1379 4913 1591 4968 σκευῶν
1615 4912 1877 4984 δικαστὴς

294 5002 713 5075 προκαθέζεται,
744 5003 919 5076 ἰσχύει
940 5005 1082 5078 ὑπὲρ
1106 5005 1199 5060 τὸν
1218 5006 1332 5060 ἄνω
1348 5024 1363 5038 ·
1385 5007 1573 5079 ἐπειδὴ
1606 5004 1763 5079 φέρει
1791 5007 1876 5071 είς

295 5091 459 5162 μέσον
485 5091 596 5146 τῶν
628 5091 797 5148 αὐτοῦ
825 5096 1124 5164 κριτηρίων
1146 5094 1217 5149 τὰ
1245 5095 1346 5149 τοῦ
1384 5095 1500 5151 ἄνω
1527 5095 1869 5167 ὑπάρχοντα,

289 5178 366 5244 ὥς
402 5179 483 5251 τῷ
525 5181 815 5254 Μαρκίωνι
852 5183 1022 5251 ἔδοξε.
1051 5184 1161 5237 Καὶ
1198 5185 1249 5237 εί
1279 5184 1418 5249 ὅλως
1443 5185 1639 5258 κριτὴς
1666 5185 1871 5256 τυγχά-

291 5286 397 5335 νει,
422 5271 630 5338 δίκαιός
658 5275 795 5330 ἐστι.
821 5275 1094 5346 Δείξωμεν
1111 5275 1171 5329 δὲ
1197 5275 1410 5331 ἀπὸτοῦ
1438 5274 1648 5330 δικαίου
1671 5275 1872 5348 ὀνόμα-

291 5379 407 5427 τος,
432 5365 516 5418 ὅτι
536 5366 730 5421 ταυτόν
744 5366 863 5420 ἔστι
883 5367 947 5421 τὸ
970 5367 1172 5437 ἀγαθὸν
1188 5369 1285 5422 καὶ
1313 5368 1376 5422 τὸ
1388 5368 1614 5422 δίκαιον.
1629 5369 1746 5422 Πᾶν
1764 5367 1871 5440 γὰρ

296 5450 327 5505 ὃ
343 5451 550 5507 δίκαιόν
567 5456 703 5520 ἐστι,
729 5454 889 5510 τοῦτο
920 5457 1013 5512 καὶ
1051 5456 1281 5526 ἀγαθόν.
1332 5456 1466 5510 Ἀπὸ
1488 5457 1598 5527 γὰρ
1609 5456 1705 5511 τοῦ
1733 5458 1873 5527 ἀγα-

294 5542 390 5596 θον
434 5538 575 5599 εἶναι
618 5547 679 5601 τὸ
699 5547 907 5616 ἀγαθὸν
942 5548 1229 5621 χαρίζεται
1268 5531 1496 5613 διιῖαίως
1547 5547 1686 5619 μετὰ
1736 5550 1872 5622 ἀλη-

364 5654 390 5691 ¹
446 5655 580 5717 Luc.
615 5675 753 5728 svn,
780 5664 873 5719 57.
948 5666 970 5696 ¹
997 5662 1158 5720 Joan.
1186 5680 1286 5730 ιιι,
1313 5662 1407 5720 24.

1980 4829 2093 4887 quo
2124 4814 2229 4872 sibi
2259 4830 2382 4888 quae
2415 4826 2578 4874 antea
2607 4832 2722 4874 non
2750 4817 2986 4873 habebat
3013 4824 3267 4889 usurpet.
3292 4816 3562 4876 Conditor

1979 4925 2146 4983 porro
2178 4913 2454 4983 quomodo
2493 4911 2640 4969 inter
2675 4919 2939 4983 utrosque
2969 4910 3263 4984 judicabit,
3295 4919 3390 4967 aut
3422 4927 3562 4982 quo-

1977 5014 2101 5054 rum
2143 4999 2372 5057 omnino
2406 5014 2629 5057 causam
2674 4999 3040 5071 disceptabit?
3088 4998 3149 5055 Si
3192 5000 3338 5058 enim
3366 4998 3436 5056 de
3463 5000 3557 5067 iis,

1975 5103 2101 5161 quae
2127 5090 2183 5146 in
2214 5091 2465 5162 supremi
2508 5090 2661 5149 illius
2700 5090 3051 5165 possessione
3093 5100 3245 5158 sunt,
3286 5090 3557 5160 iudicium

1977 5190 2250 5247 exerceat,
2282 5182 2389 5240 erit
2420 5197 2677 5254 supremo
2724 5183 2819 5239 illo
2861 5181 3177 5255 potentior:
3221 5189 3409 5253 utpote
3459 5182 3557 5255 qui

1977 5287 2102 5345 quae
2132 5273 2254 5343 eius
2291 5283 2425 5333 sunt
2460 5290 2623 5332 suum
2669 5275 2738 5332 ad
2786 5272 3030 5331 tribunal
3077 5272 3557 5346 cognitionemque

1979 5366 2305 5434 transierat,
2353 5377 2414 5425 ut
2447 5368 2670 5441 quidem
2718 5367 2984 5423 narcioui
3031 5366 3263 5423 videtur.
3308 5363 3467 5433 Quod
3503 5365 3555 5421 si

1973 5457 2143 5530 judex
2171 5466 2279 5525 est,
2310 5462 2538 5517 omnino
2568 5460 2754 5532 justus
2785 5459 2977 5516 itidem
3012 5458 3088 5517 sit
3111 5465 3347 5531 oportet.
3380 5456 3551 5527 Atqui

1977 5564 2047 5606 ex
2087 5550 2210 5624 ipso
2245 5552 2384 5624 iusti
2425 5554 2647 5611 nomine
2675 5553 2880 5610 bonum
2909 5567 2976 5610 ac
2998 5552 3211 5627 justum
3244 5550 3394 5611 idem
3426 5562 3591 5608 esso·

1483 5661 1696 5720 ⁸1Cor.
1722 5678 1815 5733 xv,
1849 5664 1943 5731 35,
1971 5666 2064 5727 36.

369 5770 481 5845 (68)
519 5776 602 5832 Οὐ
626 5775 1058 5847 κατακλείομεν
1080 5775 1303 5848 ψυχάς.
1337 5774 1497 5844 Quod
1514 5775 1722 5833 ethnici
1755 5777 1923 5835 certis
1956 5778 2156 5838 ritibus
2181 5780 2471 5839 iaciebant.
2503 5778 2641 5841 mne
2674 5796 2736 5840 ιιι
2762 5778 3025 5841 Εκοίιί.ἕ

1869 5866 2220 5943 Animumque
2260 5872 2507 5942 sepulcro

1455 5930 1758 5991 Condimus.
