3850 6517
293 439 399 496 tt⁷

1281 435 1340 495 S.
1373 435 1721 497 Et’tPnAritt
1781 435 1965 493 ACTA
2002 434 2503 495 BOLLANntANA.

3450 452 3566 510 tte

301 557 401 612 SS.
438 553 595 611 Nerei
637 562 692 611 et
735 553 986 620 Achillei,
1038 554 1214 624 primo
1267 555 1388 610 loco
1439 555 1866 613 nominatorum,
1901 553 1946 608 A
1981 551 2273 616 hemiticis,
2304 569 2452 609 anm»
2479 557 2614 610 1556
2638 557 2813 611 :illatae
2850 556 3050 614 interint
3097 560 3152 616 in
3212 559 3551 631 Bohemiam,

292 663 415 703 mox
444 645 622 710 addit,
659 665 680 700 t
724 643 783 700 S.
820 643 882 700 P.
914 642 980 699 N.
1022 642 1309 716 Epiphanii
1342 645 1588 715 episcopi
1625 643 1809 717 Cypri.
1845 664 1862 695 ι

294 738 480 795 Secuti
520 738 638 793 Ado
684 746 739 793 et
781 734 1090 803 UsuarduS,
1130 737 1382 812 ultimum
1430 740 1708 800 eumdem,
1752 745 1876 807 post

294 837 526 885 caeteros
554 829 770 885 scilicet
800 829 920 900 ejus
934 829 1040 885 diei
1075 838 1369 901 martyres,
1411 829 1732 884 locaverunt
1771 828 1874 884 hac

295 919 411 976 l'ere
460 919 669 991 phrasi,
706 937 726 971 t
763 918 922 990 Apud
945 920 1181 991 Cyprum
1220 918 1278 976 S.
1314 917 1377 975 P.
1412 917 1476 974 N.
1507 917 1818 990 Epiphanii‚
1846 937 1867 970 t

295 1010 557 1081 additque
596 1010 713 1064 Ado
748 1029 768 1063 ι
811 1010 1106 1065 Salaminae
1145 1009 1407 1080 episcopi.
1447 1029 1465 1062 ι
1503 1008 1710 1064 llorum
1737 1008 1872 1064 alio-

286 1114 532 1174 ·rumqne
560 1101 932 1174 posteriorum
970 1101 1213 1173 vestigiis
1247 1101 1518 1155 inbaerens
1546 1100 1873 1156 hodiernum

292 1191 742 1265 'Martyrologium
765 1190 1072 1247 Romanum
1102 1191 1384 1262 sequentia
1413 1190 1575 1246 rerba
1597 1190 1874 1245 recitanda

287 1286 551 1359 'proponit
584 1307 600 1342 ι
644 1307 663 1340 t
706 1284 1000 1341 Salaminae
1029 1284 1085 1340 in
1116 1283 1298 1356 Cypro
1337 1284 1397 1339 S.
1439 1283 1728 1354 Epiphanii
1755 1283 1874 1352 epi-

299 1377 474 1449 seopi,
517 1376 609 1448 qui
662 1375 951 1455 multiplici
979 1374 1291 1431 eruditione
1319 1383 1375 1429 et
1411 1388 1700 1430 sacrarum
1731 1373 1875 1427 litte-

301 1484 486 1524 rarum
531 1468 763 1524 seientia
790 1467 1083 1532 excellens,
1134 1466 1258 1521 vitae
1306 1482 1525 1537 quoque
1563 1466 1873 1530 sanctitate,

298 1566 418 1623 zelo
461 1565 744 1623 catholicae
782 1563 943 1629 lidei,
998 1562 1375 1617 munificentia
1419 1562 1474 1616 in
1514 1576 1779 1631 pauperes
1821 1570 1878 1615 et

296 1659 502 1714 virtute
533 1657 922 1714 miraculorum
955 1653 1166 1712 exstitit
1198 1653 1577 1709 admirandum.
1615 1673 1633 1706 ι

368 1751 425 1807 Δ.
459 1749 613 1806 Sitne
648 1749 828 1805 adhuc
855 1748 1057 1819 aliquis
1086 1747 1207 1817 ejus
1239 1745 1418 1802 cultus
1457 1743 1751 1800 Salamina
1776 1760 1874 1799 su·

1986 652 2041 697 et
2093 642 2291 698 Carolo
2343 643 2411 698 tv
2470 646 2783 716 imperatori
2847 661 3183 718 praesentat-'c
3230 669 3261 709 a
3315 652 3551 711 Protiwa

1986 734 2309 790 Swihowski
2336 736 2638 806 Segniensi,
2657 737 2774 792 viro
2799 741 2939 809 apud
2966 741 3236 800 Bohemos
3264 745 3463 802 illustri
3488 762 3554 802 ac

1982 827 2112 897 regii
2156 828 2482 897 sanguinis:
2532 848 2554 880 ι
2586 846 2707 898 quae
2750 831 2944 886 notitia
2992 848 3140 890 nune
3183 836 3421 907 primum
3468 853 3553 895 re·

1993 928 2166 987 pena,
2199 919 2251 971 iu
2286 918 2470 974 Dianio
2510 919 2798 991 pragensis
2835 922 3090 980 Ecclesiae
3131 926 3309 983 adhuc
3336 928 3554 985 deside-

1984 1018 2154 1062 l‘iillll'.

2054 1100 2109 1153 (i.
2145 1097 2323 1152 Vitam
2358 1101 2498 1169 ejus,
2527 1103 2641 1172 jam
2685 1105 2818 1158 olim
2866 1107 3255 1177 conscriptam,
3307 1109 3360 1163 iu
3413 1125 3551 1166 mss.

1989 1187 2265 1245 Vaticanis
2298 1190 2500 1247 Gra-cis
2531 1197 2856 1264 reperimus,
2884 1198 3026 1253 unde
3055 1214 3174 1253 eam
3209 1198 3402 1256 Latine
3431 1203 3555 1257 red-

1984 1287 2153 1340 ditam
2184 1288 2393 1356 primns
2419 1289 2592 1345 edidit
2620 1291 2979 1361 Lipomanus,
3013 1293 3211 1349 deinde
3244 1291 3464 1360 Surius,
3493 1311 3558 1352 ac

1983 1377 2219 1448 deniqne
2247 1378 2302 1432 P«
2323 1382 2524 1446 tarius,
2562 1383 2630 1436 ad
2662 1384 2870 1439 calcem
2902 1385 3038 1440 tomi
3067 1385 3131 1453 ll,
3166 1385 3352 1443 addito
3390 1385 3558 1442 etiam

1979 1481 2237 1527 contextu
2270 1472 2480 1538 Graeco,
2522 1476 2701 1545 qualis
2730 1476 2783 1531 in
2830 1475 3085 1533 Medicaeo
3130 1479 3275 1551 regis
3308 1477 3559 1534 Francia!

1984 1579 2085 1617 nis.
2135 1564 2534 1632 itu-eniehatnr,
2565 1581 2732 1637 quem
2762 1577 2815 1622 et
2861 1583 2961 1624 nos
3004 1567 3133 1624 inde
3161 1570 3557 1641 transcriptum

1984 1669 2389 1723 acceperamus,
2434 1656 2508 1710 Ea
2555 1666 2724 1714 testes
2764 1668 2820 1714 et
2860 1671 3113 1718 auctores
3168 1660 3384 1732 prael'ert
3423 1661 3561 1716 duos

1981 1747 2102 1816 eius
2145 1748 2483 1818 discipulos;
2523 1751 2706 1821 primo
2746 1749 3036 1816 loannem,
3079 1753 3240 1823 quasi
3287 1751 3378 1806 hic
3420 1753 3561 1807 inter

299 1859 420 1915 per,
449 1853 545 1900 aut
583 1842 806 1914 vestigia
849 1841 1086 1913 sepulcri
1131 1839 1261 1895 olim
1307 1849 1417 1895 tam
1468 1838 1685 1905 famosi,
1729 1838 1873 1892 haud
1983 1839 2102 1907 ejus
2128 1839 2430 1910 discipulos
2468 1841 2524 1895 in
2566 1843 2901 1898 monasterio
2935 1858 3099 1908 uinus,
3138 1857 3203 1900 ac
3239 1843 3557 1914 peregrina·

301 1933 460 1990 facile
500 1932 730 1989 dixero:
765 1931 1026 1988 credibile
1055 1939 1153 1987 est
1185 1945 1309 1986 cum
1349 1929 1572 1984 fortuna
1621 1929 1723 1985 loci
1766 1944 1871 1983 cae·

301 2037 415 2083 tera
458 2041 676 2098 quoque
709 2041 832 2081 esse
872 2026 1070 2095 partim
1110 2023 1340 2082 abolita.
1364 2023 1560 2092 partim
1606 2021 1876 2088 Fatuagu-

299 2129 441 2172 stam
468 2117 767 2184 translata;
803 2116 893 2171 uhi
922 2116 1090 2172 etiam
1124 2115 1233 2171 hoc
1267 2124 1509 2184 tempore
1541 2130 1570 2169 a
1609 2114 1876 2186 Cinistia-

300 2211 388 2265 nis
430 2209 623 2265 t'estum
659 2208 779 2280 ejus
814 2207 1131 2264 solemniter
1174 2208 1284 2278 agi,
1335 2207 1536 2261 indicio
1585 2217 1688 2269 est,
1729 2207 1874 2277 quod

301 2300 546 2371 Thomas
570 2299 914 2363 Porcaccius,
954 2299 1010 2354 in
1038 2314 1141 2355 suo
1173 2296 1246 2351 De
1276 2299 1469 2352 insulis
1493 2299 1679 2351 vituitdi
1707 2302 1878 2364 lauto-

303 2390 535 2443 sieribtts
571 2387 758 2444 italico
788 2404 990 2459 opere,
1020 2398 1149 2443 ante
1182 2403 1359 2442 annos
1400 2387 1618 2440 circiter
1656 2397 1876 2440 centum

308 2479 549 2549 primum
574 2479 743 2545 editu,
767 2478 971 2534 scribat
1001 2495 1125 2549 pag.
1162 2478 1264 2531 150
1295 2477 1552 2531 editionis
1584 2475 1876 2538 Patavinae,

318 2589 339 2620 ι
372 2583 438 2637 sp
469 2567 686 2621 luucatn
728 2568 803 2623 ibi
850 2569 1063 2635 baberi,
1102 2569 1168 2627 ,in
1219 2583 1385 2638 quam
1435 2566 1493 2621 S.
1544 2565 1880 2636 Epiphanius

318 2656 657 2728 poenitcntiae
679 2671 842 2712 causa
866 2657 1057 2712 solitus
1097 2673 1216 2714 sese
1247 2657 1411 2711 suerit
1432 2656 1676 2725 recipere
1710 2674 1722 2709 :
1756 2669 1880 2724 quae

305 2749 500 2804 cadem
532 2747 588 2802 in
614 2747 902 2820 pervigilio
929 2745 1049 2802 sesti
1085 2748 1296 2805 stillare
1324 2745 1513 2816 incipit
1540 2761 1740 2815 aquam
1772 2745 1880 2799 cla-

305 2853 419 2893 ram
461 2837 875 2910 limpidamque,
921 2853 1095 2909 neque
1138 2854 1202 2894 ea
1243 2838 1670 2893 stillano-linem
1721 2836 1881 2889 hahet

307 2937 434 2983 ante
463 2929 624 2985 linem
653 2928 756 2984 diei
790 2931 1076 3001 sequentis
1112 2949 1126 2986 z
1160 2930 1304 2985 hanc
1331 2940 1510 2984 autent
1541 2944 1742 2997 aquam
1773 2943 1882 2981 tna·

312 3036 415 3093 gua
443 3036 567 3078 cunt
618 3023 903 3080 devotione
948 3041 982 3079 a
1048 3025 1234 3095 uoltis
1273 3022 1476 3093 excipi,
1523 3020 1882 3089 adhibet-ique

309 3114 514 3171 utiliter
553 3116 621 3172 ad
661 3118 981 3174 morborum
1028 3116 1351 3171 curationes
1402 3113 1668 3169 divinitus
1714 3112 1883 3182 impe-

306 3211 526 3265 trandas
552 3225 650 3283 per
674 3211 873 3266 metita
901 3209 1215 3281 Epiphanii.
1260 3229 1280 3262 ι
1307 3209 1422 3264 Sub
1445 3208 1606 3279 cujus
1640 3209 1880 3272 nomine,

312 3302 369 3359 in
395 3301 605 3359 boreali
643 3312 799 3372 parte
835 3303 1053 3368 insulae,
1090 3303 1231 3358 inter
1273 3302 1552 3358 Nicosiam
1583 3314 1637 3356 ct
1677 3302 1887 3356 Cerau-

306 3391 457 3462 nias,
492 3390 767 3462 hodieque
803 3394 1034 3448 babetur
1065 3393 1220 3448 vicus
1260 3394 1423 3464 vulgo
1443 3392 1630 3449 Sancti
1657 3391 1891 3463 Piplrani

307 3483 527 3551 di;ctus
572 3499 686 3556 quo
726 3483 851 3542 loeo
911 3484 1082 3554 luisse
1117 3487 1400 3558 templum,
1448 3489 1503 3542 in
1543 3484 1761 3541 Nicaena
1790 3501 1894 3556 sy—

311 3579 457 3633 nodo
509 3579 881 3644 nominatum.
928 3579 1064 3635 mibi
1120 3580 1448 3651 persuum-,o
1496 3586 1718 3650 propter
1772 3579 1893 3647 eius

309 3652 685 3730 celebritatem
719 3676 848 3732 olim
879 3683 1093 3731 tantam
1128 3684 1190 3731 ut
1226 3673 1662 3745 promontorium
1696 3674 1762 3727 ad
1792 3672 1896 3727 Ce-

313 3762 559 3828 munias,
584 3765 747 3836 vulgo
770 3764 986 3821 Cerines
1026 3779 1350 3825 excurrens,
1392 3777 1591 3816 nomen
1642 3761 1780 3817 idem
1819 3770 1896 3815 te-

312 3864 443 3910 neat
471 3853 528 3909 in
561 3854 835 3909 insultario
876 3852 1163 3908 Benedicti
1201 3849 1464 3914 Boi-doni,
1494 3864 1694 3905 excuso
1723 3849 1895 3905 Vene-

317 3945 410 4000 tiis
438 3961 586 3998 anno
614 3945 773 3997 ism.

406 4034 461 4087 5.
496 4036 675 4108 Atque
703 4030 833 4085 hinc
879 4029 1262 4088 verosimiliter
1289 4030 1556 4101 conjicere
1591 4038 1761 4104 possit
1794 4037 1894 4091 ali—

1987 1932 2196 1985 tionum
2243 1944 2522 1986 var—rum
2559 1947 2747 1989 comes
2788 1932 3103 1989 individuus
3144 1928 3413 2003 usque‘iu
3454 1930 3559 2004 Cy·

1986 2040 2145 2095 prum
2175 2025 2459 2094 scripserit
2495 2040 2558 2079 ea
2590 2039 2716 2095 qnae
2747 2033 3005 2080 sanctum
3039 2024 3248 2079 viderat
3270 2021 3563 2080 facientem

1990 2115 2273 2181 miracula,
2302 2128 2481 2185 usque
2506 2115 2563 2168 iu
2583 2115 2732 2169 diem
2762 2129 2874 2185 quo
2899 2113 3066 2184 eoepit
3085 2122 3390 2168 extremum
3415 2112 3557 2185 ipse-

1989 2215 2100 2260 met
2120 2215 2387 2275 aegrotare
2423 2220 2437 2256 ε
2471 2204 2671 2260 deinde
2703 2204 3011 2275 Polybium,
3036 2204 3124 2260 cui
3160 2204 3301 2260 idem
3324 2203 3563 2261 loa-tres

1988 2297 2288 2351 moriturus
2307 2297 2648 2366 conscriptas
2672 2311 2703 2350 a
2738 2311 2798 2351 se
2838 2296 3068 2352 chartas
3092 2294 3398 2360 tradiderit,
3429 2311 3563 2368 prae-

1988 2388 2195 2458 cipiens
2224 2396 2284 2442 ut
2322 2402 2447 2457 quae
2491 2396 2967 2457 consequerentur
3006 2386 3294 2442 mandaret
3326 2387 3565 2455 litteris;

1989 2479 2423 2551 promittensque
2467 2478 2803 2548 adjiciendos
2852 2479 2903 2533 ei
2958 2493 3135 2534 annos
3178 2478 3325 2544 vitae.
3358 2488 3419 2533 ut
3455 2487 3565 2536 toto

1990 2581 2233 2641 tempore
2262 2579 2606 2641 permaneret
2635 2569 2779 2641 apud
2816 2570 3185 2640 Epiphanium
3217 2587 3231 2625 τ
3269 2571 3363 2641 qui
3399 2570 3565 2627 etiam

1991 2660 2253 2733 Polybius
2318 2661 2444 2716 loco
2491 2659 2725 2717 loannis
2784 2662 2856 2716 ab
2918 2658 3223 2732 Epiphanio
3283 2661 3567 2718 ordinatus

1990 2755 2292 2825 presbyter,
2334 2768 2592 2823 eumque,
2624 2763 2678 2808 et
2708 2751 2938 2807 Romam
2976 2763 3032 2807 et
3072 2753 3156 2809 bis
3187 2753 3563 2810 Constantino-

1990 2848 2156 2918 polim
2179 2857 2236 2902 ct
2261 2846 2526 2900 aliorsum
2556 2845 2874 2913 comitatus,
2912 2854 3190 2901 mortuum
3225 2845 3493 2900 revexerit
3516 2843 3566 2897 in

1989 2942 2267 3013 Cyprum:
2300 2950 2356 2994 et
2389 2939 2518 3006 quia
2545 2953 2780 3009 corpore
2814 2938 2937 3009 ejus
2974 2938 3154 2993 adhuc
3203 2937 3476 3007 insepulto
3504 2948 3566 2990 ex

1993 3044 2249 3099 suprema
2299 3029 2421 3097 eius
2471 3028 2751 3083 voluntate
2801 3026 3097 3097 proiectus·
3131 3027 3185 3080 in
3235 3022 3567 3080 Thebaidem

1996 3123 2067 3177 ibi
2097 3132 2324 3178 coactus
2362 3121 2532 3177 luerit
2588 3121 2895 3199 subsistere
2944 3118 3123 3175 sactus
3170 3114 3567 3173 Rhinoeoruris

1993 3213 2305 3283 episcopus,
2341 3220 2465 3281 post
2484 3226 2688 3265 annum
2726 3225 2897 3265 unum
2934 3216 3030 3263 ant
3061 3207 3301 3279 amplius
3331 3207 3565 3275 scripse·

1997 3304 2067 3357 rit
2099 3302 2166 3357 ad
2199 3301 2489 3372 Epiphanii
2531 3315 2909 3356 successorem
2943 3298 3231 3365 Sabinum,
3273 3298 3343 3353 ah
3387 3311 3569 3367 eoque

1995 3393 2212 3463 petierit
2233 3394 2300 3449 de
2332 3394 2496 3449 modo
2517 3403 2571 3448 et
2595 3402 2843 3464 tempore
2869 3393 3167 3464 sepulturxe
3186 3389 3459 3461 praedictae
3479 3402 3568 3460 pet

1994 3485 2204 3540 litteras
2251 3483 2494 3539 instrui:
2528 3495 2694 3553 atque
2744 3484 2816 3537 ita
2864 3497 2991 3538 cum
3053 3482 3243 3540 Sabini
3301 3494 3569 3552 responso

2001 3576 2189 3631 linitur
2218 3592 2278 3632 ea
2314 3575 2455 3631 Vita.

2068 3666 2285 3723 Utinam
2324 3685 2389 3722 ea
2445 3667 2527 3722 sic
2567 3676 2627 3722 ut
2682 3666 3066 3737 praeferuntur,
3104 3666 3238 3722 Acta
3297 3662 3487 3722 essent'
3513 3680 3573 3721 ae

1997 3760 2222 3829 scripta.
2252 3757 2369 3812 Non
2416 3757 2731 3812 doleremus
2763 3758 2817 3810 in
2865 3757 2960 3810 tali
3005 3754 3122 3810 vna
3168 3755 3307 3810 nihil
3349 3754 3575 3810 omnino

1996 3867 2140 3916 esse,
2174 3851 2323 3921 quod
2355 3859 2474 3904 tuto
2521 3848 2671 3905 credi
2710 3847 2902 3919 possit,
2931 3848 3025 3905 sed
3054 3847 3204 3903 omni
3241 3846 3348 3903 lide
3368 3844 3573 3917 dignis·

1999 3947 2135 3999 sium
2183 3946 2362 4000 forent
2414 3944 2650 4014 singula,
2699 3958 2874 4014 neque
2920 3941 3081 3998 facile
3116 3941 3330 4012 uspiam
3379 3946 3475 3993 aut
3511 3937 3575 3993 ab

2000 4037 2232 4106 ipsomet
2264 4034 2573 4108 Epiphanio
2604 4046 2699 4091 aut
2728 4051 2759 4091 a
2787 4047 3095 4090 coaevorum
3125 4041 3414 4087 auctorum
3442 4027 3575 4085 alio-

326 4126 481 4197 quis,
515 4123 597 4177 vet
625 4138 720 4178 tot
722 4139 824 4194 pus
860 4123 939 4180 rel
967 4130 1172 4195 partem
1216 4124 1507 4181 notabilem
1544 4141 1793 4197 conponis
1831 4144 1896 4184 eo
2004 4143 2126 4182 rum
2177 4129 2400 4197 scriptis
2445 4128 2828 4183 invenirentur
2857 4125 3191 4196 discrepare.
3245 4120 3404 4179 Nunc
3449 4134 3576 4178 vem

331 4215 642 4275 translatam
700 4214 871 4273 fuisse
917 4216 1250 4287 aliquando,
1302 4218 1464 4289 idque
1527 4219 1895 4274 celebritatem
2004 4216 2259 4290 plurimis
2293 4217 2425 4271 Acta
2457 4231 2521 4271 ea
2552 4232 2675 4272 esse
2700 4216 2947 4290 conserta
2988 4214 3291 4270 mendaciis
3328 4211 3577 4284 judicare

327 4309 445 4366 loco
467 4307 677 4364 dedisse
710 4317 801 4363 :et
842 4309 927 4363 vel
983 4306 1112 4364 binc
1142 4309 1225 4365 vel
1267 4324 1332 4364 ex
1391 4308 1567 4366 ruinis
1606 4309 1900 4365 Salamiuae
2000 4319 2228 4380 cogetur
2260 4324 2387 4364 cum
2423 4307 2681 4372 Barcino,
2712 4309 2780 4363 ad
2808 4322 2898 4362 au.
2932 4305 3038 4361 572
3073 4320 3227 4360 num.
3263 4302 3391 4370 1⁰8,
3429 4301 3577 4374 quis·

319 4400 660 4471 deportatum
691 4398 863 4454 luisse
899 4396 1287 4463 Beneventum,
1316 4399 1776 4469 quemadmodum
1809 4415 1899 4453 as·
2004 4402 2126 4470 quis
2151 4416 2271 4456 cam
2300 4400 2741 4456 contuleritcum
2765 4398 2904 4455 infra
2927 4395 3303 4470 proponendis
3328 4393 3579 4451 censuris

320 4493 458 4549 serit
485 4489 696 4548 Marius
727 4493 795 4547 de
829 4493 887 4545 V·
876 4507 1020 4564 tpera
1051 4492 1120 4548 de
1151 4493 1359 4549 sanctis
1390 4493 1434 4544 B
1467 4490 1795 4547 neventanis
1825 4490 1894 4544 ad
2005 4509 2100 4547 seu
2150 4493 2657 4557 observationibus;
2712 4508 2836 4547 uam
2875 4491 3072 4562 ipsam,
3096 4489 3208 4560 jam
3253 4485 3452 4557 saeplus
3477 4482 3577 4539 La·

321 4585 469 4640 hone
498 4583 664 4649 dictu,
693 4583 883 4640 ollii-io
916 4583 1118 4655 duplici
1147 4595 1431 4655 propterea
1459 4593 1729 4650 notatum,
1757 4584 1890 4638 alle·
1930 4613 1975 4668 D
2007 4583 2142 4649 tine,
2173 4584 2342 4641 semel
2377 4584 2541 4637 etiam
2579 4582 2767 4638 Graece
2812 4596 3093 4643 excusam,
3127 4576 3409 4642 recudere,
3457 4585 3579 4632 tan·

320 4692 458 4744 gans
498 4693 519 4726 t
545 4674 988 4748 Martyrologium
1019 4691 1120 4733 ms.
1157 4677 1443 4748 antiquum
1478 4677 1532 4731 in
1563 4676 1893 4732 bibliotheca

322 4764 700 4822 beneventana
733 4768 1030 4831 exsistens,
1075 4768 1351 4839 signatum
1393 4785 1447 4823 n.
1491 4768 1597 4823 ¹78
1632 4770 1739 4823 sub
1762 4783 1896 4838 prae·

321 4856 466 4912 dicta
494 4858 583 4912 die
613 4876 627 4912 z
657 4873 772 4930 qno
798 4875 927 4916 vcro
980 4871 1225 4934 tempore
1261 4863 1486 4918 allatum
1536 4864 1609 4919 sit
1649 4880 1755 4918 non
1799 4864 1877 4918 ad·

324 4947 482 5014 verti,
534 4965 554 4998 ι
599 4947 943 5018 significans.
989 4949 1155 5006 Plura
1210 4953 1279 5006 de
1318 4953 1675 5022 reliquiarum
1724 4963 1900 5008 tanta-

327 5054 446 5095 rum
479 5038 743 5110 qualitate
790 5048 848 5096 ct
896 5043 1247 5099 veneratione
1302 5044 1564 5099 hodierna
1616 5045 1900 5113 cupientes

325 5131 560 5197 discere,
586 5131 800 5189 litteras
842 5131 917 5188 ad
957 5132 1168 5204 collegii
1227 5135 1356 5190 istic
1405 5135 1577 5192 nostri
1632 5144 1899 5191 rectorem

326 5212 599 5289 dedimus,
642 5223 805 5294 cujus
854 5239 1218 5296 responsum,
1262 5227 1524 5282 hactenus
1565 5227 1769 5283 l'rustra
1807 5243 1899 5282 ex·

326 5323 659 5384 spectatum,
701 5316 748 5371 si
783 5317 1088 5387 aliquando
1117 5318 1472 5388 accipiamus,
1503 5321 1748 5374 notitiam
1775 5319 1900 5375 inde

330 5406 587 5462 haustam
631 5423 738 5464 nou
785 5409 1154 5467 invidebimus
1193 5412 1285 5482 pio
1332 5412 1544 5468 lectori.
1575 5412 1796 5468 luterim
1837 5427 1903 5467 ex
1959 5399 1961 5402 ’

327 5498 561 5568 epistola
614 5497 836 5556 Thomae
885 5501 954 5558 de
1009 5502 1323 5560 Czechorod
1379 5504 1621 5575 episcopi
1674 5502 1905 5558 Soman-

328 5583 570 5640 driensis
595 5584 952 5659 ejusdemque
977 5588 1271 5661 Pragensis
1297 5592 1511 5656 decani,
1557 5593 1624 5647 ad
1672 5608 1759 5648 me
1799 5595 1903 5648 sub

327 5675 498 5732 linem
524 5679 651 5733 anni
673 5679 806 5736 ¹677
840 5684 977 5736 ‹latae
998 5697 1235 5754 suggero
1255 5700 1271 5750 ς
1290 5684 1434 5753 quod
1461 5704 1479 5736 ι
1504 5685 1700 5754 aliquas
1723 5704 1740 5736 ι
1763 5685 1909 5754 ejus-

329 5767 457 5823 dem
516 5786 537 5821 t
592 5769 653 5827 S.
719 5771 1010 5846 Epiphanii
1057 5776 1311 5846 reliqum,
1361 5791 1469 5832 una
1515 5793 1638 5832 cunt
1685 5777 1908 5834 brachio

333 5858 399 5919 3.
424 5857 644 5921 Theclae
667 5867 917 5949 etfeapite
949 5867 1114 5925 unius
1156 5883 1223 5923 ex
1269 5866 1656 5927 innocentibus
1691 5868 1903 5928 Bethle-

2007 4685 2121 4730 tum
2145 4686 2207 4732 ut
2224 4674 2523 4741 refellatur
2548 4688 2729 4745 operae
2765 4673 2997 4745 pretium
3047 4686 3155 4724 non
3208 4674 3314 4724 est.
3356 4667 3577 4722 Tolera·

2007 4784 2132 4823 tuus
2152 4767 2373 4840 quidem
2421 4766 2573 4821 Vitas
2624 4767 2676 4821 in
2719 4767 2822 4822 hoc
2859 4777 3025 4836 opere
3064 4761 3288 4826 multas,
3315 4760 3447 4817 dum
3476 4772 3578 4816 tue·

2006 4860 2172 4914 hores
2214 4873 2322 4914 non
2373 4867 2687 4937 suppetunt,
2732 4856 2900 4913 naevis
2950 4854 3285 4927 quandoque
3325 4851 3581 4925 gravibus

2005 4967 2258 5022 aspersas
2292 4967 2563 5023 :quarum
2596 4959 2850 5006 auctores
2882 4950 3180 5013 credimus,
3215 4948 3356 5002 boun
3389 4958 3579 5018 qttant-

2007 5044 2113 5106 ris.
2153 5043 2383 5099 nimium
2416 5052 2597 5096 tamen
2630 5041 2868 5112 simplici
2897 5041 3005 5096 tide
3036 5036 3326 5094 mandasse
3362 5037 3581 5102 litteris.

2006 5152 2129 5205 quae
2163 5136 2318 5207 plura
2349 5144 2471 5206 post
2501 5135 2701 5190 saecula
2726 5135 2923 5205 partim
2951 5149 3018 5188 ex
3046 5129 3439 5187 vetustioribus
3460 5144 3581 5186 nto-⁵

2008 5229 2287 5283 numeratis
2312 5269 2327 5295 ,
2390 5227 2586 5298 partim
2652 5244 2719 5283 ex
2785 5225 3129 5294 popularium
3194 5219 3583 5278 traditionibus

2008 5321 2392 5390 compilarunt.
2418 5318 2526 5374 Sed
2554 5333 2651 5396 eas
2680 5316 2916 5388 artrplius
2945 5316 3089 5397 serre
3129 5330 3239 5371 non
3263 5328 3580 5386 possumus,

2008 5427 2133 5481 quae
2174 5413 2313 5466 tnala
2358 5411 2466 5467 lide
2503 5410 2820 5464 nominihus
2840 5408 3034 5464 alienis
3074 5406 3393 5480 supposita,
3429 5412 3583 5462 tanto

2010 5503 2241 5574 gravius
2268 5501 2552 5559 offendunt
2572 5500 2638 5556 ad
2662 5502 2774 5557 veri
2806 5499 3042 5572 falsique
3063 5498 3357 5557 discrimen
3379 5497 3581 5553 exerci-

2011 5606 2183 5650 tatum
2224 5597 2504 5657 lectorem,
2528 5604 2739 5664 quanto
2787 5595 3003 5664 turpius
3047 5593 3336 5663 imponunt
3368 5587 3579 5658 simpli-

2010 5689 2274 5744 cioribus.
2305 5686 2443 5749 Cum
2480 5686 2626 5741 enirn
2665 5687 2771 5741 illis
2807 5696 3034 5741 eatenus
3075 5683 3161 5753 pia
3211 5686 3429 5747 aptetur
3470 5692 3581 5735 cre·

2011 5778 2236 5843 dulitas,
2264 5786 2535 5849 quatenns
2561 5777 2706 5833 nulla
2732 5777 2786 5832 in
2817 5775 3157 5832 contrarium
3178 5772 3361 5826 obstat
3386 5776 3578 5825 aucto·

2016 5870 2149 5928 ritas
2180 5871 2382 5928 certior
2404 5868 2486 5926 vel
2520 5867 2663 5926 ratio
2695 5867 2981 5926 dubitandi
3013 5858 3381 5935 praegnantior
3408 5872 3426 5914 τ
3458 5857 3581 5916 istis
