3850 6517
295 465 390 524 itt

1321 455 1386 514 S.
1427 454 1774 516 tPn‘uANtt
1806 457 1991 517 Ac'rs
2024 459 2527 519 Romanulam.

3442 467 3547 526 1δὶ

293 588 520 646 tentiam
550 586 675 658 eius
701 581 1190 652 esseagnovisset,
1225 578 1370 636 idem
1397 594 1607 636 seeum
1638 578 1732 635 illo
1753 595 1868 635 sen·
1898 587 1945 643 Α
1974 581 2087 636 tine
2135 581 2284 637 edita
2334 580 2639 636 habebatur
2694 579 2751 634 in
2812 578 2857 635 ll
2916 590 3062 636 tomo
3098 581 3337 651 Operum
3384 582 3545 653 ejus,

289 685 400 737 tire
427 679 675 750 scripsit,
695 673 1020 745 etorigenis
1047 671 1218 728 libros
1239 670 1562 726 calumniari
1591 670 1814 735 institit,
1845 688 1867 724 ι

291 774 350 828 in
371 787 482 844 quo
509 768 884 843 reprobando,
912 765 964 822 si
997 764 1228 822 haberet
1271 761 1584 834 adiutorem
1635 761 1876 833 Epipha-

291 863 473 929 uium,
507 862 724 918 l'aeilem
775 859 882 917 sihi
935 855 1244 928 spondebat
1295 854 1367 911 de
1420 854 1712 911 monachis
1765 855 1876 912 illis

289 954 607 1018 victoriam,
637 951 732 1023 qui
767 949 898 1006 dum
945 947 1064 1004 Deo
1109 947 1435 1018 incorporeo
1480 946 1738 1018 eorporis
1775 949 1876 1002 hn-

291 1046 450 1102 mani
507 1042 740 1100 formam
797 1056 910 1098 uon
959 1055 1086 1097 esse
1119 1037 1487 1096 defendebant
1543 1038 1877 1096 auctoritate

293 1138 576 1210 origenis,
627 1135 732 1192 suh
777 1134 990 1191 invidia
1041 1132 1210 1204 hujus
1257 1131 1495 1189 nominis
1547 1131 1876 1188 videbantur

299 1234 468 1300 posse
490 1227 746 1299 opprimi.
783 1226 944 1295 Quod
973 1239 1105 1283 eum
1141 1239 1308 1296 agere
1334 1221 1702 1294 Theophilum
1725 1222 1876 1279 vide-

300 1329 384 1376 ret
409 1319 856 1391 chrysostomus,
884 1315 1192 1374 monachos
1217 1314 1343 1372 illos
1365 1299 1610 1370 nou‘nist
1637 1321 1788 1371 reeta
1807 1312 1878 1370 de

303 1410 416 1468 Deo
451 1420 684 1468 eaoenus
727 1411 932 1468 sentire
961 1407 1332 1480 comperiens,
1378 1407 1692 1463 merehatur
1719 1415 1876 1463 extra

301 1500 522 1570 eulpam
549 1498 737 1556 haberi
769 1499 826 1554 ia
861 1512 932 1554 eo
969 1513 1139 1569 quem
1169 1496 1307 1569 ipsis
1337 1495 1636 1568 prestabat
1666 1493 1872 1554 favore.

299 1590 574 1647 Caternm
601 1590 686 1647 uti
729 1588 1091 1661 Epiphaniam
1122 1588 1193 1646 de
1232 1586 1878 1660 Anthropotnorphoseos

301 1680 498 1737 heresi
551 1687 864 1752 suspectu-
911 1678 1252 1749 Theophilus
1314 1677 1593 1734 immerito
1645 1675 1877 1744 hahuit,

303 1791 326 1825 t
361 1772 682 1829 haereticum
725 1781 784 1828 et
821 1772 1144 1830 schismatis
1184 1780 1470 1827 auctorem
1503 1788 1524 1823 ι
1553 1769 1609 1825 in
1647 1769 1879 1841 epistola

297 1864 532 1934 quadam
560 1864 732 1934 priori
760 1879 994 1932 vocans,
1027 1865 1110 1920 uti
1129 1862 1326 1921 scribit
1355 1859 1638 1917 Palladius
1667 1860 1724 1916 in
1749 1859 1880 1917 nia-

1970 677 2135 728 etiam
2162 671 2351 726 multis
2383 672 2439 725 in
2463 671 2601 727 locis
2631 686 2663 726 a
2705 686 2767 726 se
2808 671 3141 741 recognitam
3194 671 3327 727 dare
3368 672 3546 728 voluit

1976 761 2267 834 Dionysius
2295 761 2573 827 Petavius,
2608 781 2631 816 ι
2669 777 2737 818 ne
2757 761 2912 834 quid,
2947 762 3096 833 qnod
3132 759 3416 833 Epiphanii
3438 777 3543 819 uo·

1976 855 2125 910 mine
2153 864 2432 926 utcunque
2454 863 2539 911 est
2575 854 2923 926 inscriptum,
2956 853 3297 909 desideraret
3314 854 3539 910 lector.-

1976 947 2305 1019 Quanquam
2333 947 2479 1003 enim
2518 946 2637 1020 ipse
2687 959 2911 1017 quoque
2940 943 3243 1016 judiearet,
3291 945 3439 1015 quod
3480 959 3547 1000 ea

1980 1059 2003 1095 ι
2043 1041 2099 1096 in
2125 1040 2401 1112 plerisque
2434 1039 2635 1095 l'ahuln
2662 1047 2748 1095 est
2779 1052 2947 1110 quam
2998 1036 3245 1093 historia
3291 1036 3545 1107 propior,

1971 1130 2299 1204 iamdudum
2354 1132 2411 1188 in
2470 1132 2765 1187 Annalibus
2823 1129 3093 1186 Barouius
3138 1126 3461 1192 admonuit,
3522 1144 3543 1179 ι

1973 1223 2234 1295 sperahat
2264 1231 2445 1278 tamen
2478 1239 2498 1274 ι
2524 1220 2640 1279 lore
2664 1240 2683 1273 ι
2714 1229 2775 1277 ut
2804 1239 2827 1275 ι
2859 1221 2914 1277 in
2938 1219 3203 1277 lutulenta
3230 1218 3321 1276 illa
3352 1233 3549 1274 narra·

1974 1316 2129 1374 tione
2163 1335 2183 1370 ι
2213 1324 2359 1372 esset
2381 1333 2404 1369 ι
2448 1313 2702 1371 fortassis
2731 1312 2880 1385 quod
2938 1297 3129 1370 tollere
3161 1312 3341 1384 possis
3373 1329 3389 1367 ε
3418 1325 3547 1366 nam

1980 1426 2003 1462 ι
2038 1406 2267 1478 alioqui,
2303 1425 2324 1460 ι
2357 1407 2559 1478 inquit,
2593 1425 2613 1459 ι
2644 1405 2817 1462 multa
2834 1405 3235 1474 continet,quae
3260 1417 3390 1460 eum
3419 1416 3549 1457 vera

1976 1508 2311 1572 receptaque
2335 1499 2406 1556 ah
2434 1498 2697 1556 omnihus
2732 1498 2964 1555 historia
2994 1505 3363 1554 consentanea
3396 1503 3547 1562 sunt,

1978 1595 2073 1651 sed
2112 1594 2302 1650 eadem
2336 1592 2571 1649 admista
2606 1591 2762 1649 falsis
2788 1607 2806 1647 ε
2835 1591 2892 1647 in
2919 1591 3122 1662 quihus
3144 1588 3546 1668 discernendis,

1978 1686 2025 1740 si
2052 1684 2189 1740 nihil
2218 1684 2389 1750 aliud,
2421 1695 2595 1749 tuum,
2624 1683 2799 1740 lector
2828 1682 3250 1747 humanissime,
3275 1681 3547 1753 judicium

1978 1792 2045 1834 ac
2104 1777 2327 1850 κριτικῇ
2385 1777 2488 1849 τῆς
2548 1776 2791 1848 ἱστορίας
2843 1774 3072 1847 δύναμις
3120 1774 3367 1830 exerceri
3418 1787 3549 1844 pos-

1979 1868 2073 1925 sit.
2111 1886 2132 1920 ι
2170 1867 2303 1936 Quae
2346 1875 2404 1922 et
2442 1879 2715 1937 quatenus
2760 1880 2890 1922 vera
2926 1866 3075 1922 credi
3122 1865 3377 1930 debeam,
3414 1863 3551 1920 satis

297 1953 424 2024 ¹⁰8⁰
459 1953 530 2010 ‘¹0
551 1954 612 2009 S·
643 1951 854 2010 'mne
889 1954 1331 2027 Chrywflwmoi
1363 1952 1448 2009 δῖα
1479 1951 1678 2008 merito
1697 1953 1877 2022 potuit
1905 1938 1949 1994 Β
1974 1976 2043 2017 ex
2072 1960 2343 2031 capitibus
2374 1958 2810 2031 praecedentibus
2830 1958 3005 2015 lector
3036 1955 3305 2027 intelliget
3336 1974 3351 2010 ε
3380 1969 3547 2026 quam

293 2063 424 2104 eum
459 2047 610 2118 apud
646 2062 706 2103 ae
731 2056 1060 2104 excusatum
1091 2046 1504 2119 probatumque
1539 2042 1874 2116 significare,

295 2152 408 2194 uon
455 2148 518 2194 ut
567 2137 1186 2210 Anthropomorphitam
1233 2137 1420 2209 (quod
1467 2150 1658 2192 revera
1706 2135 1876 2191 etiam

296 2223 639 2299 Theophilus
667 2244 776 2286 nou
807 2228 959 2300 snit),
999 2229 1098 2288 sed
1127 2237 1188 2286 ut
1231 2227 1524 2286 commode
1557 2226 1674 2299 jam
1711 2226 1879 2283 intel·

293 2319 524 2387 lectum,
559 2332 719 2392 prout
739 2322 970 2393 intelligi
993 2321 1346 2394 posseetiam
1373 2320 1707 2377 Ammonius
1725 2334 1877 2376 com·

299 2411 584 2480 probarat.

381 2502 478 2557 44.
507 2501 676 2559 llulta
697 2513 828 2559 suut
851 2504 959 2561 alia
985 2504 1136 2560 haud
1153 2502 1338 2576 magd
1360 2502 1654 2568 momenti,
1671 2517 1794 2574 qua
1818 2502 1876 2558 in

317 2587 618 2644 Sutor-em
637 2592 708 2648 de
747 2590 1054 2664 Epiphanio
1091 2593 1402 2650 ”tratione
1441 2593 1665 2666 sugillat
1708 2592 1878 2650 Baro-

315 2678 476 2744 nius,
507 2679 708 2749 quihus
743 2694 856 2736 uon
897 2691 986 2738 est
1031 2696 1206 2752 opera
1250 2677 1476 2753 pretian't
1539 2684 1872 2739 immorari:

305 2785 488 2824 ustum
507 2778 690 2826 tamen
721 2787 838 2826 non
865 2772 1330 2843 praemiserim,
1357 2773 1498 2845 quod
1525 2776 1722 2831 attinet
1751 2790 1880 2832 con-

291 2860 604 2917 tentionem
639 2861 937 2934 Epiphanii
977 2880 1108 2920 eum
1153 2865 1512 2937 imperatrice,
1552 2868 1713 2939 quasi
1754 2867 1844 2922 lon
1865 2896 1880 2906 ·

294 2958 530 3027 gissime
551 2976 574 3012 ι
610 2959 830 3016 aberret
865 2975 898 3015 a
931 2975 1085 3027 vero,
1131 2970 1190 3018 ut
1244 2960 1517 3027 Eudoxio,
1563 2960 1879 3033 per-insensa

295 3045 717 3118 clamo-tono,
761 3049 956 3106 raverit
1001 3051 1293 3110 monachis
1345 3053 1456 3109 illis
1476 3092 1495 3119 ,
1545 3065 1600 3109 et
1649 3052 1881 3123 Epipha-

297 3136 450 3196 uium
479 3136 650 3196 suerit
678 3149 949 3209 aversata,
989 3160 1012 3196 ι
1045 3157 1148 3200 eos
1177 3142 1431 3200 damnari
1464 3143 1550 3201 sic
1590 3144 1880 3215 postulan-

1976 2054 2147 2109 multa
2179 2053 2290 2110 sint
2324 2051 2611 2109 manifeste
2646 2051 2807 2119 l'alsa,
2838 2065 2988 2107 nunc
3026 2049 3317 2122 aggrediar
3365 2047 3547 2118 expli·

1974 2161 2119 2202 care.
2152 2144 2266 2203 floc
2287 2154 2469 2203 autem
2498 2145 2662 2210 lacto,
2690 2144 2991 2216 apparebit,
3023 2152 3222 2200 caetera
3254 2144 3396 2198 inter
3429 2141 3547 2198 haee

1976 2241 2155 2297 media
2177 2240 2452 2312 ejusmodi
2480 2255 2624 2304 esse,
2650 2249 2712 2295 ut
2736 2239 2865 2295 licet
2894 2253 2992 2308 per
3025 2237 3207 2307 seipsa
3232 2235 3395 2291 tldem
3435 2250 3544 2289 non

1977 2330 2295 2396 excludant,
2334 2344 2460 2386 eam
2506 2337 2687 2384 tamen
2737 2326 2980 2399 prudens
3021 2340 3185 2382 nemo
3239 2324 3359 2381 dari
3415 2323 3550 2393 ipsis

1976 2422 2171 2494 possit,
2202 2421 2447 2494 quandiu
2474 2436 2584 2478 non
2605 2421 2775 2477 alium
2798 2427 3079 2475 auctorem
3108 2416 3361 2473 sciuntur
3381 2414 3551 2469 habc-

1974 2529 2036 2570 re
2067 2528 2098 2568 a
2130 2511 2557 2570 mendacissimo
2599 2512 2760 2568 istius
2796 2509 2933 2565 Vitae
2985 2507 3362 2580 compilatore.
3394 2503 3551 2560 lione

1976 2611 2032 2658 tu
2063 2617 2194 2658 eave
2231 2616 2300 2657 ne
2328 2600 2751 2673 Hetaphrastcm
2780 2613 2904 2654 esse
2931 2612 3001 2653 ex
3020 2596 3169 2668 vulgi
3208 2608 3399 2651 errore
3429 2607 3553 2649 cre-

1975 2692 2099 2757 das,
2149 2707 2275 2746 cum
2325 2691 2501 2761 stylus
2560 2691 2767 2760 passim
2816 2687 3071 2745 concisus
3109 2701 3143 2742 a
3188 2685 3333 2757 stylo
3381 2682 3553 2738 ueta·

1978 2781 2219 2853 phrastis
2246 2781 2525 2851 periodico
2561 2789 2614 2834 et
2642 2779 2811 2833 fluido
2840 2775 3258 2833 diversissimus
3280 2775 3374 2830 sit.
3406 2772 3555 2828 1³1ae-

1978 2871 2085 2927 fert
2128 2869 2221 2926 illa
2282 2866 2406 2922 Vita
2464 2867 2701 2923 duorum
2763 2865 3160 2937 discipulorum
3225 2863 3455 2920 loannis
3498 2872 3555 2918 et

1980 2961 2210 3033 l’olyoii,
2244 2968 2305 3016 ut
2326 2958 2461 3023 dixi,
2491 2957 2714 3014 nomina
2748 2976 2763 3012 t
2799 2955 2895 3028 qui
2918 2964 2975 3013 et
3012 2957 3070 3012 in
3104 2956 3278 3025 prima
3319 2969 3551 3026 persona

1980 3052 2183 3122 nhique
2212 3051 2534 3121 loquuntur,
2575 3047 2704 3105 licet
2741 3063 2885 3105 unus
2920 3046 3175 3118 idemque
3207 3049 3279 3103 sit
3329 3061 3359 3102 a
3404 3048 3551 3116 prin·

1980 3143 2127 3215 cipio
2148 3156 2323 3213 usque
2348 3142 2416 3197 ad
2446 3141 2612 3197 finem
2646 3140 2842 3212 stylus,
2869 3140 3098 3211 proinde
3118 3155 3227 3195 non
3254 3139 3359 3194 nisi
3384 3152 3553 3192 unum

293 3237 426 3287 tem.
461 3227 602 3288 Nan
623 3232 786 3290 atilli
811 3233 1026 3305 absque
1047 3231 1264 3292 loanne
1291 3243 1591 3306 potuerunt
1620 3250 1744 3292 sese
1764 3235 1872 3291 im·
1908 3270 1953 3329 c
1985 3245 2263 3292 auctorem
2296 3231 2528 3297 ποίει-εις
2562 3246 2672 3287 non
2712 3239 2894 3287 tamen
2915 3223 3142 3287 omnino
3172 3228 3549 3299 rejiciendum,

301 3321 614 3379 mediateiu
637 3323 761 3395 eius
788 3325 1022 3396 gratiam
1063 3325 1395 3392 insinuasse,
1425 3337 1484 3383 et
1522 3338 1649 3398 post
1672 3330 1880 3400 primas
1984 3327 2032 3384 si
2052 3341 2180 3382 vera
2212 3326 2447 3382 duorum
2471 3323 2704 3377 istorum
2726 3322 2931 3391 scripta
2959 3336 3073 3391 prae
3102 3320 3279 3377 oeulis
3324 3318 3552 3382 habens,

309 3411 388 3466 oh
415 3415 806 3482 agra-*uidua
828 3415 1070 3470 ablatum
1117 3416 1292 3483 rixas,
1334 3432 1509 3489 nsque
1546 3420 1685 3475 adeo
1739 3433 1883 3475 rese-

305 3502 464 3558 derat
487 3502 856 3574 imperatricis
895 3504 1210 3578 inth'gnatio,
1260 3517 1321 3564 ut
1361 3508 1417 3565 in
1475 3511 1706 3580 gratiam
1752 3526 1879 3567 cum

301 3592 514 3652 Joanue
535 3593 737 3654 dehent
761 3597 988 3656 rediisse
1014 3601 1272 3669 «πωπω-ῆς
1307 3602 1511 3672 quippe
1559 3617 1684 3673 quat
1733 3603 1879 3658 haud

299 3687 394 3743 diu
419 3698 547 3758 post
571 3688 716 3744 inter
739 3686 1004 3748 'munem
1051 3703 1108 3748 et
1161 3692 1522 3749 Severianum
1573 3694 1881 3751 concordiae

301 3777 615 3848 mediatrix,
640 3797 664 3832 ι
705 3779 762 3836 iu
793 3783 1030 3840 eeclesia
1061 3784 1455 3856 Apostolorum
1497 3788 1668 3843 lilium
1716 3802 1878 3844 suum

299 3869 692 3938 Theodosium,
731 3881 862 3930 tunc
905 3875 1212 3930 admodum
1263 3890 1517 3947 puerum,
1576 3878 1644 3932 ad
1702 3893 1878 3946 genua

300 3960 526 4021 'munis
551 3964 844 4036 abjiciens,
873 3976 932 4020 et
963 3981 1060 4036 per
1093 3965 1244 4023 illius
1271 3977 1439 4038 caput
1488 3968 1681 4023 crebro
1727 3968 1882 4022 obte-

301 4064 470 4122 stans,
501 4056 698 4112 ahitto
725 4055 968 4114 obtinuit
997 4065 1060 4112 ιιι
1099 4053 1452 4115 Severianum
1492 4060 1546 4113 in
1580 4059 1879 4113 amicitiam

302 4160 452 4203 sua·
471 4147 816 4214 admitteret,
853 4165 878 4199 ι
907 4147 984 4204 uti
1013 4149 1208 4206 scrihit
1230 4150 1489 4206 Socrates
1523 4150 1619 4206 lib.
1650 4166 1726 4213 vx,
1753 4164 1873 4220 cap.

317 4235 394 4291 tt.
414 4235 554 4305 Quae
573 4245 764 4293 autem
790 4237 988 4295 deiude
1012 4252 1216 4297 secuta
1252 4249 1384 4297 sunt
1432 4243 1714 4312 graviores
1746 4257 1881 4311 que·-

313 4325 444 4393 teb,
471 4344 556 4386 οε
583 4329 827 4400 primum
861 4341 1146 4400 eoeperunt
1172 4342 1460 4402 postquam
1493 4333 1879 4389 Constantino·

305 4421 410 4492 poli
433 4422 788 4478 discessisset
815 4419 1175 4492 Epiphanius.
1223 4423 1331 4479 Sed
1383 4424 1519 4478 nihil
1559 4426 1612 4479 in
1649 4427 1749 4479 huc
1777 4422 1882 4478 Ba-

303 4511 446 4566 ronii
495 4527 735 4568 censura
784 4514 1028 4570 admiror
1077 4516 1287 4586 magis,
1339 4531 1503 4586 quam
1553 4518 1700 4587 qnod
1746 4518 1878 4571 Acta

1982 3433 2086 3476 suo
2123 3417 2213 3474 iila
2251 3418 2521 3473 duntaxat
2555 3422 2884 3472 exornasset
2923 3427 3201 3478 sermone,
3235 3426 3406 3468 sensu
3435 3424 3556 3466 ser-

1981 3523 2129 3569 vato.
2150 3503 2277 3579 'Qua
2319 3521 2501 3565 autem
2542 3517 2701 3564 etate
2750 3507 2842 3562 ille
2886 3506 3194 3575 scripserit,
3236 3504 3363 3575 quis
3415 3502 3559 3558 divi-

1981 3603 2163 3659 nando
2217 3600 2622 3672 consequetur?
2656 3596 2775 3656 lloe
2817 3606 3053 3667 certum,
3100 3595 3317 3654 decimo
3354 3594 3558 3652 saeculo

1981 3700 2218 3770 priorem
2248 3695 2439 3763 luisse,
2494 3694 2718 3764 quando
2748 3703 2804 3749 et
2844 3691 2957 3748 Leo
3001 3691 3322 3761 imperator,
3348 3702 3557 3759 cogno-

1981 3798 2166 3845 mento
2197 3786 2447 3857 Sapiens,
2474 3785 2579 3839 sul)
2600 3798 2713 3854 quo
2736 3784 2902 3837 etiam
2927 3779 3322 3849 hletaphrastes
3349 3776 3556 3838 floruit,

1994 3881 2174 3936 Vitam
2199 3880 2346 3933 illam
2380 3884 2603 3933 secutus
2626 3883 2710 3930 est
2741 3874 2795 3927 in
2823 3871 3097 3928 laudando
3127 3869 3556 3940 chrysostomo:

1980 3985 2035 4030 ct
2055 3972 2295 4042 elogium
2333 3984 2398 4025 ex
2437 3980 2502 4020 ea
2535 3975 2815 4038 sumptum
2841 3963 3118 4020 invenitur
3158 3963 3212 4018 in
3255 3961 3559 4035 Synaxario

1985 4066 2165 4122 Basilii
2209 4064 2554 4132 imperatoris
2599 4054 3079 4127 Porphyrogeniti,
3131 4063 3193 4109 nt
3232 4053 3300 4109 de
3340 4050 3556 4106 uena-5⁸

1980 4157 2201 4215 excusis
2228 4152 2364 4209 nihil
2384 4151 2586 4207 dicam.

2052 4249 2140 4304 46.
2176 4247 2236 4302 ln
2271 4246 2372 4300 hac
2418 4243 2528 4297 vita
2560 4239 2898 4312 Epiphanius
2957 4246 3110 4308 patre
3141 4235 3401 4309 agricola,
3439 4246 3560 4288 ma-

1980 4351 2063 4397 tre
2106 4339 2330 4401 linillea,
2378 4333 2649 4391 ambobus
2681 4330 2907 4395 ludaeis,
2956 4340 3119 4386 natus
3173 4330 3377 4385 dicitur
3431 4339 3556 4382 cum

1983 4446 2173 4490 sorore
2197 4429 2522 4498 Callitrope3
2569 4438 2807 4494 cumque
2853 4421 3115 4480 decennis
3155 4429 3303 4477 esset
3351 4422 3559 4476 amisso

1982 4535 2154 4595 patre,
2179 4522 2371 4591 jussus
2413 4519 2481 4575 ad
2526 4517 2775 4573 alendam
2822 4514 3087 4570 familiam
3134 4515 3358 4570 unicum
3410 4525 3555 4584 quon

303 4602 626 4674 Epiphanii,
655 4619 778 4674 quae
807 4612 939 4660 suunt
975 4606 1120 4676 apud
1153 4605 1520 4677 Lipoinanum
1556 4617 1613 4663 et
1652 4608 1876 4663 Surium
1909 4617 1959 4676 ι)
1984 4614 2305 4686 suppetebat
2336 4610 2572 4666 vendere
2590 4609 2924 4680 jumentum,
2958 4616 3109 4663 tanta
3141 4605 3416 4675 negotium
3441 4604 3562 4660 sin-

301 4695 416 4754 suh
445 4696 668 4750 nomine
691 4695 1090 4768 fletaphrastis,
1109 4698 1409 4755 mendaciis
1434 4708 1644 4756 scatere
1669 4699 1879 4765 dicens,

303 4787 390 4844 uti
425 4800 619 4842 revera
645 4775 850 4846 scatere
890 4805 1018 4847 mox
1056 4792 1379 4858 ostendam;
1427 4808 1495 4848 ex
1548 4793 1619 4848 iis
1656 4807 1883 4864 prorsus

302 4878 532 4938 veritati
555 4880 888 4937 contrariam
931 4879 1182 4953 proterat
1226 4884 1600 4939 narrationem
1640 4883 1709 4939 de
1749 4899 1882 4939 con·

301 4985 498 5040 gressu
545 4979 603 5025 et
633 4971 988 5027 contentione
1023 4970 1317 5042 Epipluanii
1373 4974 1540 5043 atque
1596 4971 1879 5029 Eudoxiae.

300 5061 420 5117 Nec
457 5061 626 5118 refert
677 5062 824 5133 quod
864 5064 1056 5118 eadem
1105 5064 1297 5120 euntem
1347 5063 1464 5121 fere
1506 5065 1670 5122 modo
1720 5066 1774 5119 in
1821 5062 1880 5119 S.

299 5149 534 5210 amnis
557 5153 940 5226 chrysostomi
968 5155 1224 5211 encomio
1252 5155 1475 5227 scripsit
1496 5153 1610 5212 Leo
1655 5156 1886 5226 impera·

301 5256 400 5302 tor
425 5263 440 5300 :
465 5245 554 5302 hie
575 5247 751 5312 enim,
778 5246 1028 5317 quinque
1073 5255 1201 5316 post
1231 5261 1349 5302 rem
1389 5255 1599 5318 gestam
1640 5248 1880 5312 saeculis,

299 5338 566 5408 deeeptus
602 5335 710 5392 l'uit
759 5337 965 5408 spuriis
1018 5337 1131 5393 illis
1186 5338 1368 5404 Actis;
1412 5354 1586 5410 eaque
1620 5340 1886 5396 transcri-

299 5441 713 5504 pntquatenus
753 5430 826 5488 ad
866 5446 1030 5490 suum
1079 5441 1467 5503 argumentum
1509 5433 1690 5490 iacere
1735 5434 1886 5490 vide·

297 5527 529 5582 huntur.

913 5615 1147 5675 CAPUT
1190 5617 1276 5676 vl.

423 5732 820 5792 &eminenter
854 5736 992 5791 Actu
1018 5737 1187 5803 edita,
1220 5746 1480 5809 quatenus
1513 5754 1546 5792 a
1575 5736 1782 5792 loannes

773 5808 1077 5875 conscripta
1116 5808 1412 5879 finguntur.

1983 4705 2205 4761 ceritate
2224 4702 2423 4774 egisse,
2443 4707 2504 4755 ut
2526 4697 2778 4769 quamvis
2801 4696 3127 4753 indomitum
3163 4693 3321 4761 alias,
3353 4694 3408 4749 in
3436 4694 3558 4763 ipso

1985 4796 2107 4851 loro
2135 4793 2407 4863 placidum
2446 4804 2507 4845 se
2531 4787 2794 4861 praeberet
2826 4793 3026 4858 praeter
3071 4799 3302 4850 morem,
3362 4785 3556 4839 vitium

1987 4897 2165 4943 tanien
2200 4884 2453 4940 indicarit
2481 4882 2712 4938 licitanti
2740 4879 2972 4943 tanobo,
2999 4879 3146 4952 qnod
3170 4877 3422 4950 religioni
3451 4877 3559 4934 sibi

1984 4981 2210 5037 duceret
2230 4978 2417 5033 l'allere
2443 4975 2691 5045 ejusdem
2721 4973 3001 5046 religionis
3027 4973 3307 5030 hominem
3339 4991 3354 5028 ε
3385 4986 3560 5044 quare

1984 5073 2161 5128 tribus
2202 5071 2274 5126 ab
2304 5084 2374 5125 eo
2404 5070 2640 5126 donatus
2690 5068 2954 5134 nummis,
3008 5066 3231 5121 domum
3272 5066 3562 5123 reverterit

1984 5179 2110 5221 cum
2158 5163 2277 5244 ipso
2301 5162 2550 5234 jumento
2587 5178 2601 5216 z
2641 5175 2672 5216 a
2711 5176 2822 5231 qno
2854 5157 3050 5214 deinde
3068 5171 3336 5213 excussus
3370 5158 3425 5212 in
3472 5157 3557 5214 via

1987 5256 2330 5329 graviterque
2370 5255 2550 5320 laesus,
2594 5270 2691 5324 per
2741 5249 3211 5322 supervenientem
3265 5253 3557 5322 quemdam

1987 5348 2273 5405 cleobium
2328 5346 2705 5402 Christianum
2728 5382 2745 5408 ,
2811 5349 3041 5399 sanstus
3109 5345 3312 5400 virtute
3379 5346 3559 5400 crucis

1990 5438 2173 5494 luerit.
2206 5436 2403 5492 Postea
2431 5451 2555 5492 cnm
2587 5434 2820 5503 agellum
2854 5443 3141 5504 paternum
3170 5432 3556 5505 Eleutheropo-

1989 5531 2157 5586 litano
2193 5528 2413 5584 cuidam
2463 5527 2600 5598 legis
2650 5526 2825 5597 perito
2880 5542 2948 5583 ac
2994 5527 3150 5583 diviti
3205 5526 3419 5591 Judaeo,
3466 5527 3555 5581 cui

1988 5618 2245 5692 Tryphon
2282 5632 2503 5686 nomen,
2551 5617 2774 5675 offerret
2817 5619 3086 5686 venalem,
3127 5620 3197 5677 ab
3225 5635 3292 5676 eo
3324 5618 3557 5689 adopta·

1989 5724 2126 5776 tum,
2167 5721 2228 5766 ut
2274 5712 2629 5767 matrimonio
2669 5711 2793 5768 filiae
2832 5713 3008 5770 unicae
3052 5711 3412 5786 iungendum,
3447 5709 3554 5765 nisi

1990 5808 2104 5863 haec
2132 5805 2244 5861 cito
2292 5812 2507 5863 mortua
2540 5803 2762 5871 luisset;
2803 5814 2969 5876 atque
3002 5806 3079 5862 ita
3131 5812 3350 5860 mortuo
3389 5801 3555 5857 etiam

377 5897 475 5954 ⁴⁵.
515 5895 694 5956 Vitem
722 5897 972 5958 cmc-m
1003 5898 1065 5956 S.
1095 5897 1409 5971 Epiphanii,
1438 5915 1563 5971 quae
1610 5899 1743 5958 olim
1791 5897 1890 5955 La·
1992 5895 2339 5968 Thu-spitone,
2370 5898 2495 5968 ejus
2520 5904 2576 5952 et
2610 5893 2875 5953 doctrine
2891 5906 2948 5954 et
2968 5893 3260 5968 opulentia
3284 5888 3559 5949 mansisse

1909 6000 1961 6014 Q
