3850 6517
290 550 395 611 625
884 546 1249 609 ADVERSUS
1286 546 1628 607 nAEm-:ssss
1661 544 1791 605 Lm.
1831 546 1871 601 l.
1912 542 2078 602 ΤΟΜ.
2115 540 2205 599 111.
2243 570 2312 582 —
2350 536 2622 596 HAERES.
2661 534 2897 594 XXXIV.
3427 530 3536 587 626

290 669 717 744 προδεδήλωται,
750 670 832 724 δτι
851 709 868 737 ,
922 667 1033 734 τοῖς
1070 665 1162 724 ὑπ’
1189 665 1353 724 αὐτοῦ
1408 666 1863 738 ἐσπουδασμένοις
1890 667 1938 727 Α
1964 675 2177 726 ειιωιιε,
2208 660 2278 717 iis
2309 656 2579 722 contenti,
2603 670 2725 728 quae
2751 652 2822 710 ab
2852 652 2947 708 illo
2970 664 3169 723 magno
3189 648 3370 708 studio
3398 657 3529 705 sunt

290 758 651 832 ἀρκεσθέντες
673 797 690 824 ,
731 758 913 813 πάντα
939 759 1076 829 πρὸς
1106 757 1236 821 ἔπος
1290 758 1367 820 ὡς
1406 757 1536 828 παρ’
1566 754 1715 826 αὐτῷ
1755 755 1857 824 ἐμ·
1961 751 2267 816 elaborata,
2307 755 2507 805 cuncta
2535 756 2699 818 prout
2719 746 2775 801 in
2817 745 2940 815 ejus
2976 759 3142 815 opere
3177 743 3527 799 continentur

292 851 517 923 φέρεται
539 889 557 914 ,
618 850 1029 922 παρεθήκαμεν.
1094 848 1591 921 ’Δνατραπήσονται
1645 844 1751 914 γὰρ
1800 844 1863 909 ἐξ
1969 842 2040 898 ad
2069 839 2293 896 verbum
2326 835 2743 906 exscripsimus.
2788 831 2973 889 Facile
3017 833 3165 888 enim
3196 847 3263 889 ex
3293 832 3382 898 iis,
3412 845 3536 902 quae

291 939 473 994 αὐτῶν
495 939 606 996 τῶν
635 939 788 1010 παρὰ
816 939 911 993 τοῦ
946 939 1102 1007 ἀγίου
1130 938 1323 1008 ἀνδρὸς
1357 939 1437 1000 είς
1464 934 1737 991 ἀντίθεσιν
1762 934 1863 1005 τῆς
1970 944 2003 984 a
2037 926 2394 985 sanctissimo
2431 924 2549 979 viro
2591 922 2659 977 ad
2705 922 2854 977 illius
2886 920 3240 977 refellendam
3276 920 3538 992 improbi-

290 1031 473 1085 αὐτῶν
503 1031 804 1104 μοχθηρίας
841 1031 1164 1103 εἰρημένων.
1226 1029 1416 1099 Ἡμεῖς
1464 1029 1572 1101 γὰρ
1611 1025 1863 1081 πιστεύο·
1963 1030 2129 1080 tatem
2152 1019 2371 1093 prodita
2395 1023 2546 1081 sunt,
2595 1014 2767 1072 everti
2814 1011 3198 1085 profligarique
3256 1019 3535 1083 poterunt.

294 1138 428 1192 μεν,
459 1122 536 1186 ὡς
575 1122 751 1192 πάντη
779 1122 814 1193 η
846 1120 1073 1193 ἀλήθεια
1105 1122 1425 1191 ὑποφαίνει,
1464 1120 1558 1175 καὶ
1585 1121 1614 1174 ⁶
1643 1117 1866 1188 εολογος
1961 1112 2075 1171 Nos
2104 1097 2343 1169 enim‘id
2376 1107 2524 1181 quod
2560 1107 2765 1163 veritas
2795 1106 2913 1177 ipsa
2935 1119 3047 1176 prae
3073 1119 3133 1159 se
3162 1104 3387 1158 omnino
3411 1101 3535 1168 ren,

294 1213 549 1285 λογισμὸς
580 1213 891 1269 ὑποτίθεται
914 1252 930 1277 ,
973 1214 1067 1267 καὶ
1109 1212 1190 1285 τῷ
1227 1214 1327 1285 τῆς
1371 1211 1650 1277 εύσεδείας
1681 1210 1864 1265 κανόνι
1963 1204 2221 1277 quodque
2267 1210 2325 1258 et
2366 1200 2609 1272 prudens
2662 1199 2805 1257 tatio
2851 1194 3161 1267 persuadet,
3200 1203 3256 1252 et
3289 1193 3537 1250 veritatis

296 1305 746 1378 συμπεφώνηται,
770 1304 850 1376 τῷ
877 1322 938 1358 τε
964 1304 1114 1376 νόμῳ
1140 1306 1236 1359 καὶ
1261 1307 1375 1369 τοίς
1402 1306 1741 1377 προφήταις,
1768 1303 1878 1359 και
1916 1294 1923 1304 ”
1961 1296 2164 1368 regulae
2220 1301 2651 1350 consentaneum
2670 1298 2803 1356 ·est,
2848 1289 2975 1362 legi,
3029 1304 3095 1345 ac
3144 1287 3449 1359 prophetis,
3481 1295 3539 1342 et

293 1397 405 1460 τοῖς
435 1396 545 1451 ἀπὸ
590 1396 699 1450 τῶν
741 1395 1004 1470 ἀνέκαθεν
1054 1397 1419 1468 πατριάρχας
1467 1396 1611 1452 χαςᾱ
1642 1395 1867 1449 ἀκολου.
1963 1382 2330 1454 patriarchis,
2381 1382 2475 1453 qui
2522 1379 2629 1436 sibi
2677 1380 2918 1435 invicem
2961 1385 3385 1443 successerunt,
3434 1391 3541 1434 neo

295 1487 436 1549 θίαν,
467 1490 533 1558 τῇ
567 1505 626 1541 τε
650 1486 814 1541 αὐτοῦ
842 1487 937 1541 τοῦ
967 1488 1216 1559 Σωτῆρος
1250 1488 1478 1559 διδαχῇ,
1514 1486 1741 1542 καὶτῶν
1764 1487 1865 1541 αὐ..
1964 1488 2078 1530 non
2136 1481 2251 1529 tam
2313 1472 2617 1528 Salvatoris
2671 1470 2847 1541 ipsius
2870 1511 2890 1537 ,
2948 1485 3113 1541 quam
3169 1469 3538 1540 apostolorum

293 1575 389 1629 τοῦ
419 1577 732 1631 ἀποστόλων
767 1576 952 1646 σαφῶς
976 1578 1124 1647 ἡμᾶς
1157 1576 1515 1630 διδασκόντων
1555 1577 1650 1630 ἕνα
1676 1574 1868 1647 ὀμολο.
1965 1564 2232 1621 doctrinae
2261 1564 2541 1620 credimus
2567 1583 2583 1619 ι
2619 1577 2649 1616 a
2674 1561 2876 1633 quibus
2904 1560 3193 1616 manifeste
3224 1557 3536 1625 didicimus,

292 1669 412 1736 γςῐν
439 1666 571 1719 θεὸν
596 1666 849 1738 Πατέρα,
880 1668 1293 1739 παντοκράτορα
1322 1665 1434 1720 τῶν
1465 1665 1623 1730 va,
1654 1666 1749 1719 καὶ
1773 1666 1867 1719 τὸν
1970 1670 2145 1711 unum
2189 1653 2440 1709 conliteri
2491 1653 2660 1708 Deum
2714 1653 3097 1707 universorum
3124 1652 3339 1707 Patrem
3361 1650 3541 1722 omni·

292 1757 501 1828 Κύριον
537 1756 695 1827 ἡμῶν
734 1756 942 1828 Ἰησοῦν
969 1757 1201 1829 Χριστὸν
1223 1799 1239 1823 ,
1289 1757 1385 1811 καὶ
1420 1756 1483 1810 τὸ
1515 1757 1670 1824 ἅγιον
1700 1754 1865 1809 αὐτοῦ
1966 1752 2269 1818 potentem,
2307 1760 2370 1801 ac
2399 1744 2687 1800 Dominum
2721 1750 2974 1799 nostrum
3001 1742 3189 1799 lesum
3215 1742 3497 1807 Christum
3518 1781 3535 1806 ,

292 1846 518 1917 Πνεῦμα
540 1887 556 1913 ,
606 1847 734 1917 μίαν
774 1845 936 1914 ἀγίαν
970 1845 1177 1916 Τριάδα
1206 1846 1462 1902 ἀκτιοτον
1484 1887 1500 1911 ,
1552 1844 1661 1897 τῶν
1692 1844 1867 1898 ἀλλων
1967 1846 2024 1895 et
2053 1838 2325 1910 Spiritum
2357 1843 2632 1899 sanctum,
2664 1850 2830 1889 unam
2861 1841 3108 1889 sanctam
3136 1835 3539 1904 increatamque

292 1937 547 1991 ἀπάντων
592 1935 655 2003 ἐξ
682 1937 782 1990 οὐκ
808 1936 978 1991 ὄντων
1000 1936 1309 2007 γενομένων
1349 1937 1491 2008 μετὰ
1522 1935 1739 2005 Πατέρα
1771 1934 1867 1987 καὶ
1970 1928 2291 1983 Trinitatem
2321 1965 2338 1992 ,
2387 1941 2514 1982 cum
2565 1934 2763 1981 caetera
2798 1933 2922 1996 post
2958 1924 3200 1988 Patrem,
3235 1933 3289 1979 et
3317 1922 3535 1989 Filium,

290 2028 420 2083 Υίδν
442 2028 536 2083 καὶ
564 2028 719 2097 ἀγιον
741 2026 986 2098 Πνεῦμα.
1025 2026 1216 2091 Οῦτως
1242 2044 1303 2081 τε
1331 2028 1482 2101 παρὰ
1515 2027 1729 2082 πάντων
1755 2025 1866 2079 τῶν
1894 2006 1940 2063 Β
1966 2027 2022 2075 et
2055 2019 2320 2089 Spiritum
2354 2025 2602 2074 sanctum
2630 2032 2698 2073 ex
2730 2016 2904 2072 nihilo
2927 2016 3194 2086 producta
3234 2015 3367 2071 sint.
3407 2012 3539 2080 Quae

291 2119 703 2191 προειρημένων
727 2118 893 2187 ἁγίων
926 2118 1224 2189 προφητῶν
1249 2135 1309 2172 τε
1341 2120 1436 2171 καὶ
1464 2116 1865 2186 εὐαγγελιστῶν
1964 2108 2185 2181 quidem
2229 2109 2416 2165 omnia
2438 2123 2567 2164 cum
2606 2108 2697 2173 iis,
2750 2122 2892 2178 quos
2930 2105 3377 2169 commemoravi,
3408 2120 3539 2161 san-

290 2211 385 2265 καὶ
413 2209 723 2264 ἀποστόλων
764 2208 951 2280 σαφῶς
979 2208 1417 2281 ὡμολογημένων
1441 2210 1535 2262 καὶ
1567 2224 1865 2261 πεπιστευ-
1965 2199 2231 2255 ctissimis
2276 2200 2432 2267 viris,
2476 2198 2777 2270 prophetis,
2807 2197 3162 2268 evangelistis
3193 2195 3548 2267 ekapostolis

294 2300 469 2371 μένων
492 2342 507 2365 ,
560 2300 661 2353 οὐκ
689 2299 757 2355 ἀν
782 2298 1037 2370 δυνηθείη
1070 2297 1365 2371 κυδευτική
1403 2315 1491 2363 τις
1532 2296 1745 2352 ἐπίνοια
1772 2300 1867 2352 ἀν-

291 2393 494 2459 τισχεῖν
531 2391 666 2460 πρὸς
691 2390 795 2459 τὴν.
828 2392 1020 2445 ἀκτῖνα
1050 2390 1152 2461 τῆς
1180 2391 1436 2464 ἀληθείας
1461 2406 1476 2420 ·
1504 2390 1579 2455 ὥς
1622 2406 1686 2459 γε
1732 2390 1864 2460 ἡμῖν

295 2479 552 2542 πολλάκις
604 2478 745 2532 κατὰ
784 2479 981 2541 πλάτος
1018 2480 1229 2550 εἴρηται
1259 2485 1319 2536 ἐν
1349 2486 1417 2555 τῇ
1456 2482 1592 2554 πρὸς
1623 2482 1865 2551 ἑκάστην

297 2570 507 2642 αἵρεσιν
543 2569 816 2624 ὑποθέσει.
853 2571 941 2634 Ὦς
967 2570 1265 2636 ἐξάπαντος
1298 2572 1586 2643 φωρᾶσθαι
1612 2573 1710 2627 καὶ
1735 2571 1866 2626 τοῦ·

293 2677 388 2713 τον
414 2661 654 2734 ἀγύρτην
682 2661 777 2715 καὶ
807 2658 1157 2714 θανατοποιδν
1185 2662 1452 2725 ίσιντύπως
1478 2665 1595 2724 ταῖς
1615 2678 1867 2734 προειρη-

297 2750 487 2819 μέναις
508 2791 523 2815 ,
559 2749 872 2814 ἐπιδείξεως
915 2748 1076 2820 χάριν
1108 2750 1204 2803 καὶ
1239 2750 1561 2823 περιεργίας
1587 2751 1657 2805 τά
1698 2750 1867 2821 μεγά-

292 2838 361 2891 λα
387 2838 558 2894 ταῦτα
584 2838 928 2893 καττύσαντά
951 2855 1011 2892 τε
1048 2839 1143 2893 καὶ
1171 2840 1645 2912 μηχανησάμενον.

359 3101 492 3160 KB'.
523 3102 893 3176 Παρελθόντος
924 3102 981 3157 δὲ
1033 3104 1129 3159 καὶ
1168 3102 1269 3175 τὴν
1303 3100 1494 3156 τούτου
1537 3099 1861 3173 μοχθηρίαν,

289 3194 385 3249 καὶ
422 3195 534 3250 τῶν
565 3195 663 3251 ἀπ’
685 3196 853 3250 αὐτοῦ
896 3183 1242 3269 Μαρκωσίων
1266 3194 1572 3265 λεγομένων
1595 3234 1611 3260 ,
1647 3194 1742 3249 ἐπὶ
1765 3193 1868 3258 τὰς

1966 2292 2087 2349 sine
2144 2292 2253 2347 ulla
2292 2292 2646 2363 ambiguitate
2683 2289 2895 2345 credita
2933 2288 3295 2359 confessaque
3311 2285 3541 2351 fuerint,

1966 2387 2127 2443 nullae
2152 2383 2424 2457 ejusmodi
2455 2390 2629 2439 erunt
2648 2389 2811 2437 artes-
2831 2394 2899 2436 ac
2930 2380 3236 2451 praestigiae,
3285 2394 3406 2450 quae
3442 2394 3543 2435 ve-

1966 2480 2149 2536 ritatis
2181 2478 2294 2535 luci
2331 2492 2395 2533 ac
2425 2475 2708 2547 splendori
2749 2474 2965 2545 possint
3012 2474 3317 2540 obsistere;
3347 2487 3553 2544 quem«

1966 2569 2257 2625 admodum
2305 2568 2362 2624 in
2399 2566 2646 2637 singulis
2695 2562 2999 2621 refutandis
3041 2563 3342 2619 haeresibus
3395 2576 3544 2632 saepe
3595 2552 3617 2572 ⁶

1966 2677 2033 2717 ac
2085 2663 2322 2732 copiose
2348 2657 2800 2715 monstravimus.
2835 2656 2987 2711 Adeo
3016 2663 3077 2710 ut
3100 2655 3293 2710 eadem
3331 2669 3441 2725 qua
3473 2654 3530 2709 in

1966 2751 2182 2808 caeteris
2224 2751 2436 2805 ratione
2475 2747 2747 2803 detectum
2793 2745 2888 2811 sit,
2927 2746 3257 2802 nebulonem
3287 2745 3439 2800 illum
3471 2760 3539 2800 ac

1966 2841 2294 2914 pestiferum
2340 2838 2620 2894 bominem
2664 2837 2786 2893 sola
2823 2835 3195 2893 ostentatione
3232 2834 3321 2890 sui
3349 2848 3413 2888 ac
3440 2847 3537 2888 cu-

1972 2933 2218 2990 riositate
2259 2930 2483 2986 ductum
2535 2927 2605 2983 ad
2659 2935 2770 2981 tam
2824 2926 3088 2982 immania
3132 2933 3387 2996 portenta
3434 2923 3535 2979 lin-

1967 3022 2146 3095 genda
2178 3019 2609 3090 fabricandaque
2635 3018 2871 3076 venisse.

2039 3111 2207 3168 xxn.
2273 3110 2431 3167 Nunc
2474 3112 2624 3169 illius
2651 3124 2725 3166 ac
2800 3107 3196 3165 Marcosiorum
3258 3106 3540 3180 impietate

1964 3204 2265 3274 praeterita,
2297 3201 2367 3258 ad
2393 3202 2533 3259 alias
2558 3209 2940 3267 transeamus;
2979 3214 3278 3270 earumque
3308 3207 3364 3256 et
3392 3200 3539 3257 evel-

290 3284 419 3355 ἑξῆς
455 3284 825 3357 williermum,
870 3279 918 3340 ὦ
957 3285 1309 3357 ἐπιπόθητοι,
1355 3284 1456 3349 τὰς
1492 3283 1673 3339 αὗτῶν
1710 3284 1869 3357 ῥίζας
1967 3296 2146 3352 lamus
2184 3294 2419 3360 radices,
2466 3301 2522 3350 et
2562 3291 2939 3349 amarissimos
2982 3289 3196 3346 fructus
3224 3289 3481 3346 tollamus
3507 3305 3540 3346 o

291 3375 456 3428 πάλιν
485 3375 879 3448 ἀνερευνῶντες
902 3415 922 3442 ,
980 3377 1074 3430 καὶ
1121 3375 1233 3429 τῶν
1275 3376 1507 3447 καρπῶν
1544 3374 1723 3430 αὐτῶν
1767 3375 1867 3447 τὴν

295 3462 520 3535 πικρίαν
545 3464 920 3535 ἀφανίζοντες,
951 3467 1054 3537 τήν
1087 3483 1147 3519 τε
1179 3466 1489 3539 ἀνατροπὴν
1521 3466 1618 3520 καὶ
1649 3464 1722 3519 τὰ
1748 3465 1870 3518 κατ’

291 3553 490 3618 αὐτοὺς
533 3555 711 3610 πάντα
753 3557 1152 3622 ἐπιδεικνύντες
1175 3597 1192 3624 ,
1225 3559 1328 3612 οὐκ
1379 3560 1460 3621 είς
1509 3556 1716 3628 βλάΰην
1757 3556 1869 3611 τῶν

290 3645 755 3716 ἐντυγχανόντων,
786 3647 923 3705 ἀλλά
968 3652 1050 3715 είς
1098 3649 1417 3721 ἀποτροπὴν
1440 3688 1456 3715 ,
1503 3650 1641 3720 πρὸς
1684 3650 1749 3703 τὸ
1791 3649 1867 3722 μὴ

289 3737 582 3810 πλησιάσαι
612 3741 713 3810 μιᾷ
754 3740 866 3794 τῶν
904 3741 1320 3811 προειρημένων
1349 3741 1614 3812 αἱρέσεων
1634 3781 1651 3806 ,
1680 3742 1715 3811 ἢ
1759 3741 1869 3796 τῶν

292 3825 585 3895 μετέπειτα
604 3842 618 3854 ·
661 3825 797 3878 ἀλλὰ
841 3826 1177 3892 ἀναγνόντας
1226 3825 1294 3879 τά
1342 3829 1707 3898 γεγραμμένα
1739 3830 1869 3901 παρ’

290 3915 475 3975 αὐτοῖς
498 3951 512 3974 ,
558 3914 653 3964 καὶ
701 3913 927 3980 γνόντας
963 3912 1035 3965 τὰ
1062 3912 1328 3986 ᾀδόμενα,
1360 3915 1455 3970 καὶ
1503 3918 1871 3987 καταγνόντας

291 4007 390 4074 τῆς
415 4002 654 4071 ἑκάστης
677 4002 857 4085 αὐτῶν
875 4001 1083 4075 πλάνης
1108 4020 1167 4058 τε
1189 4004 1282 4058 καὶ
1305 4004 1643 4077 ἐρπετώδους
1666 4007 1868 4081 μοχθη-

298 4094 421 4165 ρίας
440 4134 455 4158 ,
488 4093 820 4162 ἀποφεύγειν
858 4111 920 4147 τε
945 4094 1066 4160 καὶ,
1094 4094 1170 4160 ὡς
1202 4091 1353 4151 εἶπον
1376 4136 1393 4163 ,
1419 4096 1496 4169 μὴ
1527 4097 1866 4169 πλησιάζειν.

296 4182 505 4253 Διψάδα
548 4183 657 4254 γάρ
687 4202 808 4238 τινα
837 4184 1045 4257 ἔχιδναν
1073 4203 1237 4257 φασιν
1271 4188 1321 4241 oi
1354 4188 1735 4272 ἱστορήσαντες
1786 4188 1866 4243 loti

293 4273 474 4347 λύμην
519 4276 727 4331 τοιάνδε
762 4279 1029 4348 ἐμποιεῖν.
1079 4278 1167 4332 Ἐν
1198 4278 1384 4344 τόποις
1416 4280 1525 4352 γάρ
1558 4296 1701 4336 τισιν
1732 4281 1867 4335 ὅπου

293 4364 482 4420 πύελοι
510 4368 569 4420 ἐν
603 4368 725 4431 ταῖς
771 4369 1000 4440 πέτραις
1030 4367 1064 4441 ἢ
1106 4368 1321 4435 λιδάδες
1366 4372 1473 4426 είσὶ
1524 4373 1718 4445 μικραὶ
1758 4372 1867 4427 ἀπὸ

292 4458 511 4528 πετρῶν
550 4460 804 4532 χεόμεναι
837 4463 927 4527 τίς
957 4462 1223 4536 ὑποδοχήν
1258 4482 1398 4530 τινα,
1439 4467 1476 4538 ἡ
1513 4467 1655 4539 αὐτὴ
1687 4466 1866 4538 διψάς,

294 4550 440 4623 ὕδωρ
466 4550 816 4622 εύρίσκουσα,
844 4553 940 4608 καὶ
967 4552 1187 4622 πιοῦσα,
1214 4555 1307 4609 τὸν
1335 4555 1412 4610 ίὸν
1443 4556 1705 4629 ἐμὸάλλει
1729 4557 1869 4629 μετὰ

1891 3345 1938 3405 G

1970 3385 2174 3453 medio,
2227 3398 2293 3441 ae
2322 3383 2778 3456 quemadmodum
2811 3373 2986 3437 refelli
3034 3380 3265 3452 possint,
3310 3395 3545 3451 quaeque

1971 3472 2042 3528 ad
2091 3473 2246 3544 ipsos
2291 3472 2567 3543 pertinent
2621 3470 2881 3525 universa
2924 3467 3268 3535 referamus;
3327 3483 3440 3524 non
3479 3476 3540 3525 ut

1966 3562 2275 3636 legentibus
2320 3561 2498 3618 fraudi
2543 3564 2649 3617 ista
2700 3560 2835 3625 sint,
2882 3558 2977 3616 sed
3008 3567 3070 3615 ut
3092 3559 3163 3615 ab
3196 3559 3306 3615 illis
3343 3560 3540 3615 abbor-

1966 3661 2170 3720 reant;
2201 3669 2382 3725 neque
2421 3652 2491 3709 ad
2531 3666 2698 3709 unam
2741 3651 2980 3723 aliquam
3015 3652 3236 3714 'earum,
3277 3664 3416 3721 quas
3443 3665 3539 3706 ex·

1967 3745 2294 3815 posuimus,
2355 3750 2451 3797 aut
2500 3740 2908 3813 insequentium
2966 3738 3258 3806 accedant;
3302 3738 3401 3795 sed
3442 3736 3539 3795 ubl

1967 3849 2091 3907 quae
2137 3833 2209 3889 ab
2258 3832 2369 3891 illis
2408 3833 2619 3904 scripta
2657 3838 2789 3888 sunt
2828 3830 3082 3904 legerint,
3105 3830 3417 3903 saepiusque
3442 3830 3541 3887 de:-

1972 3911 2191 3981 eantata
2223 3924 2603 3996 cognoverint,
2647 3922 2868 3980 illorum
2912 3920 3215 3986 erroribus,
3266 3935 3341 3977 ae.
3368 3936 3537 3979 vene·

1967 4026 2094 4071 nata
2120 4014 2480 4087 improbitate
2507 4014 2768 4071 damnata
2803 4012 3017 4081 fugiant
3045 4012 3256 4084 procul,
3287 4011 3454 4083 250
3472 4026 3539 4069 ac

1966 4105 2272 4177 propius.se
2291 4102 2543 4163 conferre
2568 4110 2891 4160 vereantur.
2925 4101 3214 4175 Dipsadem
3243 4102 3538 4175 quamdam

1966 4209 2000 4252 e
2044 4195 2357 4266 viperarum
2397 4209 2600 4267 genere
2628 4208 2755 4251 esse
2789 4194 3069 4250 memoriae
3106 4191 3383 4263 proditum
3431 4200 3535 4260 est,

1967 4300 2090 4357 quae
2117 4286 2429 4344 istiusmodi
2462 4288 2615 4343 virus
2648 4286 2924 4342 immittat.
2964 4284 3103 4341 Cum
3133 4285 3279 4341 enim
3307 4299 3533 4342 excava-

1968 4376 2040 4434 tis
2075 4377 2133 4433 in
2163 4378 2417 4449 rupibus,
2442 4393 2565 4449 quae
2590 4378 2887 4435 stillantem
2910 4390 2944 4433 e
2972 4375 3123 4433 saxis
3147 4375 3414 4447 liquorem
3438 4391 3532 4434 ex·

1964 4467 2195 4538 cipiunt,
2232 4482 2431 4538 aquam
2479 4474 2641 4524 nacta
2691 4466 2919 4534 biberit,
2961 4480 3083 4522 mm
3111 4476 3300 4537 postea
3325 4481 3536 4525 veneno

1967 4571 2071 4620 suo
2108 4557 2192 4613 sic
2240 4558 2437 4623 inlicit,
2467 4564 2529 4612 ut
2572 4556 2622 4614 si
2658 4557 2804 4628 quod
2836 4557 3040 4613 animal
3072 4558 3331 4629 deinceps
3369 4574 3438 4614 ex
3469 4571 3537 4613 ea

292 4643 355 4698 τὺ
385 4645 529 4696 πιεῖν
560 4643 640 4707 εἰς
667 4642 767 4707 τάς
805 4641 1206 4716 π’ροειρημένας
1240 4647 1458 4710 στάσεις
1493 4647 1603 4702 τῶν
1632 4647 1863 4713 ὑδάτων,
1895 4680 1945 4739 n
1970 4647 2260 4720 potaverit,
2282 4662 2410 4704 cum
2442 4647 2624 4718 juvari
2645 4660 2710 4702 ac
2734 4646 2886 4703 sitim
2916 4647 3161 4707 relevare
3196 4649 3373 4702 visum
3418 4647 3534 4703 fue-

293 4732 438 4788 ὥστε
467 4736 575 4787 πᾶν
604 4732 743 4797 ζῶον
776 4734 1111 4805 πλησιάσαν,
1140 4738 1234 4790 καὶ
1263 4735 1429 4791 ποτοῦ
1464 4738 1720 4811 κορεσθὲν
1742 4779 1757 4806 ,
1782 4739 1868 4794 δο·

294 4828 415 4882 κεῖν
467 4826 565 4896 μὲν
610 4825 937 4895 ὠφελεῖσθαι
968 4828 1034 4880 ἐκ
1067 4827 1163 4881 τοῦ
1204 4827 1555 4899 μεταλαὸεἶν,
1605 4829 1769 4895 εὐθὺς
1811 4831 1869 4885 δὲ

297 4916 453 4988 παρὰ
475 4916 535 4970 τὸ
565 4916 823 4987 ὑποδόχον
842 4915 951 4970 τῶν
983 4916 1224 4984 ὑδάτων,
1250 4919 1316 4973 ἐκ
1349 4919 1443 4976 τοῦ
1473 4919 1553 4978 tofi
1580 4921 1678 4993 τῆς
1708 4919 1870 4991 δίψά·

298 5009 389 5074 δος
427 5007 844 5080 ὑποδεξάμενον,
876 5009 1237 5066 καταπίπτειν
1272 5010 1368 5069 καὶ
1398 5011 1670 5083 θνήσκειν.
1711 5010 1873 5065 ’Δλλά

298 5102 393 5156 καὶ
424 5101 478 5155 εἴ
507 5118 629 5154 τινα
664 5097 911 5171 πλήξειεν
946 5103 981 5173 ὴ
1016 5102 1154 5173 αὐτὴ
1177 5101 1363 5173 διψάς,
1398 5102 1509 5157 ἀπὸ
1533 5102 1628 5157 τοῦ
1679 5119 1871 5174 περισ·

295 5187 532 5258 σοτέρως
557 5190 613 5242 ἐν
634 5189 771 5260 αὐτῇ
809 5188 1103 5244 καυστικοῦ
1144 5188 1224 5243 loli
1252 5191 1347 5245 ἐπὶ
1386 5190 1565 5263 ὄρεξιν
1587 5190 1746 5263 δίψης
1773 5190 1870 5245 καὶ

295 5278 541 5350 πόματος
585 5279 942 5351 προτρέποιτο
974 5282 1141 5347 πάθος
1165 5282 1263 5354 τῆς
1295 5282 1604 5354 ἀλγηδόνος,
1632 5282 1870 5355 προσφέ-

300 5368 490 5443 ρεσθαί
521 5388 582 5425 τε
629 5371 717 5425 ἀεὶ
755 5373 850 5428 καὶ
886 5373 1063 5427 πίνειν
1106 5373 1390 5445 ἐρεθίζειν.
1428 5373 1659 5445 Νομίζει
1706 5374 1765 5428 δέ
1813 5390 1867 5427 τι

296 5462 621 5533 ὡφελεῖσθαι
647 5464 789 5535 πρὸς
820 5465 921 5536 τὴν
947 5464 1126 5536 λύμην
1167 5467 1197 5519 ὁ
1241 5464 1468 5536 πληγεὶς
1492 5504 1507 5531 ,
1553 5465 1744 5529 ὁσάκις
1767 5465 1870 5537 τῆς

296 5554 553 5626 τοιαύτης
586 5555 962 5628 θανατηφόρου
993 5556 1285 5629 ἀλγηδόνος
1311 5554 1598 5628 λαμδάνει.
1631 5556 1789 5611 ’Δλλά
1809 5557 1870 5611 ἐν

297 5643 450 5716 αύτῷ
482 5646 559 5717 τῷ
585 5646 735 5716 τόπῳ
762 5645 1143 5717 πληρωθείσης
1184 5647 1282 5720 τῆς
1322 5644 1592 5717 γαστρὸς,
1632 5646 1726 5700 καὶ
1760 5664 1868 5718 μη-

299 5734 421 5789 κέτι
447 5736 874 5809 ὑποδεχομένης,
910 5735 1136 5810 ὕστερον
1162 5738 1257 5792 σὺν
1279 5736 1358 5810 τῷ
1387 5736 1590 5809 πόματι
1614 5736 1678 5791 τὸ
1706 5736 1869 5792 πνεῦ-

1970 4740 2066 4804 rit,
2112 4740 2180 4795 ad
2228 4746 2555 4797 venenatum
2604 4738 2784 4809 ipsum
2825 4752 2978 4809 aquae
3011 4737 3416 4809 receptaculum
3440 4754 3531 4795 su-

1972 4830 2089 4887 bito
2111 4831 2381 4887 moriatur
2404 4844 2469 4885 ac
2493 4828 2768 4887 concidat.
2813 4826 2970 4895 Quod
3009 4828 3065 4886 si
3102 4843 3268 4900 quem
3303 4828 3534 4888 iliano·

1971 4921 2262 4989 morderit,
2305 4923 2467 4993 ignea
2501 4921 2696 4978 veneni
2737 4922 2820 4978 vis
2858 4919 3236 4979 vehementius
3275 4935 3535 4992 grassans

1970 5013 2251 5085 ingentem
2308 5013 2462 5071 sitim
2522 5010 2715 5082 affert,
2772 5020 2828 5069 et
2871 5012 2939 5069 ad
2977 5011 3196 5069 assidue
3238 5012 3534 5083 potandum

1970 5102 2304 5160 intolerabili
2324 5117 2454 5159 cum
2479 5102 2666 5160 dolore
2692 5103 2988 5175 compellit.
3025 5103 3126 5164 cui
3160 5102 3380 5174 quidem
3410 5103 3535 5160 leti-

1971 5190 2089 5250 fer'o
2117 5193 2294 5249 dolori
2323 5192 2454 5249 dum
2477 5193 2554 5249 ita
2600 5209 2663 5252 se
2706 5193 2934 5250 remedii
2960 5191 3157 5248 all'erre
3180 5191 3385 5264 aliquid
3412 5194 3530 5251 exi·

1970 5285 2179 5351 stimat,
2208 5284 2265 5339 in
2288 5284 2481 5341 eodem
2506 5284 2631 5341 loco
2659 5291 2850 5341 ventre
2879 5282 3135 5347 distento.
3163 5298 3266 5339 nec
3288 5283 3536 5343 humoris

1968 5374 2266 5445 quidquam
2309 5375 2546 5446 amplius
2584 5374 2855 5445 capiente,
2901 5387 3027 5429 cum
3063 5383 3197 5446 potu
3242 5389 3371 5433 mox
3408 5378 3535 5437 ani·

1970 5481 2117 5522 mam
2142 5464 2438 5538 profundit.
2471 5464 2562 5522 Sic
2591 5465 2682 5522 ille.
2705 5479 2831 5520 cum
2860 5465 3184 5523 inexhausta
3221 5474 3388 5538 potus
3415 5470 3534 5525 avi·

1964 5556 2138 5613 ditate
2201 5557 2318 5613 suis
2375 5555 2603 5615 exitium
2662 5556 2978 5614 consciscit.
3030 5556 3139 5614 Sed
3189 5573 3292 5615 nos
3355 5560 3426 5616 ab
3466 5574 3534 5615 eo

1964 5662 2176 5705 veneno
2222 5648 2406 5704 divina
2457 5662 2562 5720 ope
2612 5649 2846 5715 liberati,
2881 5648 3124 5720 reliquas
3173 5649 3243 5706 ad
3298 5649 3536 5707 hereses

1964 5745 2328 5796 transeamus.

303 5848 382 5901 μα
414 5832 655 5903 ἀφίησιν.
687 5832 843 5887 Οὕτω
873 5831 969 5887 καὶ
999 5822 1153 5896 οὗτος
1182 5833 1289 5887 ύπδ
1332 5833 1574 5904 πόματος
1632 5832 1725 5887 τὸν
1774 5831 2004 5890 θάνατον
2042 5836 2156 5898 τοῖς
2213 5836 2342 5908 παρ’
2389 5833 2554 5890 αὐτοῦ
2615 5836 2989 5909 ἡπατημένοις
3022 5833 3391 5907 ἐξεργάζεται.
3434 5827 3535 5890 (ffi-

302 5938 411 5995 περ
445 5921 525 5977 ίοῦ
570 5925 629 5977 ἐν
668 5922 894 5994 δυνάμει
924 5921 1061 5977 Θεοῦ
1100 5920 1387 5994 ρυσθέντες
1408 5962 1423 5987 ,
1474 5921 1567 5978 ἐπὶ
1610 5920 1709 5987 τάς
1740 5920 1866 5992 ἐξῆς
1896 5921 2081 5994 ἴωμεν.
3044 5960 3052 5966 -
