3850 6517
309 391 413 442 2¹49

995 386 1361 444 [invitastis
1397 386 1737 444 imm-:stis
1779 387 1901 443 Lm.
1939 387 1980 446 1.
2022 388 2186 448 Tou.
2229 389 2269 448 l.
2306 422 2373 432 --
2412 388 2682 446 HAERES.
2713 388 2853 445 xvi.

3433 383 3550 451 2⁵0

313 505 465 575 βαθεῖ
481 501 760 574 φέρεσθαι,
813 499 949 555 ἀλλὰ
991 500 1268 572 βιάζεσθαι
1322 504 1617 575 γρήγορσιν
1657 480 1868 568 ἑαυτοῖξ
1895 510 1940 566 Λ
1969 484 2179 560 aetatem
2221 507 2603 576 transigerent.
2660 506 2767 561 Atii
2823 502 3084 560 collectos
3134 501 3378 560 calculos
3415 504 3542 563 suh-

311 592 802 667 προσπορίζεσθαι·
859 592 1007 648 ἄλλοι
1054 593 1112 646 δὲ
1161 593 1253 646 κα)Ι
1296 593 1536 657 ἀκάνθας
1588 594 1872 665 στρωμνὴν

310 681 457 759 εἶχον
482 685 571 739 διὰ
596 684 693 756 τὴν
733 684 898 755 αὐτὴν
923 683 1199 739 ὑπόθεσιν.
1246 685 1562 754 Ἐνήστευον
1588 684 1645 737 δὲ
1684 684 1765 747 δὶς
1795 683 1870 755 (5)

310 777 405 831 τοῦ
446 774 734 834 σαόὄάτου.
769 773 1024 844 δευτέραν
1051 774 1147 827 καὶ
1178 772 1452 844 πέμπτην.
1483 772 1873 826 Ἀπεδεκάτουν

311 868 370 921 δὲ
404 866 501 937 τὴν
548 865 842 919 δεκὰτωσιν
894 865 971 935 (t)
996 881 1010 896 ·
1042 865 1142 928 τὰς
1171 863 1422 935 ἀπαρχὰς
1457 863 1678 927 ἐδίδουν,
1718 878 1874 932 τρια-

316 954 574 1016 κοντάδας
590 970 650 1006 τε
685 954 779 1007 καὶ
800 953 1250 1023 πεντηκοντάδας,
1281 952 1378 1014 τάς
1404 967 1465 1005 τε
1495 950 1679 1012 θυσίας
1697 950 1870 1018 ἀσφα-

314 1045 544 1103 λέστατα
575 1044 668 1106 καὶ
706 1045 800 1105 τὰς
837 1042 1001 1112 εὐχὰς
1048 1043 1384 1097 ἀπετίννυον.
1413 1039 1503 1111 Τῷ
1538 1040 1594 1093 δὲ
1614 1056 1876 1111 προειρη-

318 1136 464 1207 μένῳ
493 1136 729 1206 σχήματι
755 1132 863 1186 τῶν
907 1133 1280 1204 Γραμματέων
1328 1132 1660 1203 προήρχοντο
1683 1130 1771 1184 διά
1795 1146 1876 1182 τοι

315 1229 413 1299 τῆς
431 1225 764 1297 ἀμπεχόνης,
812 1226 904 1279 καὶ
944 1223 1033 1278 διὰ
1069 1223 1177 1276 τῶν
1223 1222 1394 1276 ἄλλων
1433 1222 1745 1292 σχημάτων,
1784 1222 1878 1274 καὶ

316 1316 647 1387 γυναικικῶν
693 1314 922 1386 ἱματίων
965 1313 1039 1381 (5)
1069 1315 1126 1367 ὲν
1162 1312 1441 1376 πλατείαις
1467 1316 1586 1376 ταῖς
1626 1315 1876 1383 κρηπῖσι,

319 1410 414 1473 καὶ
445 1407 711 1478 γλώτταις
733 1404 841 1459 τῶν
876 1405 1234 1476 ὑποδημάτων
1266 1403 1562 1476 προϊόντες.
1606 1402 1879 1472 Ἐλέγοντο

316 1501 373 1558 δὲ
397 1500 696 1570 Φαρισαῖοι,
725 1496 813 1550 διὰ
841 1496 899 1549 τὸ
921 1494 1313 1566 ἀφορισμὲνους
1348 1489 1486 1548 εἶναι
1534 1493 1728 1558 αὐτοὺς
1772 1493 1880 1546 ἀπὸ

316 1590 424 1656 τῶν
446 1588 618 1644 ἄλλων
637 1586 725 1642 διὰ
742 1584 839 1654 τὴν
860 1584 1533 1658 ὲθελοπερισσοθρησκείαν
1557 1585 1681 1653 παρ’
1699 1584 1880 1646 αὐτοῖς

317 1676 730 1748 νενομισμένην.
765 1676 940 1748 Φάρες
991 1674 1099 1744 γὰρ
1147 1672 1288 1727 κατὰ.
1339 1673 1437 1749 τὴν
1501 1671 1755 1744 Ἐδραῖδα
1802 1670 1877 1743 (6)

319 1767 676 1842 ἑρμηνεύεται
697 1765 1018 1846 ἀφορισμός.

390 2030 464 2082 Β’.
505 2027 825 2099 Ὧμολόγουν
874 2027 930 2080 δὲ
988 2016 1132 2079 οὗτοι
1169 2025 1464 2079 ἀνάστασιν
1506 2021 1732 2093 νεκρῶν,
1759 2020 1879 2082 ἐπί-

323 2121 508 2179 στευόν
540 2137 599 2173 τε
644 2119 902 2188 ἀγγέλους
958 2113 1118 2180 εἶναι,
1156 2116 1250 2169 καὶ
1296 2113 1537 2185 Πνεῦμα.
1577 2113 1879 2184 Ἠγνόησαν

321 2216 378 2271 δὲ
402 2217 527 2270 Υἰὸν
551 2215 706 2282 Θεοῦ,
727 2216 802 2279 ὡς
824 2215 873 2268 οἰ
906 2213 1075 2268 ἄλλοι.
1112 2211 1268 2265 Ἀλλὰ
1303 2211 1395 2264 καὶ
1421 2210 1750 2281 εἱμαρμένη,
1785 2207 1877 2262 καὶ

319 2302 650 2377 ἀστρονομία
676 2306 801 2378 παρ’
821 2307 1002 2368 αὐτοῖς
1032 2303 1236 2374 σφόδρα
1265 2301 1646 2373 ἐχρημάτιζεν.
1672 2299 1878 2353 Αὐτίκα

323 2396 450 2462 γοῦν
485 2396 554 2450 τά
579 2397 863 2467 Ἑλληνικὰ
891 2397 1130 2466 ὀνόματα
1157 2394 1225 2448 τά
1250 2395 1315 2447 ὲκ
1340 2394 1437 2463 τῆς
1463 2392 1571 2444 τῶν
1598 2390 1876 2462 πεπλανη-

331 2486 503 2554 μένων
558 2487 915 2557 ἀστρονομίας
952 2486 1091 2540 κατά
1143 2484 1242 2555 τὴν
1294 2483 1545 2554 Ἐὁραῖδα
1603 2481 1876 2535 διάλεκτον

329 2574 529 2646 ἑτέροις
573 2574 795 2644 ὀνόμασι
847 2576 977 2646 παρ’
1032 2574 1212 2638 αὐτοῖς
1273 2570 1718 2642 μετωνόμασται·
1767 2562 1877 2622 οἷον

325 2665 473 2734 ἥλιος
515 2665 919 2735 Ἡμακαίσεμες
989 2662 1086 2733 (7),
1139 2662 1331 2733 σελήνη
1382 2657 1874 2730 Ἰερεεκαιαλὸανά,

321 2753 442 2805 ὅθεν
477 2754 570 2806 καὶ
603 2755 762 2824 Μήνη
792 2753 1050 2807 καλεῖται·
1100 2753 1260 2823 ’Ῑερεὲ
1288 2751 1395 2822 γὰρ
1433 2753 1460 2804 ὁ
1497 2750 1600 2821 μὴν
1641 2749 1876 2818 λέγεται,

322 2844 475 2916 Μήνη
508 2845 564 2898 δὲ
588 2845 808 2916 σελήνη,
845 2845 919 2909 ὡς
957 2843 1049 2898 καὶ
1064 2846 1191 2913 παρ’
1216 2843 1438 2911 Ἕλλησι
1472 2840 1558 2894 διὰ
1588 2839 1676 2893 τὸν
1713 2840 1875 2909 μῆνα·

322 2937 493 3005 ''Ap-q<
515 2934 707 3004 Χωχὲδ
746 2932 957 3004 Ὀκμώλ
980 2950 994 2964 ·
1035 2931 1242 3003 Ἑρμῆς
1270 2926 1460 2998 Χωχὲ6
1495 2927 1691 2997 Ὀχμόδ
1709 2944 1722 2957 ·
1747 2926 1882 2987 Ζεὺς

319 3023 509 3094 Χωχὲδ
542 3023 714 3077 Βάαλ·
755 3023 1040 3095 Ἀφροδίτη
1077 3022 1304 3093 Σεροῦα,
1355 3017 1703 3091 ἦτοιΛουήδ·
1737 3015 1881 3086 Κρό-

1974 594 2312 657 sternebant,
2356 609 2589 664 quorum
2616 595 2890 649 vellicatio
2933 591 3341 663 profundiorem
3394 608 3543 648 son-

1973 699 2104 738 nmn
2128 692 2376 748 arceret,
2416 691 2474 736 ut
2505 683 2590 738 vel
2632 683 2787 736 inviti
2830 683 3117 752 pervigiles
3153 697 3275 738 esse
3311 697 3545 745 consue-

1975 781 2211 829 scerent.
2250 771 2361 829 Nec
2398 772 2618 827 deluere
2665 774 2756 843 qui
2794 773 2987 828 iisdem
3034 774 3101 829 de
3140 774 3327 833 causis
3351 775 3546 845 spinas

1976 863 2324 932 subjicerent.
2357 861 2624 917 Caeterum
2656 860 2741 916 bis
2789 861 3130 918 bebdomada
3166 879 3386 933 quaque
3412 862 3546 933 jeiu-

1975 968 2108 1007 nare
2130 967 2249 1007 mos
2278 952 2387 1007 illis
2414 951 2538 1017 luit,
2572 952 2816 1007 secunda
2838 951 3092 1007 videlicet
3126 968 3188 1007 ac
3218 956 3410 1023 quinta
3434 954 3542 1008 die.

1975 1043 2057 1096 Ad
2090 1041 2204 1096 baec
2229 1042 2565 1098 decimarum
2592 1043 2834 1098 decimas
2867 1041 3103 1106 dabant;
3131 1043 3397 1113 primitias
3423 1041 3547 1099 ol'l'e·

1977 1133 2187 1194 rebant,
2244 1134 2549 1188 tricesimas
2602 1141 2655 1188 et
2704 1133 3218 1203 quinquagesimas3
3274 1131 3546 1187 sacrificia

1977 1232 2211 1292 votaque
2272 1238 2372 1279 sua
2422 1224 2834 1284 accuratissime
2890 1221 3290 1294 persolvebant.
3348 1219 3547 1280 Cultus

1978 1314 2120 1369 idem
2150 1313 2281 1378 illis,
2322 1313 2416 1383 qui
2450 1321 2503 1368 et
2546 1313 2771 1375 Scribis,
2817 1313 2885 1367 de
2932 1327 3040 1381 quo
3069 1310 3313 1381 proxime
3341 1309 3547 1364 dictum

1977 1409 2080 1468 est,
2128 1404 2297 1460 vestis
2341 1404 2551 1459 scilicet
2598 1417 2661 1457 ac
2706 1403 2954 1473 reliquus
3011 1401 3260 1471 corporis
3306 1400 3547 1455 babitus.

1979 1490 2084 1546 Sed
2122 1499 2176 1548 et
2206 1493 2493 1547 muliebria
2522 1491 2744 1562 palliola
2789 1490 3096 1562 gestabant,
3140 1498 3196 1544 et
3233 1503 3358 1542 cum
3391 1486 3550 1543 latio·

1979 1582 2134 1638 ribus
2164 1583 2403 1653 crepidis
2434 1596 2497 1636 ac
2543 1581 2812 1636 solearum
2865 1580 3045 1650 ligulis
3088 1579 3379 1649 procedere
3413 1576 3552 1633 sole·

1980 1673 2133 1728 bant.
2182 1671 2286 1739 Qui
2322 1672 2444 1728 ideo
2496 1671 2757 1732 Pharisaei
2800 1668 2931 1726 dicti
2977 1676 3126 1734 sunt,
3162 1666 3311 1737 quod
3358 1674 3547 1731 essent

1981 1772 2198 1834 propter
2243 1763 2535 1818 ascititiam
2583 1761 2731 1821 illam
2783 1760 3329 1831 superstitiosamque
3373 1757 3544 1813 disci·

1981 1855 2182 1924 plinam
2222 1868 2253 1907 a
2295 1854 2521 1923 reliquis
2556 1851 2810 1921 sejuncti.
2848 1851 3054 1906 Pliares
3101 1850 3247 1905 enim
3289 1847 3552 1905 Hebraice

1978 1945 2359 2013 separationem
2384 1942 2676 2014 significat.

2049 2035 2110 2089 ll.
2153 2035 2486 2089 Morinorum
2519 2049 2683 2105 porro
2732 2032 3194 2088 resurrectionem
3233 2044 3552 2104 persuasam

1979 2123 2273 2179 habebant.
2328 2123 2602 2190 Angelos,
2652 2138 2717 2177 ac
2762 2123 3013 2192 spiritum
3054 2136 3177 2177 esse
3234 2119 3554 2192 credebant,

1981 2215 2084 2272 Sed
2108 2226 2163 2269 ut
2186 2215 2366 2269 caeteri
2398 2213 2489 2268 Dei
2510 2212 2704 2269 Filium
2723 2213 3062 2283 ignorarunt.
3089 2210 3233 2277 Quin
3256 2210 3419 2265 etiam
3440 2206 3554 2266 rato

1978 2312 2032 2362 et
2058 2303 2407 2359 astronomiae
2428 2304 2722 2372 plurimum
2756 2303 3089 2358 tribuebant.
3114 2300 3452 2370 Argumenta
3470 2306 3554 2356 cst

1978 2394 2123 2466 quod
2163 2390 2350 2448 Graeca
2382 2393 2565 2446 omnia
2595 2393 2860 2446 vocabula
2897 2391 3211 2446 vanissimae
3247 2390 3396 2444 illius
3419 2387 3555 2445 artis

1979 2486 2201 2557 propria
2229 2484 2450 2539 totidem
2488 2483 2556 2538 ab
2592 2485 2661 2540 iis
2688 2482 2973 2538 Hebraicis
3015 2491 3143 2536 sunt
3169 2479 3382 2535 reddita
3406 2479 3557 2537 voci·

1979 2577 2101 2632 bus.
2154 2575 2397 2645 Exempli
2439 2589 2607 2629 causa
2657 2575 2740 2630 sol
2784 2572 3011 2627 llamma
3040 2583 3094 2627 et
3133 2571 3323 2626 Sernes
3374 2570 3447 2626 ab
3485 2568 3556 2632 iis

1980 2667 2300 2737 appellatur.
2355 2664 2530 2731 Luna,
2582 2662 2742 2719 Jeree
2799 2671 2853 2719 et
2913 2661 3207 2716 flallebana
3249 2676 3269 2716 ⁸.
3300 2660 3445 2716 unde
3498 2667 3555 2723 et

1980 2757 2135 2811 Mene
2182 2764 2453 2811 vocatur:
2485 2770 2609 2808 nam
2641 2753 2800 2809 Jeree
2854 2752 3083 2817 mensis,
3132 2759 3186 2808 et
3230 2751 3360 2805 luna
3401 2749 3557 2806 Mene

1981 2850 2218 2917 dicitur3
2247 2864 2310 2903 ac
2339 2847 2561 2919 perinde
2589 2853 2648 2902 ut
2685 2846 2826 2916 apud
2861 2844 3080 2900 Graecos
3108 2860 3137 2899 a
3166 2859 3354 2899 mense
3379 2843 3558 2897 nomi·

1981 2942 2069 2995 nis
2118 2940 2530 3011 appellationem
2573 2938 2803 2993 derivat.
2862 2935 3121 3005 Sequitur
3170 2934 3337 2999 Mars,
3393 2948 3556 3004 quem

1982 3029 2200 3085 Cocliab
2231 3028 2417 3083 Ocmol
2452 3028 2774 3093 nominant;
2802 3025 3132 3081 Mercurium
3177 3041 3308 3080 vero
3339 3022 3559 3081 Cocli-ib

317 3133 405 3180 ⁹0<
437 3114 629 3189 mekd
653 3113 854 3186 Σαόἦθ·
887 3114 1188 3184 Λέγεταῑδὲ
1217 3112 1376 3165 πάλιν
1415 3112 1541 3182 παρ’
1576 3110 1757 3171 αὐτοῖς
1790 3107 1882 3171 ’‘9st
1985 3120 2247 3182 chmod,
2284 3118 2469 3176 lovem
2512 3118 2732 3174 Cocliab
2765 3117 2915 3171 Baal.
2948 3115 3214 3172 Venerem
3253 3114 3445 3181 Serua,
3476 3113 3558 3170 vel

314 3201 493 3266 ἄλλοις
520 3204 795 3273 ὀνόμασιν.
828 3204 942 3254 Uim
974 3201 1242 3270 ἠδυνήθην
1279 3200 1333 3252 δὲ
1364 3196 1604 3270 ἀκριδῶς
1630 3196 1729 3268 τὴν
1763 3194 1885 3257 τού-

314 3311 421 3346 των
452 3293 766 3364 ὲπωνυμίαν
789 3291 1045 3358 ἐκθεῖναι,
1069 3289 1204 3345 ἀλλὰ
1237 3289 1331 3342 κα)Ι
1357 3289 1428 3344 τὰ
1459 3288 1703 3360 ματαίως
1731 3304 1885 3357 νομι·

389 3425 465 3498 (5)
512 3424 873 3492 Ἐνήστευον
892 3425 959 3478 δὲ
981 3425 1096 3492 δίς.
1125 3424 1428 3481 Secundam
1456 3433 1509 3480 et
1538 3425 1782 3496 quintam
1807 3421 1886 3477 l'e-

316 3496 455 3551 riam
495 3494 931 3566 'theophylactus
964 3511 1116 3566 :eque
1156 3504 1318 3566 atque
1353 3495 1685 3564 Epiphanius
1716 3493 1889 3546 aduo-

317 3577 418 3627 tat‚
452 3573 504 3620 et
535 3564 881 3620 llebraeorum
920 3565 1039 3619 libri
1082 3565 1238 3619 tidem
1274 3566 1507 3619 faciunt.
1537 3566 1609 3620 Ut
1638 3578 1702 3618 ea
1733 3562 1800 3618 de
1829 3577 1888 3616 re

316 3637 400 3691 vir
425 3635 618 3690 doctus
647 3637 846 3691 frustra
876 3636 1220 3690 dubitaverit.

389 3704 464 3776 (t)
508 3704 940 3760 Ἀπεδεκάτουν
977 3705 1044 3758 δὲ
1073 3705 1188 3772 τὴν
1217 3704 1565 3770 δεκάτωσιν,
1600 3701 1884 3773 Proprium

318 3775 422 3829 hoc
504 3775 602 3828 suit
693 3774 1034 3835 Levitarum.
1115 3777 1209 3841 qui
1286 3774 1618 3826 decimarum
1643 3812 1658 3834 ,
1749 3788 1886 3841 quas

319 3843 550 3914 populus
602 3844 925 3913 praestabat,
972 3844 1213 3896 decimas
1267 3842 1643 3894 sacerdotibus
1686 3842 1888 3902 exime-

320 3915 486 3976 bant;
523 3912 882 3966 Numen-orum
937 3926 1090 3963 xviii.
1146 3910 1307 3977 Atqui
1359 3925 1464 3961 non
1510 3923 1699 3963 omnes
1747 3908 1888 3963 Plia-

322 3981 464 4036 ris.ei
501 3988 657 4034 erant
689 3981 903 4041 Levitae,
941 3978 1083 4056 quod
1131 3988 1308 4032 tamen
1362 3978 1718 4046 Epiphaniam
1763 3994 1886 4034 seu-

322 4051 483 4112 sisse,
527 4064 592 4103 ex
641 4049 743 4102 boe
793 4050 910 4101 loco
958 4048 1222 4117 suspicari
1257 4049 1454 4117 aliquis
1502 4053 1703 4116 posset.
1757 4046 1886 4114 Qure

322 4120 467 4174 enim
490 4118 689 4188 alioqui
718 4117 1067 4172 decumarum
1099 4125 1226 4172 snut
1253 4117 1514 4180 decumae,
1539 4132 1660 4172 cum
1694 4129 1887 4188 praeter

321 4187 619 4244 Leviticmn
655 4188 898 4241 ordinem
923 4187 1180 4242 decumas
1210 4190 1390 4242 nullus
1421 4188 1728 4257 acceperit?
1771 4188 1886 4241 Pri-

322 4274 469 4312 mum
499 4260 741 4311 omnium
770 4258 838 4312 ab
864 4257 1124 4314 israelitis
1152 4259 1401 4328 primitiae
1428 4258 1496 4312 de
1526 4258 1715 4327 spicis,
1766 4257 1885 4311 uvis

321 4335 375 4383 et
420 4329 556 4384 oleis
589 4327 952 4381 afferebantur
981 4345 993 4380 z
1027 4334 1139 4382 tum
1186 4328 1253 4382 de
1302 4326 1546 4398 frugibus
1591 4327 1885 4382 elaboratis

321 4400 568 4455 tlieruma
615 4407 668 4452 et
695 4395 935 4451 decimae.
967 4395 1238 4451 'l'lieruma
1272 4397 1323 4450 in
1368 4399 1480 4467 lege
1518 4396 1737 4451 delinita
1774 4411 1884 4450 non

321 4477 469 4528 erat:
510 4467 602 4521 sed
652 4481 682 4520 a
729 4467 1000 4547 magistris
1045 4467 1395 4536 praescriptus
1445 4467 1638 4521 modus
1684 4475 1790 4528 est,
1822 4472 1881 4519 ut
1913 4488 1957 4541 ι)

323 4552 390 4591 ne
428 4538 608 4591 minus
644 4551 976 4604 sexageSima
1014 4536 1360 4604 penderetur.
1399 4535 1578 4601 Quare
1625 4537 1717 4604 qni
1749 4537 1882 4590 iibe-

322 4608 464 4661 rales
505 4616 682 4668 erant,
732 4606 1226 4674 quadragesimam,
1279 4608 1424 4673 parci
1466 4605 1879 4674 sexagesimam,

321 4676 483 4730 medii
519 4676 661 4729 inter
690 4684 969 4742 utrosque,
1008 4675 1073 4728 ad
1108 4674 1207 4729 lios
1242 4683 1333 4727 aut
1365 4675 1486 4728 illos
1528 4673 1876 4728 accedebant.

325 4735 399 4800 De
423 4759 529 4814 qua
563 4759 620 4797 re
641 4753 816 4799 exstat
847 4743 1065 4812 sosepbi
1098 4740 1357 4813 Scaligeri
1389 4743 1709 4813 opusculum
1740 4744 1884 4797 inter

320 4817 631 4880 posthuma.
666 4813 739 4867 De
771 4814 837 4868 iis
865 4815 1047 4882 itaque
1074 4812 1336 4868 ilici-umis
1370 4812 1579 4866 fortean
1614 4812 1884 4883 accipien-

321 4883 427 4938 dus
459 4882 806 4952 Ep‘plianiuS,
843 4899 966 4937 cum
997 4882 1405 4954 τριακοντάδας,
1436 4889 1488 4935 et
1516 4883 1881 4951 πεντηκοντά-

320 4955 417 5017 δας
450 4952 758 5024 pei-solutas
803 4968 832 5005 a
875 4953 1163 5006 Pliarisaeis
1214 4967 1332 5006 esse
1380 4952 1590 5007 scribit.
1639 4951 1793 5016 Quod
1837 4954 1884 5006 si

321 5039 510 5078 verum
553 5029 658 5085 est,
706 5023 917 5088 egregia
952 5021 1165 5074 illorum
1214 5022 1508 5076 liberalitas
1536 5023 1763 5087 exstitit,
1797 5029 1884 5077 ut-

321 5102 445 5163 pote
476 5092 566 5163 qui
599 5091 918 5159 praelinitum
948 5105 977 5142 a
1015 5089 1284 5160 Magistris
1308 5091 1597 5146 terminum
1627 5089 1735 5144 τῶν
1760 5107 1884 5145 τεσ-

324 5160 672 5231 σαρακοστῶν
722 5161 1119 5230 superaverint.
1168 5158 1291 5213 Tria
1337 5176 1496 5231 porro
1530 5160 1881 5216 decumarum

322 5231 466 5301 apud
509 5230 767 5286 nebi-aeos
811 5245 1006 5299 genera
1053 5237 1246 5299 praeter
1274 5230 1572 5291 tlierumas,
1603 5243 1657 5285 et
1697 5229 1886 5300 primi-

324 5303 427 5368 tias
463 5300 634 5356 suere.
676 5300 857 5354 Prima
904 5300 992 5353 illa
1044 5300 1168 5364 tuit,
1222 5314 1384 5368 quam
1419 5298 1670 5354 Leviticae
1713 5299 1878 5354 tribui

322 5372 615 5443 quotannis
652 5370 1016 5441 pensitabant,
1079 5368 1239 5423 Num.
1288 5383 1444 5432 xviii,
1491 5370 1584 5431 ΞΟ,
1628 5377 1683 5426 ct
1729 5369 1885 5425 dein-

323 5456 471 5511 ceps.
497 5441 700 5503 Altera,
736 5455 896 5508 quam
930 5440 1158 5509 singulis
1183 5438 1342 5493 annis
1371 5454 1536 5510 penes
1567 5456 1626 5496 se
1654 5440 1885 5511 quisque

324 5511 613 5572 retinebat,
648 5519 705 5564 ut
745 5510 838 5573 ibi,
870 5511 959 5565 ubi
993 5509 1363 5565 sanctuarium
1405 5515 1540 5573 erat,
1581 5511 1669 5565 illa
1698 5523 1885 5566 vesce-

325 5589 493 5646 retur,
525 5580 782 5635 adhibitis
820 5580 886 5634 ad
934 5580 1242 5635 convivium
1294 5578 1518 5642 Levitis,
1575 5578 1733 5636 Dent.
1767 5594 1878 5633 xiv.

325 5647 505 5715 Tertia
528 5649 766 5708 demum.
795 5665 957 5718 quam
985 5653 1145 5705 tertio
1169 5664 1385 5719 quoque
1417 5663 1561 5703 anno
1585 5650 1637 5704 in
1669 5649 1882 5706 Levitas

324 5727 380 5773 et
409 5720 657 5788 pupillos,
677 5718 975 5787 viduasque
997 5719 1415 5784 distribuebant,
1438 5718 1560 5773 eod.
1589 5718 1741 5775 Deut-
1759 5733 1881 5787 cap.

395 5789 474 5862 (5)
515 5788 622 5842 Καὶ
673 5788 1033 5858 γυναικικῶν
1078 5790 1342 5860 ἱματίων.
1401 5788 1722 5859 magnopere
1777 5789 1880 5841 mi·

1988 3215 2159 3271 Lued.
2204 3214 2474 3268 Saturnus
2509 3212 2747 3282 denique
2795 3210 3018 3266 Cocliab
3067 3207 3268 3265 Sabetli
3304 3215 3555 3283 vocatur.

1991 3303 2129 3360 Sunt
2154 3313 2209 3358 ct
2240 3304 2455 3357 illorum
2482 3301 2601 3355 aliae
2651 3300 3096 3364 nomenclaturae,
3128 3312 3265 3369 quas
3304 3303 3559 3352 accurate

1990 3438 2241 3503 randum,
2273 3436 2317 3491 si
2365 3434 2528 3489 modo
2562 3449 2751 3489 verum
2790 3440 2894 3497 est,
2930 3431 3287 3487 muliebribus
3328 3429 3559 3498 palliolis

1990 3523 2119 3563 usos
2160 3522 2283 3561 esse
2329 3505 2651 3558 Pliarisaeos.
2685 3502 2841 3568 Quod
2887 3505 3157 3569 sequitur,
3187 3504 3244 3554 ὲν
3280 3498 3559 3563 πλατείαις

1987 3581 2108 3641 ταῖς
2137 3578 2385 3647 κρηπῖσι,
2414 3575 2549 3628 latas
2581 3575 2800 3628 eosdem
2832 3572 3083 3640 crepidas
3115 3570 3371 3625 babuisse
3394 3569 3559 3638 signi·

1991 3649 2137 3709 licat,
2176 3661 2274 3704 nec
2306 3646 2464 3698 aliter
2493 3644 2812 3698 Cornan-ius.
2861 3641 3089 3707 Quidam
3124 3649 3300 3693 tamen
3329 3640 3403 3692 ita
3438 3654 3559 3693 cor-

1990 3714 2273 3786 rigendum
2311 3720 2521 3783 putant,
2556 3715 2612 3765 ἐν
2641 3711 2936 3774 πλατείαις,
2964 3713 3020 3764 ὲν
3047 3711 3165 3770 ταῖς
3188 3711 3437 3779 κρηπῖσι,
3468 3706 3561 3760 καὶ

1987 3786 2273 3867 γλώτταις,
2295 3793 2399 3835 etr.
2420 3784 2497 3835 Ac
2515 3782 2717 3850 plateas
2736 3781 3059 3849 intelligunt,
3075 3779 3127 3832 in
3155 3780 3355 3845 quibus
3377 3785 3559 3831 osteu-

1990 3856 2176 3909 tabant
2202 3869 2260 3907 se
2287 3851 2567 3905 Pliarisaei.
2602 3849 2713 3918 Ego
2766 3850 2896 3902 nibil
2946 3847 3314 3902 innovandum
3344 3859 3559 3900 censeo.

2059 3924 2135 3991 (6)
2175 3920 2367 3989 Φάρες
2407 3921 2517 4002 γὰρ
2553 3919 2703 3972 κατὰ
2746 3918 2860 3985 τὴν
2893 3916 3177 3985 Έόραΐδα.
3227 3913 3358 3984 Reg.
3391 3913 3559 3969 codex

1986 3993 2153 4065 Φέρες
2180 3991 2336 4062 quasi
2384 4000 2475 4052 sit,
2514 3989 2696 4059 Φέρις,
2724 3997 2776 4042 et
2812 3988 3094 4058 legendum
3135 3985 3205 4040 sit
3242 3983 3559 4054 ἀφωρισμί·

1986 4079 2094 4125 νος.
2127 4063 2449 4130 Quanquam
2493 4057 2795 4128 ἀφορισμός
2829 4071 2917 4111 res
2948 4064 3031 4110 est
3076 4056 3213 4125 ipsa,
3244 4068 3409 4123 quam
3454 4066 3558 4106 vo·

1987 4132 2241 4188 cabulum
2273 4128 2587 4198 signiticat:
2617 4141 2725 4182 non
2757 4134 2816 4180 ut
2838 4125 2899 4178 τὸ
2914 4126 3089 4196 Φάρες
3116 4125 3197 4178 vel
3218 4124 3386 4194 Φέρες
3418 4134 3559 4193 prae·

1988 4205 2103 4257 cise
2159 4201 2231 4255 sit
2274 4199 2491 4253 verbale
2548 4197 2949 4251 substantivum
3007 4193 3286 4266 ἐνέργειαν
3333 4205 3561 4248 sonans.

1989 4271 2085 4327 Est
2112 4270 2256 4324 enini
2295 4270 2477 4340 potius
2505 4274 2804 4335 separatus,
2832 4278 2994 4334 quam
3024 4263 3315 4333 separatio.

2056 4364 2131 4435 (7)
2176 4358 2312 4417 Olor
2356 4360 2529 4429 ἥλιος
2580 4359 3029 4439 ‘unquamne-eq.
3064 4355 3139 4438 De
3181 4357 3266 4412 liis
3308 4354 3558 4438 Hebraeo·

1988 4448 2108 4487 rum
2160 4432 2608 4511 appellationibus
2650 4437 2759 4496 agit
2788 4427 3217 4510 ‘eruditissimus
3273 4422 3559 4508 Seri-arius

1986 4511 2171 4557 noster
2203 4504 2239 4555 l.
2289 4516 2304 4555 ι
2355 4499 2429 4552 De
2458 4500 2626 4552 tribus
2672 4505 2848 4561 sectis,
2882 4511 2933 4551 c.
2969 4496 3024 4561 Ξ,
3061 4505 3115 4550 et
3158 4512 3211 4550 ιιι
3252 4494 3557 4556 ummah,

1944 4566 2077 4627 ΙἸὼ.
2127 4587 2200 4631 ιν,
2252 4584 2303 4624 c.
2350 4569 2403 4622 5.
2455 4568 2531 4621 Ea
2561 4570 2641 4624 sic
2682 4566 2949 4622 Hebraico.
2992 4564 3351 4636 concipienda
3406 4571 3557 4619 sunt.

1980 4671 2127 4724 nm,
2161 4660 2243 4715 vel
2266 4667 2578 4721 tumtun?
2617 4659 2698 4713 vel
2734 4641 2887 4717 :²1:125-
2926 4655 3162 4711 Duorum
3214 4655 3558 4725 sequentium

1983 4733 2227 4795 numina,
2246 4729 2390 4800 quod
2424 4744 2611 4784 eorum
2647 4730 2799 4797 origo
2821 4728 2891 4782 sit
2918 4728 3145 4788 ineerta,
3166 4742 3274 4780 non
3311 4726 3448 4781 satis
3471 4723 3559 4788 ἐξ·

1982 4801 2326 4871 εὸραῖζεσθαι
2389 4805 2628 4871 queunt;
2685 4797 2877 4867 Χωχὲδ
2936 4796 3152 4867 Ὀκμώλ
3175 4834 3190 4858 ,
3257 4803 3311 4850 et
3367 4793 3557 4866 Χωχὶδ

1998 4891 2217 4963 Ὀχμόδ.
2246 4890 2488 4958 Quorum
2519 4890 2672 4961 prius
2708 4887 2926 4961 Ὀκμώλ
2944 4887 3078 4946 sorte
3096 4903 3126 4943 a
3148 4872 3289 4972 5032,
3314 4885 3555 4959 quodest

1984 4979 2285 5043 succidere,
2334 4981 2563 5035 alterum
2615 4995 2645 5031 a
2671 4989 2798 5040 'mn
2840 4979 2985 5049 quod
3020 4987 3104 5034 est
3143 4978 3556 5047 concupiscere,

1984 5051 2111 5121 quia
2140 5048 2438 5105 Mercurius
2475 5049 2813 5105 lucrionibus
2864 5057 2918 5105 et
2949 5049 3379 5119 negotiatoribus
3407 5062 3556 5116 quac·-

1985 5131 2102 5176 stus
2158 5120 2489 5175 avidissimis
2547 5119 2839 5188 praesidet;
2903 5134 3029 5173 nam
3099 5115 3243 5187 quod
3312 5115 3558 5188 Scaliger

1984 5189 2171 5245 Ocmol
2225 5190 2292 5244 ad
2344 5187 2669 5251 Camuluni,
2724 5189 2815 5256 qui
2866 5189 2921 5241 in
2970 5190 3137 5240 veteri
3194 5186 3558 5257 inscriptione

1986 5267 2185 5322 exstat,
2242 5261 2514 5330 pertinere
2559 5258 2825 5316 defendit.
2876 5269 2981 5310 non
3033 5257 3244 5326 probat.
3407 5259 3555 5311 uitur

1982 5340 2111 5394 ὩῚἻτ
2143 5338 2286 5388 22'0.
2323 5328 2548 5384 Veneris
2580 5328 2733 5382 stella
2786 5324 3006 5395 Σερούα.
3047 5327 3128 5381 vel
3169 5326 3362 5394 Λουήδ.
3440 5327 3553 5381 rior

1985 5416 2091 5455 vox
2121 5414 2149 5452 a
2182 5410 2307 5464 Tit,
2350 5406 2409 5454 ut
2454 5397 2702 5453 Serrai-io
2739 5396 2913 5451 visum
2943 5403 3048 5462 est,
3080 5396 3353 5462 deducta;
3392 5392 3552 5466 qiiasi

1986 5499 2150 5556 ΏἾἾΉ
2182 5489 2537 5558 posteriorem
2570 5500 2600 5540 a
2628 5471 2714 5546 ἡν
2746 5487 2946 5550 malim,
2981 5501 3143 5556 quam
3178 5501 3207 5539 a
3233 5470 3377 5544 1:³⁸7.
3415 5483 3551 5538 Nam

1984 5569 2038 5614 et
2064 5559 2273 5628 Assyrii
2301 5557 2616 5630 Ἀφροδίτην
2641 5556 2903 5622 Μύλιττα,
2933 5558 3137 5613 Arabes
3169 5557 3379 5610 Ἀλίττα
3411 5567 3551 5610 nun·

1985 5657 2276 5720 cuparunt.
2311 5648 2515 5703 Auctor
2559 5647 2864 5704 Herodotus
2892 5648 3029 5705 Clio.
3138 5633 3356 5708 κτΠΒἸῸ
3387 5646 3420 5717 ἠ
3456 5658 3551 5711 τε·

1983 5721 2258 5843 ζῗεὶξριαιιιὶε
2283 5716 2529 5842 tIllietiiitissfltie
2575 5727 2707 5778 nata?
2756 5729 2880 5777 22'0
2932 5717 3153 5775 Sabbati
3200 5719 3357 5772 stella
3402 5721 3550 5770 recto
