3850 6517
301 385 410 441 ¹33

1327 386 1386 439 S.
1414 385 1759 443 EPtPttANtt
1798 387 1981 443 ACTA
2024 389 2530 447 nubentium,

3450 401 3555 460 ltu

296 503 606 570 sesatetur,
650 522 670 556 ι
710 512 772 560 ιιι
797 505 865 560 ad
902 503 954 558 id
981 505 1126 574 quod
1163 505 1297 563 utile
1324 523 1390 563 ac
1430 509 1769 565 fructuosum
1796 519 1882 564 cst
1910 514 1957 571 Α
1983 509 2247 565 adversus
2276 509 2569 565 falsitatem
2612 527 2710 581 pro
2745 514 2975 571 veritate
3010 515 3317 575 decertans.
3355 516 3557 575 Breres

293 597 598 653 excitatum
628 596 876 651 animum
911 596 1232 652 transferret
1241 638 1351 652 .....
1394 599 1610 657 Auditis
1652 623 1670 654 ι
1708 602 1878 665 enim,

296 690 498 760 inquit,
559 706 579 740 ι
639 688 916 758 precibuS,
944 703 1085 757 quas
1133 705 1241 745 non
1292 707 1493 761 paucas
1543 694 1884 761 pertulerunt

290 780 516 850 Conops
551 778 712 832 irater
752 787 918 847 atque
957 778 1388 849 compresbyter,
1449 780 1654 848 aliique
1700 779 1881 851 ipsum

294 872 492 935 secuti,
534 883 742 938 vosque
777 867 1086 923 charissimi
1136 867 1256 935 tilii,
1316 885 1419 925 nec
1465 886 1575 925 non
1620 870 1882 942 Hypatius

296 963 443 1018 iilius
482 971 690 1023 noster,
726 959 821 1030 qui
869 958 936 1014 ad
981 975 1068 1014 me
1110 970 1398 1029 propterea
1431 976 1497 1017 ex
1529 960 1764 1032 AEgypto
1790 977 1884 1017 ve·

294 1056 408 1120 nit3
440 1068 564 1107 cum
595 1061 674 1107 tot
715 1052 769 1106 in
826 1051 970 1106 idem
1004 1049 1265 1119 suffragia
1309 1053 1653 1108 consensisse
1693 1067 1883 1107 cerne-

299 1164 452 1213 rem;
487 1155 664 1200 mente
689 1144 985 1212 animoque
1024 1152 1336 1198 commotus
1383 1153 1637 1212 reputare
1669 1158 1880 1198 mecum

300 1239 419 1310 ipse
458 1237 621 1308 coepi,
655 1252 720 1293 ac
768 1236 986 1291 taudem
1028 1235 1175 1290 istud
1214 1235 1349 1289 mihi
1390 1244 1637 1304 prompte
1677 1243 1732 1287 et
1765 1235 1881 1289 ala·

298 1329 467 1385 criter
493 1326 801 1383 faciendum
830 1340 952 1382 esse
986 1322 1228 1390 decrevi,
1261 1333 1324 1378 ut
1359 1341 1457 1395 pro
1489 1340 1556 1379 eo
1578 1340 1642 1379 ac
1675 1340 1770 1394 per
1795 1327 1885 1381 iit-

299 1434 448 1479 teras
470 1419 809 1491 postulastis,
840 1419 910 1473 ad
950 1420 1093 1474 hanc
1131 1418 1288 1472 vobis
1320 1433 1419 1486 pro
1448 1427 1632 1472 vestro
1667 1417 1884 1471 deside-

298 1515 387 1571 rio
414 1511 760 1569 scribendam
779 1510 1090 1581 epistolam,
1122 1511 1304 1564 tenuis
1327 1509 1452 1564 licet
1483 1518 1535 1563 et
1560 1509 1880 1572 imbecilius,

299 1607 425 1661 sine
471 1604 582 1658 ulla
627 1601 1077 1671 tergiversatione
1119 1615 1205 1654 mc
1248 1600 1578 1655 conferrem.
1619 1618 1637 1650 ι
1679 1598 1748 1653 Ut
1785 1613 1885 1652 au-

301 1707 410 1752 tem
435 1695 642 1752 dicitur
693 1695 747 1749 in
783 1695 983 1765 praevia
1033 1690 1290 1763 synopsi,
1330 1709 1349 1742 ι
1404 1692 1716 1761 complures
1749 1706 1884 1761 opus

303 1789 429 1853 boc,
467 1805 488 1840 ι
523 1785 669 1857 qnod
688 1785 896 1855 justius
920 1783 1118 1839 librum
1152 1796 1316 1852 quam
1344 1781 1631 1850 epistolam
1659 1781 1882 1840 dixeris.

1983 616 2115 655 sane
2138 610 2265 655 sunt
2303 600 2356 654 hi
2391 602 2577 664 libelli,
2606 604 2725 658 etsi
2754 606 2806 658 in
2844 622 3011 661 unum
3050 608 3288 663 libellum
3313 611 3563 678 redisau-

1983 699 2093 754 tur,
2124 704 2223 742 nec
2244 689 2361 758 ipse
2386 689 2493 742 erit
2531 690 2734 744 nostris
2773 691 2856 744 vel
2900 693 3133 748 aliorum
3185 697 3554 765 quorumdam

1979 779 2138 833 libris
2174 777 2510 849 longitudine
2547 782 2971 848 comparandus.
3008 783 3183 853 lluJus
3238 787 3557 858 brevitatem

1981 871 2030 926 si
2093 870 2246 924 i'uero
2296 870 2350 924 in
2400 871 2700 926 haeresibus
2745 877 3241 931 commemorandis
3289 879 3553 941 imitatus,

1981 963 2113 1040 quid
2138 978 2168 1016 a
2201 978 2287 1017 me
2315 963 2536 1017 brevius
2582 965 2856 1032 postulare
2888 967 2970 1019 vel
3004 979 3318 1036 exspectare
3354 972 3557 1026 debeas

1985 1067 2094 1106 non
2120 1052 2366 1107 habebis.
2406 1071 2424 1102 ι
2461 1052 2524 1106 Ει
2554 1069 2767 1106 rursum
2801 1054 2917 1121 ipso
2958 1057 3010 1109 in
3063 1067 3317 1113 contextu
3365 1059 3555 1115 baeresi

1984 1156 2092 1195 ιιίι
2129 1158 2143 1194 z
2182 1158 2200 1191 ι
2258 1140 2489 1196 Proinde
2540 1142 2875 1212 Epiphanius
2898 1145 2963 1198 de
2990 1149 3299 1218 octuaginta
3337 1150 3559 1204 haeresi·

1984 1230 2110 1294 bus,
2146 1231 2359 1300 viginti,
2388 1247 2528 1300 quas
2555 1240 2681 1286 aitte
2709 1231 2921 1287 Domini
2940 1236 3234 1291 adventum
3261 1239 3559 1303 exstitisse,

1983 1322 2129 1378 sicut
2161 1324 2209 1378 ei
2231 1323 2407 1378 visum
2442 1332 2547 1386 est,
2584 1327 2952 1394 computavit:
2996 1327 3236 1397 reliquas
3288 1339 3413 1398 post
3454 1329 3556 1384 Do-

1985 1415 2120 1470 mini
2156 1429 2445 1470 asccnsum
2476 1425 2633 1468 natas
2682 1417 2986 1485 sexaginta,
3019 1417 3358 1474 brevissimis
3399 1418 3557 1475 libris

1985 1506 2230 1575 quinque
2256 1504 2687 1572 comprehendit,
2720 1516 2882 1575 atque
2916 1522 3108 1564 omnes
3152 1509 3204 1563 in
3258 1524 3350 1564 sex
3407 1510 3560 1572 libris

1987 1597 2155 1651 totins
2180 1596 2423 1665 ejusdem
2455 1595 2538 1649 sui
2568 1596 2748 1665 operis
2791 1595 2918 1652 feeit
2966 1598 3240 1653 concludi.
3282 1620 3301 1651 ι
3335 1600 3564 1654 Miratur

1987 1685 2262 1749 Petavius,
2278 1693 2331 1740 et
2359 1684 2552 1740 merito
2583 1685 2832 1749 miratur,
2858 1686 2982 1740 talia
3006 1687 3073 1740 de
3100 1688 3402 1758 Epiphanio
3432 1690 3563 1743 scri·

1988 1778 2118 1832 bere
2165 1776 2556 1845 Augustinum,
2620 1795 2638 1828 ι
2687 1776 2780 1846 qui
2831 1793 2933 1833 nec
2989 1777 3121 1833 illud
3169 1780 3373 1850 ipsum,
3417 1780 3562 1850 qiiod

308 1896 329 1931 ι
365 1876 488 1934 adei
520 1888 702 1948 partes
726 1876 994 1937 eontinet,
1039 1883 1097 1928 ut
1137 1882 1265 1944 puta
1313 1873 1380 1926 de
1429 1871 1629 1936 Patris,
1666 1871 1786 1925 Filii
1818 1886 1883 1924 ac
1917 1847 1961 1905 Β
1990 1868 2255 1924 omissum
2278 1867 2347 1921 ab
2367 1881 2453 1926 eo.
2486 1882 2517 1920 a
2546 1881 2603 1920 se
2632 1882 2760 1921 vero
2788 1867 2989 1922 sactum
3023 1870 3088 1923 iri
3110 1871 3347 1935 dixerat,
3380 1881 3438 1925 ut
3467 1871 3565 1926 ad-

304 1967 544 2040 Spiritus
571 1967 749 2023 sancti
798 1981 907 2021 una
953 1966 1255 2034 eademqne
1306 1963 1632 2028 substantia,
1671 1963 1738 2017 de
1763 1977 1886 2031 per-

305 2059 441 2116 ieeta
466 2059 674 2115 Christi
700 2057 1107 2122 incarnatione,
1140 2056 1207 2110 dc
1249 2063 1589 2109 mortuorum
1639 2069 1887 2108 resurre-

304 2153 504 2217 ctione,
533 2153 603 2208 de
633 2161 836 2207 aeterna
868 2152 980 2205 vita
1021 2164 1087 2204 ac
1122 2148 1332 2218 judicio
1375 2148 1570 2201 animm
1609 2146 1812 2215 pariter
1836 2156 1892 2200 et

298 2245 587 2315 coi-potin
619 2252 733 2298 tum
762 2241 1029 2297 adversus
1055 2240 1198 2295 idola
1218 2239 1566 2306 haeresesque
1591 2237 1888 2307 sigillatim,

302 2353 373 2393 ae
400 2345 592 2392 contra
641 2334 858 2391 Judaeos
893 2343 1236 2402 caeterosque
1287 2331 1564 2399 disputan
1615 2327 1888 2398 octoginta

311 2443 481 2496 porro
513 2425 791 2481 haereseon
828 2425 1051 2480 nomina
1079 2421 1504 2492 complectitur:
1534 2421 1771 2490 denique
1795 2435 1891 2474 va·

320 2517 437 2571 rias
458 2515 527 2570 de
554 2513 855 2584 Scripturis
886 2518 1060 2573 sacris
1091 2514 1430 2586 quaestiones
1460 2512 1699 2579 exponit.
1744 2531 1765 2565 ι

393 2606 484 2661 Ξ.
512 2603 716 2660 Verum
750 2605 854 2660 boe
906 2606 1050 2676 quod
1109 2606 1177 2660 de
1241 2603 1544 2658 haeresibus
1600 2602 1795 2656 dicitur
1838 2599 1892 2653 in

321 2696 558 2769 synopsi
586 2696 868 2762 Ancorati,
899 2711 1046 2752 nune
1072 2696 1125 2752 in
1151 2697 1266 2767 ipso
1294 2700 1565 2750 Ancon-ato
1601 2709 1707 2748 nou
1740 2707 1897 2762 repe-

315 2790 501 2844 ritur:
548 2789 721 2844 l'uisse
767 2798 951 2844 tamen
991 2789 1045 2843 in
1097 2802 1163 2844 eo
1211 2787 1509 2842 verisimile
1561 2785 1710 2848 iacit,
1751 2783 1896 2853 quod

322 2899 343 2934 ι
381 2879 615 2936 Aeacius
638 2888 692 2935 et
724 2877 949 2945 Paulus,
1009 2878 1313 2950 presbyteri
1359 2885 1414 2931 et
1457 2873 1899 2929 archimandritae

302 2969 782 3037 'tii-onasteriorum
830 2970 883 3022 in
925 2969 1177 3040 partibus
1206 2967 1579 3021 carchedonis·
1609 2975 1661 3018 ct
1694 2958 1900 3017 Beroeae

320 3061 378 3115 in
403 3058 720 3131 Coelesyria,
752 3079 770 3110 ι
796 3060 1064 3131 grandius
1085 3059 1153 3114 de
1181 3057 1372 3113 eodem
1407 3067 1731 3126 argumento
1760 3069 1900 3124 opus

1986 1973 2180 2013 versus
2203 1957 2447 2027 singulas
2476 1955 2709 2011 haereses
2738 1958 3048 2020 dissereret,
3092 1970 3187 2015 aut
3235 1961 3288 2015 in
3340 1963 3435 2016 illo
3499 1963 3567 2018 du

1993 2050 2291 2103 baeresihus
2351 2047 2554 2109 libello,
2605 2058 2699 2102 aut
2742 2049 2794 2102 in
2852 2050 2960 2104 alio
3010 2052 3278 2118 prestitit.
3338 2071 3358 2104 ›
3399 2052 3567 2123 Magis

1992 2143 2156 2195 etiam
2186 2143 2407 2202 mirum,
2439 2141 2585 2208 quod
2616 2140 2669 2192 in
2695 2138 3026 2194 Bibliotheca
3048 2158 3144 2196 sua
3167 2140 3417 2207 Photius,
3446 2154 3570 2213 post

1990 2236 2270 2290 laudatum
2300 2251 2330 2289 a
2353 2249 2411 2290 se
2436 2233 2737 2288 Ponat-ium
2760 2233 2928 2300 dicat,
2948 2250 3100 2288 num.
3125 2235 3248 2296 tat.
3284 2256 3303 2289 ι
3338 2237 3569 2306 legimus

1992 2336 2045 2383 et
2079 2328 2401 2380 Ancon-atum
2428 2326 2693 2395 ejusdcm,
2752 2340 2874 2394 quae
2927 2335 3015 2381 est
3056 2341 3270 2404 summa
3320 2328 3569 2397 quaedam

1997 2419 2405 2474 Panariorum:
2452 2438 2471 2469 ι
2503 2415 2944 2489 quandoquidem
2991 2425 3143 2472 tanto
3203 2418 3355 2488 prius
3398 2421 3573 2473 Aneo-

1996 2523 2172 2566 ratum
2193 2527 2356 2583 qnam
2388 2509 2685 2565 Parnm-tunt
2713 2510 2882 2565 fuisse
2908 2513 3270 2580 compositum
3301 2511 3574 2567 indubita-

2000 2605 2105 2659 bile
2135 2605 2225 2659 sit.
2256 2602 2471 2673 Legerit
2521 2603 2754 2658 sortasse
2803 2602 3030 2657 Photins
3074 2603 3569 2673 Anakeplmloeosin,

1998 2695 2176 2751 scrius
2205 2695 2426 2764 quidem
2458 2695 2840 2765 compositam.
2868 2696 2959 2750 sed
3008 2695 3062 2749 in
3108 2696 3297 2750 eodem
3327 2693 3575 2752 fortassis

2000 2785 2275 2841 volumine
2306 2786 2564 2855 scriptam
2596 2800 2719 2840 eum
2752 2789 3034 2851 ancorato,
3067 2786 3201 2841 citra
3251 2787 3377 2842 novi
3434 2787 3575 2842 tituli

2000 2878 2430 2941 distinctionem,
2463 2886 2628 2948 atque
2687 2877 2760 2932 ita
2804 2893 2968 2932 nuum
3011 2892 3134 2932 esse
3164 2893 3302 2949 opus
3331 2878 3577 2934 credide·

2002 2973 2073 3026 rit
2120 2990 2137 3025 ·.
2180 2971 2520 3041 Augustinus
2579 2979 2760 3025 autem
2803 2986 2922 3025 eam
2974 2972 3167 3042 legisse
3220 2987 3326 3027 non
3380 2972 3577 3042 potuit,

2004 3077 2129 3117 cum
2170 3061 2496 3116 divisionem
2548 3062 2712 3132 longe
2761 3063 2922 3116 aliam
2966 3062 3255 3127 invenerit,
3305 3078 3472 3133 quam
3523 3064 3577 3117 iu

318 3151 392 3209 ab
417 3166 487 3208 eo
518 3150 880 3222 postulantes,
906 3169 924 3201 ι
965 3164 1114 3204 anno
1158 3143 1479 3203 Diocletiani
1520 3145 1610 3209 9¹2,
1660 3144 1898 3199 Valenti-
1931 3190 1973 3247 c
2006 3155 2121 3224 ipsa
2153 3155 2247 3217 sit,
2283 3162 2469 3222 utpote
2501 3153 2690 3207 eadem
2721 3167 2843 3221 qnae
2873 3153 2927 3206 in
2970 3151 3228 3206 Paniai-1⁹0.

322 3240 472 3297 aiant
509 3250 565 3297 et
598 3239 846 3297 Valentis
885 3240 976 3304 ¹2,
1022 3239 1267 3294 Gratiani
1299 3237 1354 3302 8,
1396 3258 1414 3290 ι
1449 3236 1543 3308 qui
1590 3246 1672 3290 est
1725 3251 1904 3292 annus

320 3329 526 3391 Christi
553 3332 659 3387 575
687 3335 894 3397 dicant,
924 3351 942 3382 ι
976 3329 1211 3385 Nomina
1249 3331 1468 3400 quidem
1510 3330 1626 3398 ipsa
1651 3343 1772 3398 quae
1800 3344 1830 3382 a
1858 3337 1909 3383 te

322 3431 457 3482 sunt
512 3423 813 3479 haeresibus
880 3422 1132 3492 imposita
1189 3421 1301 3491 jam
1362 3420 1705 3486 audit·i·‹nus;
1765 3435 1909 3473 nunc

328 3517 766 3586 uniuscujusque
798 3522 962 3570 sectae
993 3513 1190 3582 dogma
1241 3513 1531 3582 perspicue
1562 3511 1829 3565 declarari
1876 3524 1906 3564 a

329 3616 424 3665 tn·
453 3609 650 3678 pietate
682 3607 959 3677 cupimus,
1000 3624 1021 3658 ι
1053 3602 1168 3660 Hoc
1201 3613 1387 3659 autem
1425 3603 1607 3673 posito
1635 3603 1780 3672 quod
1810 3616 1909 3655 no·

330 3697 480 3753 mina
503 3698 593 3753 illa
619 3698 872 3768 primitus
902 3697 1107 3752 inerint
1131 3697 1186 3752 in
1233 3699 1523 3760 Ancorato,
1556 3710 1908 3764 consequens

328 3791 472 3844 foret
500 3790 792 3858 ipsummet
818 3787 1214 3858 Epiphaniam,
1246 3789 1393 3840 huuc
1421 3785 1622 3839 librum
1653 3793 1779 3855 post
1809 3801 1910 3838 an-

331 3897 434 3938 nos
458 3898 554 3937 sex
588 3881 673 3936 vel
707 3890 830 3934 octo
869 3887 1380 3946 recognoscentem,
1431 3875 1558 3930 inde
1597 3877 1907 3941 sustulisse,

331 3972 484 4036 quod
515 3971 628 4037 iam
651 3969 779 4020 alibi
797 3968 1018 4032 plenius
1042 3965 1458 4035 ordinatiusque
1491 3975 1764 4022 tractarat.
1799 3967 1911 4022 lita-

339 4068 437 4115 net
463 4052 825 4107 nihilominus
858 4051 989 4106 mihi
1036 4054 1349 4123 scrupulus,
1392 4071 1466 4110 ne
1491 4072 1788 4128 synopseos
1813 4073 1912 4111 au-

338 4155 467 4201 ctor
490 4148 792 4210 postremas
815 4141 950 4197 duas
980 4141 1168 4208 lineas,
1199 4146 1267 4199 de
1292 4146 1567 4200 haereseon
1597 4148 1910 4202 nominibus

341 4231 807 4302 etqutestionibus
847 4232 1032 4299 variis,
1065 4248 1174 4288 non
1209 4235 1457 4290 retulerit
1503 4237 1571 4290 ad
1613 4253 1909 4307 argumen-

342 4333 454 4377 tum
483 4322 762 4386 Aucorati,
808 4323 903 4378 sed
943 4325 1009 4378 ad
1040 4325 1164 4395 ejus
1204 4335 1485 4381 auctorem
1524 4325 1909 4398 Epiphanium,

331 4429 495 4486 quem
528 4413 769 4469 indicare
798 4413 1032 4471 voluerit
1071 4417 1235 4471 etiam
1270 4417 1374 4473 ista
1406 4426 1691 4473 tractasse.

2079 3245 2168 3301 52.
2211 3244 2318 3301 Sed
2363 3246 2655 3314 ipsummet
2714 3242 3075 3314 Epiplianium
3130 3244 3198 3297 de
3248 3260 3351 3299 sno
3394 3259 3579 3315 opere,

2008 3334 2152 3404 quod
2193 3335 2367 3389 solum
2414 3330 2828 3388 Graeco-Latine
2880 3331 3086 3386 editum
3144 3333 3344 3402 grande
3395 3333 3581 3404 implet

2008 3424 2285 3488 volumen,
2316 3422 2603 3476 audiamus
2630 3421 2939 3489 loquentem
2970 3421 3022 3473 in
3052 3420 3280 3489 epistula
3329 3423 3395 3476 ad
3441 3422 3580 3476 Aea·

2010 3514 2154 3567 cium
2195 3523 2250 3567 et
2300 3512 2528 3566 Paulum
2589 3530 2603 3566 t
2645 3530 2662 3561 ι
2712 3509 2980 3577 Quoniam
3029 3512 3305 3567 lueres-on
3360 3514 3580 3568 nomina

2012 3605 2195 3659 omnia
2240 3604 2565 3662 declaranda
2611 3604 2765 3658 vobis
2799 3602 2904 3660 hoc
2946 3602 2998 3655 in
3043 3602 3181 3656 libro
3214 3605 3580 3674 suscepimus,

2011 3709 2114 3748 nec
2135 3709 2241 3747 nou
2262 3691 2597 3747 exsecranda
2656 3707 2720 3745 ac
2750 3689 2957 3744 nefaria
2992 3691 3209 3745 illarum
3249 3690 3473 3763 flagitia,
3500 3693 3581 3749 sic

2013 3794 2272 3852 tanquam
2323 3781 2750 3851 praesentissima
2800 3781 3047 3850 quzedam
3104 3797 3335 3849 venena,
3374 3782 3579 3854 patefa-

2012 3887 2136 3928 cere
2164 3872 2445 3936 volumus;
2469 3876 2632 3939 atque
2662 3870 2745 3925 his
2776 3870 2919 3924 velut
2943 3871 3185 3926 antidota
3207 3874 3453 3943 quaedam
3483 3887 3581 3945 op-

2012 3971 2297 4034 ponentes,
2316 3976 2438 4032 quae
2458 3960 2541 4015 vel
2566 3960 2635 4015 iis
2654 3961 2748 4030 qui
2778 3975 2962 4016 morsu
2996 3962 3145 4030 petiti
3182 3975 3311 4019 sunt
3342 3965 3583 4021 remedio

2013 4069 2134 4110 csse
2163 4054 2394 4125 possint,
2428 4051 2512 4106 vel
2541 4066 2658 4118 eos,
2690 4052 2889 4121 quibus
2914 4068 2979 4106 ne
3008 4052 3250 4109 incidant
3278 4056 3581 4125 pericnlum

2013 4154 2115 4210 est,
2141 4145 2504 4213 praemuniant
2527 4152 2581 4198 et
2609 4151 2955 4208 conservent,
3002 4144 3354 4199 honestarum
3398 4161 3579 4202 rerum

2014 4237 2275 4291 studiosis
2299 4234 2677 4301 conscribere;
2722 4232 3011 4287 Panarium
3049 4234 3163 4290 sire
3192 4237 3433 4291 arculam
3462 4252 3584 4292 me-

2016 4327 2217 4390 dicam,
2252 4327 2318 4382 ad
2344 4341 2533 4381 eorum
2564 4327 2655 4396 qui
2686 4341 2716 4379 a
2748 4325 3092 4395 serpentibus
3123 4325 3214 4380 icti
3254 4335 3386 4381 sunt
3410 4342 3584 4383 reme-

2013 4419 2185 4483 dium,
2203 4418 2326 4488 jure
2356 4434 2496 4489 opus
2528 4417 2657 4473 illud
2681 4433 2744 4472 ae
2782 4417 2981 4472 librum
3028 4418 3421 4489 appellabimus
3448 4437 3463 4475 :
3487 4421 3583 4490 qui

401 4507 492 4561 5¹.
524 4503 597 4560 Ut
626 4514 686 4560 ut
716 4505 806 4572 sit,
842 4505 956 4562 sive
1002 4506 1057 4561 in
1104 4507 1393 4574 Ancorato,
1432 4509 1546 4564 sive
1590 4517 1741 4563 extra
1784 4524 1907 4564 enm
1942 4535 1987 4594 D
2018 4510 2070 4563 in
2114 4519 2222 4565 tres
2253 4519 2433 4580 partes
2457 4509 2684 4575 divisus,
2713 4510 2945 4564 haereses
2972 4512 3245 4580 octoginta
3265 4511 3583 4581 complecti-

330 4597 609 4668 (qnamvis
654 4597 1022 4653 verosimilius
1073 4597 1204 4653 mihi
1256 4600 1330 4654 sit
1379 4602 1523 4669 quod
1565 4610 1717 4655 extra
1759 4602 1907 4670 eum)

329 4688 654 4758 prinsquam
681 4686 746 4741 ad
771 4702 960 4756 preces
982 4687 1166 4743 Aeacii
1193 4698 1248 4744 et
1274 4687 1426 4744 Pauli
1458 4690 1755 4744 Panas-ium
1786 4708 1910 4746 con-

328 4778 505 4842 deret,
551 4777 620 4831 de
682 4792 793 4846 quo
840 4777 1005 4842 ini'ra,
1057 4781 1364 4849 composuit
1407 4780 1632 4849 aliquid,
1684 4782 1753 4837 de
1798 4798 1908 4852 quo

329 4867 434 4938 ipsi
460 4867 756 4929 audierint,
787 4869 1047 4940 quodque
1068 4869 1182 4940 jam
1223 4871 1446 4935 excidit,
1480 4879 1534 4926 ct
1572 4871 1674 4926 suit
1708 4875 1900 4942 praelu·

327 4959 480 5012 dium
507 4971 573 5012 ac
610 4958 775 5012 veluti
806 4958 1173 5014 rudimentum
1205 4960 1387 5029 operis
1413 4968 1596 5030 postea
1625 4963 1694 5016 ab
1715 4963 1905 5017 eodem

327 5048 626 5119 compilati.
656 5047 722 5103 Et
756 5051 860 5106 hoc
883 5050 1142 5107 habuisse
1165 5053 1467 5123 ,solumque
1507 5054 1725 5110 novisse
1755 5055 1904 5111 vide·

332 5147 420 5191 tur
449 5138 810 5208 Augustinus,
838 5154 963 5194 cum
1004 5140 1126 5210 ejus
1153 5142 1439 5196 materiam
1466 5154 1520 5198 et
1547 5143 1775 5199 sormam
1808 5147 1905 5199 de-

326 5227 550 5298 scripsit
606 5229 662 5282 in
697 5229 839 5285 libro
865 5231 943 5285 'De
975 5233 1262 5288 licen-esibus
1321 5233 1388 5287 ad
1434 5233 1902 5301 QuodvultDeum,

325 5332 489 5387 quem
532 5317 678 5374 circa
729 5328 1038 5376 extremum
1097 5322 1223 5377 vitae
1271 5338 1386 5377 suae
1429 5339 1653 5387 annum,
1698 5325 1902 5381 Christi

324 5403 456 5473 ⁴30,
477 5407 808 5476 composuit,
835 5409 909 5463 ita
932 5409 1189 5480 praei'atus
1217 5427 1231 5464 ;
1258 5430 1276 5463 ι
1308 5410 1501 5468 Noster
1525 5428 1653 5467 vero
1675 5414 1906 5484 Epipha-

325 5499 476 5562 nius,
508 5497 740 5568 Cyprins
762 5502 1076 5571 episeopus,
1102 5503 1306 5558 abhinc
1350 5519 1457 5559 non
1505 5503 1667 5574 longe
1702 5506 1902 5560 huma-

323 5601 414 5642 ms
457 5576 626 5644 rebtis
676 5604 979 5661 exemptus,
1039 5596 1106 5647 de
1150 5595 1425 5664 octoginta
1471 5595 1770 5652 baeresibus
1821 5598 1901 5651 lo-

321 5694 523 5749 quens,
549 5695 647 5736 sex
680 5682 850 5737 libros
879 5683 1045 5738 etiam
1089 5686 1436 5754 conscripsit.
1474 5687 1730 5742 historica
1769 5702 1899 5741 nar-

320 5771 537 5826 ratione
590 5787 1027 5830 cornmetnorans
1071 5777 1279 5840 omnia,
1333 5776 1478 5831 nulla
1524 5777 1894 5843 disputatione

2018 4606 2127 4663 tur,
2149 4614 2272 4670 quae
2296 4607 2605 4668 serpentum
2646 4613 2710 4653 ae
2755 4598 3025 4667 reptilium
3061 4597 3269 4653 similes
3293 4605 3422 4654 sunt
3448 4618 3462 4654 ε
3493 4614 3583 4656 se-

2015 4689 2253 4745 cnmlum
2306 4706 2447 4762 qttas
2483 4689 2728 4745 veritatis
2784 4687 3182 4743 firmamentum
3235 4692 3291 4740 et
3323 4687 3584 4744 salutaris

2011 4780 2259 4835 doctrina
2292 4781 2524 4850 fideique
2571 4780 2807 4837 formula
2843 4780 3085 4850 subjecta
3127 4787 3232 4844 est,
3277 4794 3340 4835 ac
3377 4778 3581 4837 Christi

2012 4885 2233 4941 sponsa.
2270 4881 2458 4927 sancta
2502 4873 2752 4928 videlieet
2802 4871 3066 4935 Ecclesia,
3115 4869 3387 4928 declarata
3414 4890 3429 4928 t
3460 4886 3585 4942 quae

2012 4977 2134 5018 cum
2157 4963 2269 5032 jam
2304 4973 2417 5020 tum
2443 4963 2511 5017 ab
2535 4965 2669 5019 orbe
2703 4966 2923 5021 condito
2953 4981 3077 5022 esse
3116 4965 3362 5035 coeperit,
3395 4975 3581 5035 postea

2012 5058 2192 5106 tamen
2218 5068 2313 5122 per
2353 5052 2556 5108 Christi
2611 5054 2819 5108 Domini
2879 5055 3329 5119 incarnationem,
3381 5061 3585 5125 tempo-

2010 5161 2131 5201 rum
2162 5145 2533 5210 successione,
2566 5154 2691 5201 ante
2710 5154 3165 5202 commemoratas
3187 5159 3378 5202 omnes
3411 5146 3577 5203 luere-

2009 5253 2119 5300 ses,
2156 5236 2370 5306 vulgata
2404 5244 2567 5304 atque
2598 5234 2888 5306 patefacta,
2935 5235 3235 5302 eademque
3262 5250 3291 5289 a
3319 5235 3479 5290 nobis
3524 5237 3580 5291 in

2007 5329 2449 5383 Commentarios
2495 5343 2559 5381 ex
2601 5327 2803 5381 Christi
2852 5327 3237 5396 praedicatione
3287 5328 3459 5383 relata
3487 5328 3579 5400 <ad

2006 5420 2328 5473 Ancoratum
2362 5417 2585 5471 Forsitan
2623 5419 2736 5471 haec
2757 5417 3077 5488 respiciunt)
3105 5430 3169 5470 ac
3195 5434 3414 5473 rursum
3455 5428 3580 5490 post

2006 5509 2332 5579 explicatam
2353 5522 2565 5562 omnem
2591 5508 2819 5562 istarum
2849 5510 3123 5564 haereseon
3150 5507 3576 5579 improbitatem,

2005 5614 2071 5652 ex
2121 5599 2489 5667 apostolorum
2548 5596 2795 5652 doctrina
2856 5605 3107 5652 accurate
3165 5613 3230 5654 ac
3289 5599 3577 5670 perspicuo

2008 5690 2151 5742 brevi
2178 5688 2414 5757 quodam
2445 5695 2530 5742 est
2551 5688 2875 5758 'compendio
2897 5689 3176 5759 subjecta;
3204 5690 3280 5743 uti
3301 5704 3366 5743 ea
3391 5703 3451 5744 re
3475 5704 3573 5744 eo·

2007 5795 2124 5832 rum
2158 5788 2471 5834 recreentur
2494 5792 2559 5832 ae.
2585 5778 2898 5835 reficiantur
2941 5781 3126 5847 animi,
3164 5780 3258 5849 qui
3287 5780 3433 5836 {tune
3461 5779 3569 5834 lne-
