3850 6517
297 502 405 561 365

1702 489 1759 546 S.
1804 486 2143 543 EmPnANtt

3457 487 3561 545 ⁵6⁴

301 634 426 676 nem
458 622 762 690 patrantem,
815 627 1001 668 semen
1051 609 1339 666 infundere
1386 600 1701 682 prohibent,
1747 608 1880 664 insi·
1910 611 1953 667 Α
1982 604 2381 677 ἀπαγορεύουσι
2417 607 2514 678 τὴν
2547 604 2657 659 τῶν
2687 603 3013 677 σπερμάτων
3043 601 3376 675 καταδολὴν,
3413 604 3561 674 ἀφα-

301 719 524 780 tamque
577 705 774 762 creatis
806 704 970 760 rebus
1005 719 1036 758 a
1082 702 1191 759 Deo
1234 703 1706 774 propagandorum
1761 703 1870 755 vim

301 801 507 856 fetuum
523 796 896 869 exstinguunt.
923 793 1082 851 Unde
1106 803 1159 850 et
1186 795 1477 865 Apostolus
1500 794 1570 849 ita
1608 792 1829 864 scripsit
1854 813 1867 847 ι

301 889 593 946 Mercedem
624 905 780 959 qnam
822 888 1051 956 oportuit
1082 886 1277 941 erroris
1315 885 1401 939 sui
1437 887 1492 938 t'n
1529 884 1710 952 seipsis
1749 882 1874 937 reci·

298 982 496 1050 pientes
525 979 569 1057 ¹,
613 985 722 1035 etc.
761 975 853 1032 Sic
893 976 1037 1031 enim
1092 973 1274 1030 serunt
1306 992 1321 1029 ι
1362 981 1550 1044 partus
1595 976 1869 1043 expertem

302 1073 452 1129 illam
481 1072 723 1143 viperam
766 1069 1024 1125 titillante
1066 1066 1311 1122 libidinis
1352 1065 1626 1135 voluptate
1666 1077 1870 1120 marem

303 1163 467 1221 simul
520 1177 584 1217 ac
616 1161 871 1217 feminam
906 1159 1049 1215 inter
1073 1175 1134 1216 se
1172 1158 1534 1223 commisceri,
1578 1171 1643 1211 ac
1675 1170 1771 1228 per
1808 1169 1872 1210 os

301 1253 583 1325 congredi.
629 1251 825 1308 Biante
876 1250 1146 1323 siquidem
1188 1247 1407 1315 femina,
1454 1261 1660 1302 marem
1707 1250 1873 1316 caput

302 1343 564 1400 inserere.
608 1340 768 1412 102
810 1337 961 1395 lllam
995 1355 1106 1411 prae
1145 1338 1382 1395 libidinis
1410 1338 1674 1394 suavitate
1710 1344 1874 1407 caput

300 1434 466 1507 hujus
493 1432 844 1498 abscindere;
875 1431 1251 1501 exhaustoque
1274 1430 1420 1501 quod
1453 1445 1518 1484 ex
1549 1443 1645 1484 ore
1683 1425 1870 1484 destil-

301 1528 378 1583 lat
419 1539 653 1587 veneno,
691 1521 858 1578 letum
901 1521 1070 1577 maris
1108 1536 1172 1577 ac
1216 1520 1428 1577 leminae
1467 1536 1568 1592 par
1617 1520 1672 1575 in
1718 1527 1872 1575 utero

300 1631 511 1690 gerere.
552 1612 609 1668 ld
643 1612 734 1669 ubi
766 1612 1020 1676 creverit,
1050 1626 1175 1667 cum
1220 1611 1432 1667 nullum
1464 1627 1574 1683 quo
1613 1610 1666 1665 ln
1696 1610 1870 1688 lucem

301 1712 552 1786 crumpat
598 1704 803 1761 exitum
837 1702 1057 1774 reperit,
1107 1711 1409 1757 maternum
1455 1702 1598 1757 latus
1651 1710 1873 1771 pertun-

300 1799 452 1863 dere,
485 1796 670 1867 itaque
689 1810 814 1851 eum
840 1797 1129 1865 utriusque
1157 1794 1399 1866 parentis
1433 1793 1655 1849 interitu
1696 1792 1867 1848 nasci.

302 1888 435 1945 lnde
471 1897 661 1960 partus
693 1894 968 1958 expertem
1019 1884 1412 1958 cognominari.
1459 1882 1558 1940 Est
1590 1899 1720 1939 vero
1763 1899 1872 1954 prae

1974 701 2210 766 νίζοντες
2240 701 2336 772 τὴν
2359 702 2424 753 ὲκ
2449 699 2583 753 Θεοῦ
2606 702 2716 762 τοῖς
2748 699 3008 769 κτίσμασι
3032 696 3335 767 γενομένην
3371 713 3561 752 temo·

1972 793 2157 860 γονίαν
2176 809 2189 822 ·
2230 792 2304 856 ὡς
2334 793 2428 847 καὶ
2473 793 2502 846 ὀ
2549 790 2864 855 Ἀπόστολός
2894 805 3061 861 φησι·
3101 787 3221 855 Τὴν
3244 787 3361 858 γὰρ
3386 789 3556 844 ἀντι-

1965 884 2217 953 μισθίαν
2244 883 2324 951 ἦν
2350 883 2471 937 ἔδει
2502 883 2611 951 τῆς
2639 882 2876 949 πλάνης
2903 881 2974 935 ἐν
3008 879 3244 945 ἑαυτοῖς
3268 879 3554 950 ἀπολαμ-

1973 973 2272 1041 ὅάνοντες,
2307 974 2401 1027 καὶ
2432 973 2503 1027 τά
2535 973 2682 1043 ἑξῆς.
2710 973 2865 1028 Οὖτω
2910 971 3019 1044 γάρ
3062 988 3229 1039 φασι,
3257 970 3360 1043 τὴν
3394 973 3555 1027 ἀπει-

1975 1066 2191 1138 ρώδινον
2224 1066 2334 1137 (81)
2380 1065 2592 1136 ἔχιδναν
2626 1064 2939 1136 θελχθεῖσαν
2972 1062 3051 1134 τῷ
3093 1063 3254 1117 πάθει
3291 1062 3398 1134 τῆς
3430 1066 3554 1118 ἑπι-

1972 1156 2171 1228 θυμίας
2192 1197 2207 1221 ,
2254 1158 2353 1228 τὴν
2400 1174 2460 1211 τε
2494 1155 2715 1227 θήλειαν
2753 1154 2888 1226 πρὸς
2932 1153 3020 1207 τὸν
3054 1153 3260 1227 ἄρρενα
3282 1194 3298 1216 ,
3331 1155 3434 1208 καὶ
3463 1156 3554 1210 τὸν

1972 1249 2174 1322 ἄρρενα
2203 1249 2337 1321 πρὸς
2362 1248 2462 1320 τὴν
2494 1248 2746 1320 θήλειαν,
2778 1245 3204 1318 περιπλακείσας
3248 1245 3352 1316 μὲν
3388 1247 3553 1317 ὁμοῦ,

1970 1339 2059 1394 διὰ
2083 1337 2175 1392 τοῦ
2206 1339 2470 1410 στόματος
2500 1337 2794 1410 χαινούσης
2820 1338 2923 1409 τῆς
2964 1336 3182 1409 θηλείας
3212 1335 3307 1391 τὸν
3338 1335 3556 1410 ἄρρενα

1974 1432 2073 1503 τὴν
2097 1431 2335 1503 κεφαλὴν
2362 1430 2694 1485 εἰσὸἀλλειν·
2728 1428 2941 1501 ἐκείνης
2977 1429 3033 1483 δὲ
3073 1426 3235 1483 πάθει
3268 1427 3559 1499 συσχεθεί-

1974 1540 2072 1592 σης
2107 1521 2433 1592 ἀποτέμνειν
2470 1521 2569 1592 τὴν
2602 1520 2791 1575 τούτου
2831 1519 3072 1591 κεφαλήν
3091 1538 3105 1552 ·
3129 1520 3225 1575 καὶ
3250 1518 3435 1584 οὕτως
3462 1520 3556 1574 τὸν

1971 1614 2077 1668 ἀπὸ
2119 1613 2212 1667 τοῦ
2262 1612 2527 1683 στόματος
2577 1610 2912 1676 σταλάξαντα
2964 1612 3041 1666 lov
3077 1609 3457 1665 καταπιοῦσαν
3496 1612 3555 1665 ἐν

1972 1705 2167 1773 ἑαυτῇ,
2194 1704 2514 1773 ὲγκυμονεῐν
2563 1701 2661 1772 μὲν
2694 1700 2902 1754 τοιοῦτο
2944 1699 3133 1769 ζεῦγος
3183 1697 3553 1772 ἀρρενωηλυ.

1973 1794 2148 1865 Ὅπερ
2176 1791 2398 1862 ζεῦγος,
2432 1791 2719 1866 ἀνδρυνθὲν
2750 1794 2807 1846 ὲν
2837 1794 2905 1863 τῇ
2944 1790 3147 1863 κοιλίᾳ,
3176 1790 3273 1844 καὶ
3306 1791 3388 1862 μὴ
3429 1789 3556 1862 ἔχον

1972 1883 2133 1936 πόθεν
2168 1881 2525 1954 γεννηθῆναι,
2556 1882 2654 1954 τὴν
2699 1882 2936 1954 πλευρὰν
2964 1882 3065 1951 τῆς
3097 1880 3305 1953 μητρὸς
3350 1881 3552 1954 τιτρώ·

301 1979 518 2037 caeteris
546 1978 665 2033 dira
695 1977 1041 2048 serpentibus
1071 1992 1135 2032 ac
1167 1975 1548 2040 formidabilis,
1578 1991 1700 2048 quae
1727 1975 1870 2030 intra
1902 1964 1944 2019 Β
1973 1992 2143 2037 σκειν,
2185 1975 2279 2029 καὶ
2303 1975 2476 2039 οὕτως
2508 1975 2817 2044 γεννᾶσθαι,
2858 1972 2999 2028 ὥστε
3029 1973 3332 2028 ἀπολέσθαι
3358 1974 3457 2028 τόν
3495 1991 3556 2029 τε

301 2084 427 2126 sese
465 2083 672 2126 marem
700 2074 911 2130 enecat,
945 2072 1107 2138 atque
1130 2080 1226 2121 ore
1261 2065 1379 2136 ipso
1411 2063 1687 2120 feditatem
1719 2063 1870 2119 exci-

294 2159 402 2230 pit.
431 2156 573 2214 lluic
604 2171 768 2230 porro
796 2156 1012 2229 gemina
1045 2155 1238 2211 insana
1267 2155 1358 2210 illa
1391 2153 1616 2210 ltaeresis
1643 2161 1747 2218 est,
1779 2167 1870 2209 cu·

295 2249 390 2322 jus
427 2265 529 2308 nos
557 2249 758 2321 capite,
790 2263 856 2305 ae
881 2262 1130 2319 corpore,
1171 2245 1396 2318 ejusque
1430 2244 1544 2301 fetu
1576 2245 1724 2301 omni
1747 2245 1868 2300 vitae

299 2340 500 2398 baculo
541 2339 812 2406 contritis,
859 2336 926 2394 ad
971 2339 1107 2395 alias
1156 2345 1524 2401 transeamus,
1581 2335 1869 2406 implorata

302 2432 545 2488 numinis
576 2446 701 2501 ope,
738 2429 827 2486 cui
859 2429 1034 2486 honor
1062 2435 1117 2484 et
1147 2429 1435 2500 imperium
1459 2427 1513 2483 in
1539 2426 1736 2484 soecula
1763 2441 1869 2484 sae-

299 2526 573 2580 culorum.
605 2523 799 2579 Amen.

1971 2067 2172 2120 τούτων
2200 2065 2409 2138 πατέρα
2436 2066 2530 2120 καὶ
2546 2065 2645 2137 τὴν
2670 2066 2900 2138 μητέρα.
2920 2066 3120 2138 Διόπερ
3149 2065 3559 2134 ἀπειρώδινον

1971 2157 2108 2230 αὐτῇ
2141 2157 2395 2211 ἐπέθεντο
2421 2157 2612 2228 ὄνομα,
2642 2160 2724 2212 ὅτι
2757 2157 2960 2211 ὠδίνων
2982 2157 3042 2211 ού
3074 2158 3359 2229 πειρᾶται.
3392 2156 3559 2230 Δεινὴ

1970 2247 2030 2302 δὲ
2066 2248 2157 2302 καὶ
2183 2247 2388 2320 φοόερὰ
2427 2249 2580 2321 παρὰ
2621 2249 2799 2303 πάντα
2822 2247 2890 2303 τά
2918 2248 3124 2321 ἑρπετὰ
3156 2248 3457 2319 τυγχάνει,
3496 2251 3558 2304 ἐν

1972 2337 2139 2410 ἑαυτῇ
2162 2337 2256 2392 τδν
2276 2339 2298 2370 “
2325 2339 2629 2411 ἀφανισμὸν
2654 2338 3076 2411 ἐξεργαζομένη,
3106 2339 3201 2393 καὶ
3224 2337 3310 2393 διά
3346 2340 3559 2410 στόμα-

1970 2443 2064 2492 τος
2096 2427 2196 2498 τὴν
2216 2427 2550 2500 αἰσχρότητα
2582 2427 3064 2499 ἀπολαμδάνουσα.
3090 2423 3169 2500 ’ᾙ
3200 2427 3382 2483 ἔοικεν
3410 2429 3560 2501 αὕτη

1970 2519 2005 2589 ἡ
2059 2517 2429 2590 φρενοὸλαδὴς
2480 2519 2691 2591 αἵρεσις
2712 2559 2727 2584 ,
2786 2515 2856 2592 ἦς
2904 2518 3006 2591 τὴν
3054 2519 3297 2592 κεφαλὴν
3341 2523 3442 2575 καὶ
3492 2521 3563 2576 τὺ

299 2616 485 2690 σῶμα,
525 2617 621 2672 καὶ
655 2616 725 2671 τὰ
769 2615 830 2682 ἐξ
871 2613 1041 2686 αὐτῆς
1085 2615 1457 2687 γεγεννημένα
1485 2613 1719 2669 ἐνταῦθα
1751 2611 2142 2686 συντρίψαντες
2172 2612 2250 2685 τῷ
2279 2612 2419 2687 ξύλῳ
2442 2615 2543 2686 τῆς
2600 2613 2768 2688 ζωῆς,
2825 2615 2927 2681 τάς
2976 2617 3168 2689 ἐτέρας
3229 2615 3561 2674 διασκοπεῖν

294 2710 649 2786 προσθῶμεν,
678 2709 812 2765 Θεὸν
839 2712 1054 2784 ἀρωγὸν
1077 2708 1516 2782 ἐπικαλούμενοι,
1540 2701 1586 2780 ᾧ
1610 2709 1745 2783 τιμὴ
1768 2708 1864 2765 καὶ
1901 2710 2104 2781 κράτος
2129 2711 2212 2774 είς
2234 2710 2440 2775 αἰῶνας
2473 2709 2707 2767 αἰώνων.
2752 2712 2948 2787 Ἀμήν.

645 2819 926 2880 comus
969 2819 1514 2888 csupocttastos,
1579 2871 1590 2884 .

566 2929 702 2997 Qun
726 2938 813 2986 est
836 2929 1051 2986 ltoeresis
1092 2929 1222 2997 VH,
1247 2932 1328 2986 vel
1351 2930 1458 2986 XX
1472 2930 1602 2988 Vn.

364 3039 410 3098 1.
436 3040 754 3098 secundum
787 3039 886 3097 lios
905 3040 1047 3098 alius
1071 3040 1289 3112 quidam
1303 3038 1607 3112 carpocras
1633 3041 1866 3106 exstitit,

298 3131 392 3205 qul
424 3147 490 3188 ex
513 3130 764 3188 mendaci
788 3128 1006 3202 iugenio
1043 3146 1143 3187 suo
1173 3130 1448 3202 propriam
1483 3131 1772 3203 quamdam
1801 3148 1868 3194 ac

2358 2826 2547 2881 RATA
2586 2826 3150 2890 munitum.

2242 2936 2493 3008 Ἐδδόμη
2516 2976 2531 3003 ,
2558 2938 2598 3008 ἡ
2636 2937 2734 2992 καί
2764 2939 3009 3010 εἰκοστὴ
3039 2938 3270 3009 όῦδόμη.

2035 3050 2118 3104 A'.
2182 3049 2518 3123 Καρποκρᾶς
2572 3065 2656 3114 τις
2710 3049 2896 3122 ἕτερος
2963 3050 3203 3119 γίνεται,
3267 3044 3549 3121 συστήσας

1969 3138 2149 3212 ἐαυτῷ
2186 3129 2444 3213 ἀθέμιτον
2488 3139 2829 3196 διδασκαλίαν
2853 3138 2951 3210 τῆς
2976 3134 3330 3213 ψευδωνύμου
3364 3138 3552 3194 αὑτοῦ

297 3221 563 3279 nefariam
590 3229 821 3279 ·sectam
859 3220 1205 3294 excogitavit,
1247 3231 1303 3278 et
1351 3223 1604 3281 omnibus
1648 3239 1864 3281 morum
1890 3230 1935 3290 c
1966 3226 2219 3300 γνώμης,
2242 3227 2492 3300 χείρονας
2516 3229 2734 3282 πάντων
2759 3217 2908 3290 οὗτος
2927 3225 3053 3289 τοὺς
3073 3224 3311 3298 epotum:
3337 3239 3553 3295 κεκτη-

299 3315 404 3372 l'uit
442 3314 707 3386 pravitate
742 3311 1003 3371 deterior.
1044 3312 1170 3370 Haec
1206 3315 1351 3372 enim
1383 3314 1608 3371 ltaeresis
1651 3330 1718 3372 ex
1749 3331 1866 3373 om·

297 3404 449 3463 nium
483 3407 761 3462 erroribus
790 3405 1023 3461 effloruit
1051 3425 1064 3461 :
1105 3405 1362 3471 Simonis,
1395 3407 1641 3477 inquam,
1675 3414 1729 3463 et
1754 3405 1869 3463 Me·

300 3495 519 3559 nandri,
555 3493 840 3560 Saturnili,
871 3510 936 3551 ae
970 3495 1243 3560 Basilidae,
1273 3503 1329 3552 et
1362 3495 1589 3565 Nicolai,
1623 3497 1867 3568 adeoque

296 3586 647 3658 Carpocratis
674 3586 870 3658 ipsius,
905 3596 1018 3641 tum
1043 3584 1340 3654 Valentini,
1371 3603 1402 3642 a
1431 3602 1542 3659 quo
1574 3596 1864 3661 propagata

299 3677 393 3734 illa
419 3689 702 3748 perperam
735 3675 881 3731 dicta
910 3675 1168 3745 cognitio,
1200 3689 1322 3745 quae
1355 3674 1737 3732 Gnosticorum
1766 3690 1864 3733 no-

296 3783 422 3823 men
466 3766 582 3822 suis
624 3763 878 3821 omnibus
925 3763 1170 3820 affinxit:
1226 3764 1574 3835 indidemque
1619 3765 1864 3824 Gnostici

295 3855 397 3922 illi,
429 3853 497 3911 de
522 3855 723 3925 quibus
763 3853 1006 3924 proxime
1041 3853 1463 3924 disputavimus,
1490 3854 1863 3929 Catagnostici

298 3946 504 4021 potius,
534 3945 636 4000 hoc
661 3953 747 4000 est
779 3943 1065 3999 Damnaret
1090 3945 1418 4016 appellandi.

373 4036 437 4093 ll.
475 4034 581 4093 Sed
611 4042 671 4090 ut
698 4035 764 4091 ad
789 4034 1170 4104 Carpocratem
1200 4036 1440 4100 redeam,
1475 4036 1520 4092 is
1549 4052 1862 4108 supremum

299 4130 518 4202 quidem
559 4127 887 4200 principium
919 4142 1086 4181 unum
1118 4128 1337 4193 asserit,
1371 4129 1729 4198 eumdemque
1770 4128 1867 4183 Pa-

297 4228 506 4277 rentem
555 4220 820 4281 omnium,
861 4225 916 4271 et
951 4217 1310 4288 incognitum,
1342 4233 1445 4273 nec
1486 4219 1596 4274 ullo
1644 4219 1863 4276 nomine

297 4312 685 4383 significatum,
733 4307 958 4381 perinde
1005 4317 1063 4365 ut
1094 4310 1309 4372 caeteri,
1361 4309 1543 4365 studet
1596 4309 1858 4367 asserere.

295 4398 555 4456 Mundum
582 4414 714 4454 vero
740 4407 795 4455 et
826 4413 946 4469 quae
976 4398 1179 4454 mundo
1206 4400 1556 4477 continentur
1588 4400 1657 4454 ab
1697 4414 1862 4470 auge·

293 4488 364 4544 lis
390 4503 514 4544 esse
546 4486 709 4554 sacta,
751 4489 842 4556 qui
875 4489 1152 4559 incognito
1186 4488 1281 4543 illo
1326 4498 1550 4558 parente
1583 4489 1740 4562 longe
1777 4491 1860 4546 in-

1970 3317 2150 3390 μένος.
2202 3319 2299 3372 Ἐκ
2330 3317 2547 3373 πάντων
2573 3316 2681 3389 γὰρ
2717 3316 2919 3372 τούτων
2945 3315 3181 3387 Σίμωνός
3204 3330 3274 3382 τε,
3293 3314 3397 3370 καὶ
3426 3316 3557 3370 Με-

1966 3406 2191 3480 νάνδρου
2211 3447 2227 3473 ,
2263 3407 2583 3481 Σατορνίλου
2611 3424 2673 3461 τε
2715 3407 2809 3462 καὶ
2851 3404 3157 3461 Βασιλείδου
3177 3446 3193 3473 ,
3226 3402 3328 3458 καὶ
3367 3404 3551 3460 Nutu-

1965 3497 2119 3560 λάου,
2143 3498 2239 3553 καὶ
2265 3497 2431 3552 αὐτοῦ
2458 3499 2552 3553 τοῦ
2578 3499 2909 3569 Καρποκρά,
2937 3498 3020 3553 ἔτι
3046 3497 3105 3552 δὲ
3131 3499 3197 3552 tat
3216 3495 3553 3569 προφάσεως

1966 3587 2342 3653 Οὐαλεντίνου,
2364 3590 2399 3660 ἡ
2433 3589 2532 3661 τῆς
2561 3588 2915 3661 ψευδωνύμου
2946 3587 3199 3660 γνώσεως
3230 3586 3375 3660 ἐφύη
3395 3588 3552 3662 etp·-

1968 3692 2071 3740 σις,
2103 3673 2227 3748 ἥτις
2257 3676 2594 3741 Γνωστικοὺς
2616 3677 2745 3741 τοὺς
2785 3677 2957 3750 αὐτῆς
3000 3675 3320 3747 ὠνόμασεν,
3345 3673 3446 3745 ἀφ’
3479 3666 3550 3746 ἧς

1965 3769 2013 3821 ot
2045 3767 2341 3822 ΓνωστικοὶΙ
2368 3767 2470 3841 ἤδη
2500 3784 2590 3838 μοι
2613 3767 2961 3840 δεδήλωνται,
2986 3768 3424 3837 καταγνωστικοὶ
3457 3766 3548 3820 ὗν-

1965 3875 2055 3922 τες
2078 3858 2168 3913 τὸν
2194 3858 2415 3932 τρόπον.

2035 4035 2109 4088 B'.
2149 4029 2318 4100 Οὗτος
2341 4035 2397 4090 δὲ
2426 4035 2585 4090 πάλιν
2612 4036 2725 4092 ἀνω
2755 4036 2854 4107 μὲν
2893 4032 3023 4106 μίαν
3045 4033 3219 4106 ἀρχὴν
3251 4033 3425 4103 λέγει,
3451 4029 3547 4088 καὶ

1966 4123 2181 4194 Πατέρα
2204 4126 2314 4179 τῶν
2341 4126 2498 4188 ὅλων,
2513 4128 2608 4182 καὶ
2631 4126 2927 4194 ἄγνωστον,
2949 4128 3044 4181 καὶ
3072 4126 3541 4196 ἀκατονόμαστον,

1966 4211 2055 4264 ἴσα
2092 4215 2202 4276 τοῖς
2233 4211 2409 4279 ἀλλοις
2455 4217 2694 4284 εἰσάγειν
2734 4214 3054 4286 βουλόμενος
3072 4232 3087 4248 ·
3125 4215 3218 4269 τὸν
3242 4214 3304 4268 δὲ
3336 4215 3544 4286 κόσμον

1964 4304 2057 4357 καὶ
2092 4302 2161 4357 τά
2201 4306 2259 4359 ὲν
2285 4305 2365 4377 τῷ
2392 4308 2581 4379 κόσμῳ
2623 4308 2727 4363 ὑπὸ
2759 4308 3005 4378 ἀγγέλων
3037 4308 3402 4378 γεγενῆσθαι,
3435 4309 3542 4362 τῶν

1964 4395 2097 4449 πολύ
2144 4413 2196 4450 τι
2224 4398 2330 4451 ὑπὸ
2366 4399 2461 4453 τοῦ
2508 4400 2722 4472 Πατρὸς
2764 4399 2855 4454 τοῦ
2889 4400 3168 4470 ἀγνώστου
3198 4400 3542 4471 ὑποὸεόηιώ-

1963 4503 2089 4542 των.
2127 4487 2359 4553 Τούτους
2387 4488 2496 4562 γὰρ
2539 4488 2717 4559 λέγει,
2763 4491 3106 4556 ἀποστάντας
3146 4490 3255 4545 ἀπὸ
3287 4491 3393 4562 τῆς
3429 4491 3541 4546 ἀνω

295 4577 547 4636 feriorem
577 4577 856 4649 dignitatis
878 4579 1123 4635 ordinem
1149 4586 1354 4635 tenent.
1380 4578 1485 4636 Eos
1511 4596 1640 4637 vero
1668 4581 1857 4638 statuit
1888 4587 1937 4646 u
1960 4576 2258 4650 δυνάμεως.
2287 4579 2428 4634 οὕτω
2457 4581 2547 4636 τὸν
2581 4583 2785 4655 κόσμον
2816 4584 3195 4654 πεποιηκέναι.
3236 4582 3452 4654 Ἰησοῦν
3480 4583 3540 4637 δὲ

293 4669 363 4724 al)
396 4682 650 4738 suprema
697 4669 897 4723 virtute
928 4666 1242 4724 deficientes
1289 4669 1550 4724 mundum
1580 4671 1744 4725 istum
1775 4669 1856 4724 l'a·

293 4760 558 4816 bricasse.
590 4757 778 4815 Iesum
825 4774 988 4828 porro
1026 4757 1308 4813 Dominum
1351 4767 1599 4814 nostrum
1642 4775 1674 4814 a
1704 4759 1859 4817 Jose·

294 4851 404 4921 pho
449 4851 717 4923 genitum,
750 4851 826 4905 uti
858 4851 1037 4906 caeteri
1074 4852 1331 4908 mortales
1351 4866 1416 4907 ex
1451 4851 1553 4906 viri
1585 4852 1861 4908 mulieris-

289 4953 397 5009 que
451 4941 658 4993 semine
716 4946 1089 5007 procreantur.
1126 4937 1279 4995 {lunc
1321 4941 1415 5011 qui
1472 4943 1861 4999 nihilomnino

289 5029 519 5102 reliquis
546 5029 615 5083 ab
640 5029 955 5085 hominibus
980 5030 1239 5096 differret,
1274 5033 1398 5088 vitae
1436 5033 1610 5089 solum
1640 5049 1858 5105 genere,

292 5137 356 5177 ac
391 5121 773 5193 temperantia,
801 5130 856 5178 et
902 5123 1120 5187 virtute,
1169 5139 1233 5178 ac
1263 5124 1474 5194 justitia
1517 5125 1856 5194 praestitisse.

289 5210 400 5267 Sed
434 5228 558 5269 cum
603 5213 827 5270 firmiori
858 5215 1226 5286 vegetiorique
1267 5230 1431 5286 quam
1474 5216 1565 5270 alii
1609 5216 1857 5270 homines

295 5301 451 5373 103
473 5312 620 5360 esset
642 5306 823 5360 anima
851 5305 1133 5377 praeditus,
1164 5321 1462 5377 corumque
1494 5322 1615 5377 quae
1639 5323 1855 5363 sursum

1954 4669 2046 4724 τὸν
2093 4671 2294 4742 Κύριον
2333 4672 2491 4744 ἡμῶν
2541 4674 2652 4728 ἀπὸ
2705 4675 2904 4747 Ἰωσὴφ
2951 4675 3100 4744 λέγει
3136 4673 3536 4745 γεγεννῆσθαι,

1956 4762 2208 4834 καθάπερ
2238 4765 2333 4818 καὶ
2363 4765 2563 4839 πάντες
2589 4767 2864 4838 ἄνθρωποι
2896 4771 2960 4823 ὲκ
2989 4767 3305 4839 σπέρματος
3340 4765 3538 4838 ἀνδρὸς

1959 4855 2053 4907 καὶ
2103 4856 2359 4922 γυναικὸς
2406 4857 2790 4929 ἐγεννήθησαν.
2838 4856 2993 4914 Εἶναι
3035 4860 3092 4914 δὲ
3143 4859 3307 4913 αὐτὸν
3349 4858 3535 4930 ὅμοιον

1960 4946 2075 5008 τοῖς
2113 4947 2278 5009 πᾶσι,
2322 4946 2421 5019 βίῳ
2464 4949 2521 5003 δὲ
2552 4949 2947 5022 διενηνοχέναι,
2997 4950 3321 5024 σωφροσύνῃ
3348 4966 3410 5003 τε
3442 4951 3538 5004 καὶ

1961 5037 2127 5109 ἀρετῇ
2162 5041 2252 5092 καὶ
2277 5039 2376 5110 βίῳ
2402 5040 2767 5110 δικαιοσύνης.
2813 5043 3029 5114 Ἐπειδὴ
3054 5043 3133 5103 δὲ,
3168 5041 3353 5112 φησὶν,
3385 5041 3538 5095 εὔτο-

1961 5145 2050 5181 νον
2079 5129 2204 5199 ἔσχε
2231 5131 2406 5202 ψυχὴν
2453 5133 2603 5203 παρὰ
2650 5135 2779 5200 τοὺς
2813 5135 3004 5200 ἀλλους
3048 5134 3402 5206 ἀνθρώπους,
3440 5134 3539 5188 καὶ

1960 5218 2296 5290 ὲμνημόνευε
2330 5222 2397 5274 τὰ
2424 5221 2688 5293 ὁραθέντα
2729 5226 2821 5281 ὑπ’
2850 5227 3021 5296 αὐτῆς
3060 5229 3206 5288 ἀνω,
3234 5226 3325 5279 ὅτε
3362 5221 3435 5298 ἦν
3478 5228 3537 5280 εν

1959 5313 2025 5380 τῇ
2059 5314 2328 5384 περιφορᾷ
2362 5313 2471 5384 (82)
2503 5315 2593 5369 τοῦ
2619 5316 2897 5386 ἀγνώστου
2933 5319 3166 5387 Πατρδς,
3194 5316 3536 5372 ἀπεστάλθαι

363 5460 384 5492 ¹
411 5458 568 5515 Rom.
597 5476 638 5528 1,
664 5463 755 5517 27.
831 5467 852 5497 ¹
875 5479 967 5535 γρ.
994 5464 1254 5535 ἁφισμόν.
1287 5463 1347 5520 F.
1380 5466 1675 5536 ἁφρισμόν,
1704 5465 1787 5521 vel
1827 5466 2273 5540 ἀφροδισιασμόν.

358 5615 475 5687 (81)
512 5613 675 5667 Οὕτω
753 5615 847 5684 dp,
894 5616 1065 5686 φασὶ,
1096 5617 1210 5686 τὴν·
1242 5618 1648 5690 ἀπειρώδινον.
1677 5619 1856 5675 Fabu-

291 5682 400 5768 lam
424 5691 608 5739 narrat
633 5692 687 5738 et
713 5633 852 5767 gun.
881 5687 917 5740 l.
945 5703 998 5750 x,
1025 5701 1145 5768 cap.
1171 5687 1259 5744 62.
1284 5691 1381 5743 Cui
1411 5691 1564 5745 tidem
1591 5690 1857 5760 derogant

292 5754 680 5816 Philostratus,
713 5752 980 5811 Maximus
1007 5755 1226 5828 Tyn-tus,
1261 5759 1457 5832 aliique
1487 5761 1820 5832 complures.

367 5826 480 5898 (82)
519 5825 649 5879 Ὅτε
679 5820 759 5895 ἦν
782 5825 852 5878 ἐν
879 5824 953 5893 τῇ
981 5831 1287 5898 περιφορᾷ.
1328 5829 1652 5885 comitatum
1674 5831 1856 5886 reddi-

294 5896 493 5964 dimus,
529 5902 590 5951 ut
618 5906 719 5967 pro
765 5899 1149 5971 συμπεριφορᾷ
1195 5907 1508 5972 usurpetur.
1553 5899 1688 5956 Cum
1731 5901 1856 5971 quis

1965 5620 2176 5678 facilem
2225 5641 2286 5681 se
2333 5627 2511 5691 alteri,
2561 5639 2615 5684 et
2659 5630 3052 5704 obsequentem
3101 5635 3326 5706 praebet.
3387 5633 3540 5693 Sane

1964 5691 2170 5748 Theod.
2212 5698 2489 5775 διαγωγῆς
2525 5701 2794 5759 vocabulo
2826 5717 2960 5760 usus
3005 5713 3107 5758 est.
3142 5703 3259 5759 Nisi
3294 5706 3422 5776 quis
3464 5706 3537 5762 ad

1959 5765 2262 5844 περιφοράν
2290 5768 2436 5822 illam
2466 5769 2713 5836 deorum,
2742 5782 2797 5829 et
2824 5774 3311 5830 circumactionem
3343 5776 3536 5832 Plato·

1956 5839 2478 5959 ffiffgffiomspemse
2504 5838 2886 5912 Carpocratem
2912 5844 3205 5913 existimet,
3244 5845 3317 5902 de
3345 5849 3536 5919 quain
