3850 6517
361 460 477 517 ¹65·

1109 455 1449 512 EPanANu
1493 454 1939 513 RESCRIPTUM
1976 454 2068 510 ΑΙ)
2107 455 2407 513 Acacium
2448 456 2533 513 ET
2571 455 2879 515 PAtLuu.

3516 452 3618 516 lm

359 615 477 664 ιιν,
509 593 999 654 Pneumatomachi
1027 595 1146 651 sive
1193 594 1609 661 Macedoniani;
1645 601 1702 650 et
1733 592 1937 650 Eleusii
1969 601 2013 658 Α
2042 593 2138 647 καὶ
2181 594 2523 649 Ἀκουανῖται
2547 611 2563 628 ·
2592 593 3007 666 τεσσαρακοστὴ
3041 591 3239 664 έδδόμη
3286 594 3576 663 Ἰερακῖται
3603 612 3616 627 ·

358 690 612 760 discipuli
634 689 725 760 qui
770 690 823 743 in
847 697 1097 744 sanctum
1120 686 1212 743 Dei
1246 687 1508 757 Spiritum
1547 685 1935 741 contumeliosi

357 789 504 846 nunu
518 795 605 844 ιν,
620 777 832 834 Aeriani
851 776 1139 850 letElensii
1157 772 1575 846 discipuli];1.v=,
1591 773 1822 840 Aetiani,
1841 773 1935 844 qui

357 873 696 935 etAnomoei,
717 870 920 942 quibus
947 867 1262 938 adjungitur
1289 865 1630 933 Eunomius;
1671 881 1804 932 ινιι,
1844 864 1937 920 Di·

355 962 701 1034 nuoerita’,qui
722 960 1016 1031 perfectam
1034 958 1238 1014 Christi
1259 956 1688 1013 incarnationem
1711 956 1935 1013 minime

355 1056 707 1116 confitentur,
733 1052 825 1122 qui
851 1058 906 1106 et
942 1048 1347 1121 Apollinaristae
1388 1047 1932 1113 nominantur;1.viu

352 1163 566 1210 eorum,
598 1146 694 1217 qui
752 1143 978 1199 ilai-iam
1032 1156 1252 1213 semper
1289 1142 1578 1212 virginem,
1639 1148 1929 1212 postquam

354 1237 693 1294 Salvator-em
733 1237 942 1308 genuit,
979 1249 1104 1290 cum
1141 1232 1382 1305 ‹losepho
1437 1234 1793 1290 consuevisse
1845 1231 1925 1288 di·

352 1341 506 1395 eunt,
567 1327 708 1399 quos
765 1325 1349 1382 Antidicomarianitas
1389 1324 1770 1396 appellamus,
1806 1339 1924 1394 ux,

349 1437 563 1486 eorum,
598 1420 776 1492 quiin
830 1433 1029 1474 nomen
1063 1417 1310 1488 ejusdem
1365 1417 1551 1474 Μαι-ἰαὶ
1600 1417 1923 1490 collyridem

348 1514 607 1577 offerunt,
640 1520 694 1569 et
715 1511 1073 1585 Collyridiaui
1102 1521 1409 1578 vocantur;
1462 1527 1552 1579 Lx,
1581 1510 1918 1578 massaliani,

348 1603 416 1659 ad
447 1619 585 1673 qnos
612 1602 987 1674 adjunguntur
1002 1600 1344 1674 Martyriani,
1377 1618 1408 1658 e
1436 1604 1721 1675 gentilium
1746 1610 1922 1669 secta,

346 1705 402 1751 et
433 1694 790 1766 Enpliemitae.
826 1709 891 1750 ac
917 1693 1182 1749 Satanici.

2037 686 2445 758 τεσσαρακοστὴ
2473 687 2631 758 όγδόη
2686 685 3039 755 Μελητιανοὶ,
3073 685 3124 739 οἱ
3143 686 3295 740 ’κατ’
3321 686 3619 757 Αἴγυπτιον

2039 777 2243 849 σχίσμα
2290 777 2472 842 ὄντες·
2497 777 2909 850 τεσσαρακοστὴ
2956 776 3151 848 ὲννάτη
3207 780 3506 851 Ἀρειαναὶ,
3566 783 3619 836 οἱ

2038 870 2133 924 καὶ
2168 870 2574 942 Ἀρειομανῖται
2591 886 2605 900 ·
2632 867 2979 939 πεντηκοστὴ
3002 867 3276 922 Αῦδιανῶν
3297 868 3358 922 τὸ
3380 870 3584 942 σχίσμα
3600 889 3616 905 ·

2036 961 2376 1032 πεντηκοστὴ
2402 959 2595 1033 πρώτη
2613 961 2959 1015 Φωτεινιανοί
2978 978 2994 993 ·
3023 960 3367 1034 πεντηκοστὴ
3385 962 3617 1036 δευτέρα

2036 1051 2436 1125 Μαρκελλιανοί
2454 1069 2469 1082 ·
2515 1051 2857 1125 πεντηκοστὴ
2875 1051 3035 1124 τρίτη
3050 1053 3359 1124 Ἢμιάρειοι
3377 1068 3391 1081 ·
3417 1070 3619 1127 πεντη·

2034 1141 2203 1215 κοστὴ
2219 1143 2454 1216 τετάρτη
2483 1143 2956 1215 Πνευματομάχοι.
2980 1144 3032 1196 οἱ
3074 1143 3170 1197 καὶ
3204 1143 3615 1208 Μακεδονιανοὶ,

2032 1236 2128 1290 καὶ
2172 1235 2446 1290 Ἐλευσίου
2480 1234 2738 1308 μαθηταὶ,
2754 1237 2804 1290 οἱ
2831 1235 2893 1289 τὸ
2912 1236 3066 1305 ἅγιον
3092 1234 3184 1289 τοῦ
3218 1234 3352 1289 Θεοῦ
3390 1235 3617 1307 Πνεῦμα

2032 1327 2479 1400 βλασφημοῦντες
2503 1344 2518 1360 ·
2572 1325 2914 1400 πεντηκοστὴ
2992 1326 3217 1400 πέμπτη
3240 1368 3258 1390 ,
3348 1328 3619 1401 Ἀεριανοὶ

2031 1418 2150 1494 [καὶ
2175 1421 2447 1475 Ἐλευσίου
2468 1418 2730 1492 μαθηταί]
2751 1437 2766 1454 ·
2793 1418 3137 1490 πεντηκοστὴ
3162 1418 3297 1491 ἕκτη
3324 1419 3615 1485 Ἀετιανοὶ,

2028 1512 2078 1565 οἱ
2108 1511 2203 1566 καὶ
2238 1512 2486 1583 Ἀνομοι,
2506 1507 2589 1572 οἷς
2627 1509 2957 1591 συνάπτεται
3008 1509 3291 1580 Εὐνόμιος,
3335 1508 3536 1581 μᾶλλον
3558 1509 3615 1562 δὲ

2029 1605 2059 1659 ό
2104 1604 2340 1675 ΙἈνομος
2360 1618 2373 1632 ·
2423 1604 2765 1675 πεντηκοστὴ
2815 1603 3016 1675 έὸδόμη
3062 1604 3392 1674 Διμοιρῖται,
3438 1603 3489 1657 οἱ
3539 1603 3616 1674 μὴ

2030 1693 2239 1748 τελείαν
2273 1691 2508 1765 Χριστοῦ
2538 1693 2638 1765 τὴν
2668 1691 3085 1766 ὲνανθρώπησιν
3116 1692 3532 1763 ὁμολογοῦντες,
3563 1695 3615 1745 οἱ

347 1790 442 1844 καὶ
500 1789 936 1862 Ἀπολλιναρῖται
961 1805 975 1822 ·
1028 1787 1371 1861 πεντηκοστὴ
1409 1789 1594 1860 ὀγδόη,
1623 1790 1717 1844 καὶ
1747 1790 1796 1843 οἱ
1826 1789 1926 1860 τὴν
1964 1789 2134 1863 ἁγίαν
2156 1788 2374 1861 Μαρίαν
2399 1788 2501 1859 τὴν
2532 1788 2620 1842 άεὶ
2645 1786 2914 1862 παρθένον
2967 1786 3217 1856 λέγοντες
3253 1784 3392 1857 μετὰ
3422 1784 3482 1839 τὸ
3522 1785 3614 1839 τὸν

345 1885 572 1956 Σωτῆρα
594 1883 1000 1954 γεγεννηκέναι,
1023 1881 1102 1954 τῷ
1138 1882 1338 1955 Ἰωσὴφ
1374 1881 1661 1954 συνῆφθαι,
1718 1882 1974 1947 οὕστινας
2034 1883 2374 1961 ἐκαλέσαμεν
2444 1879 3070 1952 Ἀντιδικομαριανίτας·
3123 1876 3462 1949 πεντηκοστὴ
3528 1877 3617 1931 ὲν-

343 1975 499 2048 νάτη,
526 1975 620 2029 ναὶ
645 1976 693 2028 oi
721 1976 802 2039 εἱς
832 1972 1002 2045 ὄνομα
1037 1971 1138 2042 τῆς
1175 1971 1347 2042 αὐτῆς
1403 1972 1622 2044 Μαρίας
1676 1972 1965 2038 κολλυρίδα
2004 1968 2428 2044 προσφέροντες,
2475 1970 2525 2024 οἱ
2552 1967 2845 2024 καλοῦνται
2866 1967 3274 2040 Κολλυριδιανοί
3295 1983 3310 1999 ·
3345 1967 3615 2040 ἐξηκοστὴ

342 2060 737 2129 Μασσαλιανοὶ,
788 2057 872 2127 οἷς
913 2062 1273 2117 συνάπτονται
1304 2062 1703 2133 Μαρτυριανοὶ,
1743 2064 1794 2117 οἱ
1820 2061 1931 2117 άπὸ
1974 2062 2265 2134 Ἑλλήνων,
2304 2061 2400 2115 καὶ
2425 2061 2762 2133 Εὑφημῖται,
2799 2060 2893 2114 καὶ
2920 2060 3258 2116 Σατανιανοί.

410 2158 570 2217 Nunc
604 2159 837 2230 repetita
866 2159 1208 2225 narratione,
1264 2167 1316 2214 et
1349 2158 1403 2212 in
1431 2158 1687 2230 singulos
1742 2159 1918 2215 libros
1950 2166 1994 2223 Β

343 2252 658 2310 distributis
680 2250 1006 2316 haeresibus,
1038 2249 1224 2306 hocin
1272 2249 1426 2306 brevi
1464 2251 1791 2321 compendio
1823 2249 1921 2306 de-

339 2345 592 2407 clarabo,
614 2351 879 2415 quotnam
903 2357 970 2398 ex
996 2342 1106 2398 illis
1135 2334 1439 2399 b‘aeresibus
1465 2342 1522 2397 in
1551 2341 1735 2415 priore
1756 2342 1918 2406 libro,

339 2442 474 2507 quot
523 2434 580 2489 in
606 2432 849 2490 secundo
899 2447 964 2489 ac
1011 2433 1175 2488 tertio
1221 2433 1644 2499 contineantur;
1702 2441 1816 2488 tum
1863 2432 1922 2488 in

338 2525 570 2597 reliquis
603 2524 865 2582 omnibus
892 2531 1217 2580 caeterorum
1276 2523 1542 2579 librorum
1575 2523 1739 2579 tomis
1788 2531 1924 2595 quot

343 2617 641 2686 unicuique
675 2614 917 2671 haereses
968 2614 1251 2672 attribulae
1285 2623 1438 2670 sunt.
1492 2612 1699 2668 narum
1735 2613 1923 2685 itaque

338 2704 584 2760 oninium
613 2704 788 2759 serii-s
817 2710 903 2759 est
945 2701 1242 2772 ejusmodi.
1289 2702 1350 2757 ln
1380 2702 1559 2774 primo
1594 2701 1735 2758 libro
1787 2704 1919 2758 tomi

340 2809 456 2856 tres
487 2804 642 2865 sunt,
682 2798 920 2854 haereses
947 2812 1095 2865 ιινι,
1125 2797 1243 2854 suis
1263 2796 1579 2853 nominibus
1599 2806 1917 2868 conceptae:

337 2889 720 2946 Barbarismus
772 2888 1045 2954 videlicet,
1107 2903 1173 2943 ac
1222 2886 1614 2959 Scythismus;
1673 2884 1919 2942 Helleni·

339 2993 517 3048 smus,
545 2978 887 3045 Judaismus,
941 2993 1006 3034 ac
1051 2977 1492 3034 Samaritismus.
1557 2977 1618 3031 ln
1676 2975 1921 3034 secundo

337 3068 483 3126 libro
507 3070 642 3127 tomi
669 3071 778 3126 duo
830 3078 981 3135 sunt,
1019 3069 1260 3126 haereses
1299 3085 1458 3126 xxiii.
1490 3068 1552 3125 ln
1581 3069 1746 3125 tertio
1779 3067 1920 3123 libro

336 3159 475 3215 torui
501 3158 633 3224 duo,
681 3160 922 3217 haereses
951 3175 1031 3214 xi.
1062 3158 1121 3214 ln
1169 3159 1372 3230 prioris
1408 3159 1591 3232 itaque
1620 3159 1745 3214 libri
1770 3166 1921 3213 tomo

335 3249 515 3322 primo
537 3249 777 3307 liaereses
805 3265 874 3305 xx
907 3255 1060 3314 sunt,
1100 3247 1512 3316 Barbarlsmus,
1547 3248 1918 3321 Scythismus,

337 3339 1048 3409 tiraecismus,.lu‹iaismus.
1072 3338 1385 3396 Graecorum
1409 3355 1574 3413 porro
1596 3339 1920 3396 discrimina

336 3431 444 3488 ista
466 3442 597 3489 sunt
629 3447 646 3486 ι
676 3431 1027 3505 Pythagorei,
1062 3432 1180 3490 sive
1207 3432 1586 3504 Peripatetici,
1622 3432 1918 3500 Platonici,

2105 2155 2373 2213 Ἐπανιὼν
2422 2156 2481 2211 δὲ
2531 2153 2709 2222 αὖθις,
2761 2156 2858 2212 καὶ
2893 2153 3082 2212 διελών
3125 2154 3332 2220 ταύτας
3366 2155 3509 2211 κατά
3534 2157 3617 2229 βί-

2024 2248 2170 2313 6λον,
2225 2247 2492 2314 ὑποδείξω
2542 2248 2602 2302 έν
2654 2246 2829 2320 ταύτῃ
2867 2265 2970 2319 μου
3004 2249 3069 2320 τῇ
3117 2249 3612 2320 άνακεφαλαιώσει,

2025 2336 2189 2391 πόσαι
2212 2335 2419 2391 τούτων
2444 2335 2552 2391 τῶν
2573 2336 2904 2410 ὀγδοήκοντα
2925 2337 3191 2409 αἱρέσεων
3221 2339 3278 2393 ὲν
3298 2339 3377 2412 τῷ
3413 2341 3615 2414 πρώτῳ

2025 2427 2238 2500 βιόλὶῳ,
2280 2429 2374 2483 καὶ
2388 2426 2625 2501 καθεξῆς
2655 2429 2714 2483 έν
2741 2429 2821 2500 τῷ
2841 2429 3103 2501 δευτέρῳ,
3137 2429 3244 2495 ἓως
3274 2432 3368 2486 τοῦ
3401 2434 3608 2507 τρίτὀυ·

2021 2517 2159 2573 άλλά
2188 2517 2283 2574 καὶ
2301 2518 2427 2575 καθ’
2447 2519 2680 2576 ἕκαστον
2713 2520 2823 2576 τῶν
2854 2522 2995 2578 ἑπτά
3026 2523 3211 2596 τόμων
3230 2564 3246 2590 ,
3273 2523 3383 2579 τῶν
3417 2528 3475 2580 ὲν
3502 2528 3609 2591 τοῖς

2021 2611 2169 2684 τρισὶ
2192 2610 2419 2682 βιόλὶοις
2442 2613 2909 2686 συντεταγμένων,
2946 2615 3110 2674 πόσαι
3130 2616 3268 2670 εἰσὶν
3290 2618 3348 2671 αἱ
3382 2618 3439 2673 ὲν
3462 2618 3616 2690 αὐτῷ

2023 2700 2359 2773 χωρηθεῖσαι
2409 2702 2673 2773 αἱρέσεις.
2726 2704 2839 2761 Καὶ
2902 2705 3048 2762 ἔστιν
3099 2706 3273 2773 οὕτως
3320 2708 3379 2762 έν
3412 2708 3513 2776 μὲν
3532 2707 3615 2777 τῷ

2024 2791 2227 2867 πρώτῳ
2266 2794 2459 2868 βιὸλίῳ
2477 2796 2636 2868 τόμοι
2679 2800 2851 2869 τρεῖς.
2883 2798 3125 2870 αἱρέσεις
3151 2798 3207 2851 δὲ
3240 2812 3610 2865 τεσσαρακον-

2021 2884 2153 2949 ταὲξ
2184 2887 2280 2940 σὺν
2301 2888 2434 2951 ’ταῖς
2475 2886 2795 2958 ὀνομασίαις
2842 2887 3075 2940 τούτων·
3118 2887 3259 2959 φημὶ
3304 2887 3359 2939 δὲ
3394 2884 3611 2958 30:962-

2025 2974 2243 3046 ρισμοῦ,
2302 2975 2397 3030 καὶ
2434 2975 2768 3046 Σκυθισμοῦ,
2808 2975 2905 3030 καὶ
2940 2977 3316 3050 Ἑλληνισμοῦ,
3347 2978 3443 3033 καὶ
3478 2977 3614 3031 Ἰου-

2020 3063 2251 3136 δαῖσμοῦ
2281 3066 2376 3120 καὶ
2391 3063 2838 3138 Σαμαρειτισμοῦ
2857 3081 2871 3096 ·
2889 3066 2945 3119 ὲν
2969 3065 3026 3118 δὲ
3058 3066 3136 3135 τῷ
3157 3069 3396 3139 δευτέρῳ
3423 3066 3615 3138 βιόλὶῳ

2020 3157 2176 3230 τόμοι
2196 3157 2311 3222 δύο,
2329 3157 2573 3230 αἱρέσεις
2589 3159 2917 3231 εἰκοσιτρεῖς
2935 3176 2948 3190 ·
2976 3159 3036 3210 ὲν
3056 3156 3112 3212 δὲ
3135 3156 3212 3228 τῷ
3233 3159 3401 3228 τρίτῳ
3423 3156 3616 3228 βιδὶ.ίῳ
3645 3211 3649 3215 ,

2020 3249 2177 3322 τόμοι
2197 3248 2313 3315 δύο,
2347 3250 2589 3325 αἱρέσεις
2611 3249 2825 3304 ἕνδεκα.
2862 3249 2951 3303 Ἐν
2971 3247 3048 3320 τῷ
3066 3243 3160 3303 οῦν
3190 3246 3391 3320 πρώτῳ
3419 3247 3615 3319 βιδλίῳ

2022 3339 2242 3415 πρώτου
2270 3341 2438 3412 τόμον
2461 3322 2705 3413 αἱρέσεις
2751 3343 2977 3404 εἴκοσιν,
3008 3341 3070 3394 αῖ
3102 3342 3241 3394 εἰσιν
3275 3339 3396 3394 αἵδε
3415 3355 3435 3374 ·
3468 3339 3618 3411 Βαρ-

2022 3431 2313 3504 6αρισμὸς,
2368 3430 2704 3503 Σκυθισμδς,
2785 3431 3137 3504 Ἑλληνισμὸς
3157 3471 3173 3494 ,
3244 3431 3576 3502 Ἰουδαῖσμός
3595 3447 3613 3463 ·

339 3522 534 3590 Stoici,
587 3522 866 3596 Epicurei,
925 3521 1257 3580 samaritica
1291 3522 1542 3586 haeresis,
1583 3539 1709 3596 quae
1753 3537 1786 3578 a
1822 3521 1917 3580 Ju·
1948 3501 1989 3557 C
2033 3522 2305 3596 Ἐλλήνων
2336 3521 2614 3594 διαφοραὶ,
2648 3520 3035 3594 Πυθαγόρειοι,
3069 3523 3246 3578 είτουν
3292 3523 3615 3595 Περιπατη-

337 3613 556 3672 da'ismo
583 3616 848 3672 manavit.
889 3614 1226 3671 Samaritani
1259 3623 1501 3687 quatuor
1526 3615 1583 3670 in
1609 3622 1797 3686 partes
1820 3615 1924 3670 tri-

338 3705 610 3774 buuntur,
636 3705 970 3773 Gorthenos,
994 3707 1277 3774 Sebuaeos,
1298 3705 1580 3775 Esseuios,
1602 3705 1914 3764 Dositheos.

334 3794 649 3854 Judaeorum
708 3798 949 3885 haereses
1002 3807 1213 3871 septem
1255 3813 1273 3855 ι
1335 3796 1564 3865 Scriba,
1624 3797 1918 3864 Pharisaei,

339 3887 648 3956 Sadducaei,
693 3888 1206 3962 Hemerobaptistae,
1241 3888 1440 3958 Ossaei,
1481 3890 1727 3947 Nasaraei
1756 3931 1772 3958 ,
1813 3889 1922 3947 Be-

335 3976 572 4036 rodiani.
605 3978 662 4035 ln
689 3979 936 4036 secundo
964 3988 1118 4036 tomo
1164 3980 1293 4036 libri
1326 3981 1490 4052 primi
1521 3981 1762 4038 haereses
1815 3997 1918 4037 xin

245 4081 251 4086 ’
336 4075 519 4128 ιυιιῑ·ι
556 4069 888 4137 Simoniani,
919 4070 1318 4137 Menandriani,
1350 4069 1739 4138 saturniliani,
1767 4072 1921 4129 Basi-

335 4162 548 4228 lidiani,
580 4161 887 4230 Nicolaitae,
911 4161 1186 4228 Gnostici,
1236 4164 1329 4234 qui
1374 4170 1430 4219 et
1472 4161 1801 4228 Stratiotiei,
1856 4177 1921 4219 ac

336 4251 706 4323 Phibionitae3
738 4255 807 4310 ab
831 4255 956 4310 aliis
1004 4270 1136 4311 vero
1161 4254 1520 4321 secundiani,
1552 4256 1620 4311 ab
1641 4255 1767 4311 aliis
1789 4254 1920 4311 Zac·

335 4342 496 4410 chaei,
521 4359 624 4400 nec
664 4359 776 4400 non
817 4344 1107 4411 Coddiani,
1148 4354 1203 4401 et
1233 4346 1565 4410 narbon-itae,
1618 4361 1683 4401 ae
1713 4345 1919 4402 Barbe-

334 4433 460 4508 iytae
504 4434 791 4503 dicuntum
850 4436 1278 4509 carpocratitae,
1318 4437 1686 4505 cerinthiani,
1738 4440 1831 4512 qui
1866 4448 1921 4496 et

336 4523 725 4592 Merintbiani,
751 4526 1021 4592 Nazoraei,
1076 4527 1342 4597 Ebionaei,
1375 4527 1669 4596 Valentini,
1717 4531 1923 4587 Secun-

335 4614 588 4673 diniani:
617 4617 819 4689 quibus
868 4620 1141 4676 accedunt
1175 4619 1489 4693 Epiphanes
1539 4630 1595 4679 et
1645 4623 1916 4691 isidorus,

335 4705 642 4764 Ptolemaei.
672 4708 731 4765 ln
766 4709 931 4770 tertio
968 4722 1150 4769 autem
1190 4722 1340 4770 tomo
1376 4714 1581 4784 prioris
1634 4715 1762 4771 libri
1809 4716 1922 4771 hae·

2019 3613 2184 3677 τικοὶ,
2218 3612 2581 3677 Πλατωνικοὶ,
2610 3611 2864 3679 Στωϊκοὶ,
2897 3611 3264 3684 Ἐπικούρειοι
3291 3627 3308 3642 ·
3342 3613 3616 3685 Σαμαριι·

2020 3705 2167 3780 τικὴ,
2206 3701 2352 3763 ,οὖσα
2402 3708 2468 3761 ἐκ
2521 3705 2618 3761 τοῦ
2664 3703 3025 3778 Ἰουδαϊσμοῦ.
3078 3703 3436 3778 Σαμαρειτῶν
3474 3704 3611 3777 ἔθνη

2019 3799 2283 3873 τέσσαρα,
2335 3797 2512 3866 οὔτως
2536 3816 2551 3833 ·
2596 3790 2902 3872 Γορθηνοὶ,
2958 3798 3277 3864 Σεόουαῖοι,
3341 3799 3613 3870 Ἐσσηνοὶ,

2021 3889 2281 3946 Δοσίθεοι.
2330 3889 2602 3946 Ἰουδαίων
2626 3889 2870 3964 αἱρέσεις
2905 3889 3068 3955 ἑπτὰ,
3100 3888 3272 3954 οὕτως
3297 3907 3310 3920 ·
3348 3890 3616 3962 Γραμμα-

2026 3983 2143 4045 τεῖς
2166 4021 2181 4047 ,
2233 3983 2555 4054 Φαρισαῖοι,
2631 3981 2983 4037 Σαδδουκαῖοι
3005 4021 3021 4047 ,
3074 3981 3612 4054 Ἥμεροδαπτισταὶ,

2036 4071 2300 4138 Ὀσσαῖοι,
2336 4073 2666 4146 Νασαραῖοὶ,
2694 4073 3040 4146 Ἠρωδιανοί.
3067 4074 3157 4128 Ἐν
3177 4073 3234 4128 δὲ
3263 4073 3341 4146 τῷ
3371 4073 3614 4147 δευτέρῳ

2021 4161 2174 4234 τόμῳ
2227 4161 2322 4216 τοῦ
2380 4163 2597 4236 πρώτου
2645 4163 2853 4235 βιδλίου
2881 4165 3144 4230 ὡσαύτως
3184 4165 3427 4239 αἱρέσεις
3453 4165 3618 4221 δεκα-

2020 4255 2191 4325 τρεῖς,
2239 4252 2413 4316 οῦτως
2433 4271 2447 4286 ·
2495 4255 2845 4326 Σιμωνιανοὶ,
2878 4257 3292 4328 Μενανδριανοὶ,
3358 4259 3614 4332 Σατορνι-

2022 4345 2214 4411 λιανοὶ,
2244 4345 2635 4402 Βασιλειδιανοὶ
2659 4388 2673 4407 .
2710 4347 2757 4400 Ν
2765 4347 3057 4414 ικο).αῗται,
3091 4349 3409 4411 Γνωστικοὶ,
3439 4351 3491 4404 οἱ
3518 4351 3614 4406 καὶ

2022 4437 2437 4508 Στρατιωτικοὶ,
2474 4438 2569 4493 καὶ
2596 4436 2907 4494 Φιόιωνῖται
2940 4442 2988 4493 οἱ
3005 4440 3181 4507 αὐτοὶ,
3215 4440 3367 4513 παρὰ
3406 4441 3462 4495 δέ
3504 4460 3614 4497 τισι

2023 4528 2415 4593 Σεκουνδιανοὶ,
2458 4532 2611 4601 παρὰ
2651 4529 2709 4599 δὲ
2737 4530 2916 4595 ἄλλοις
2946 4533 3228 4603 Ζακχαίοι,
3262 4534 3312 4585 οἱ
3344 4533 3616 4604 καλούμε-

2024 4639 2104 4676 νοι
2131 4622 2229 4677 καὶ
2266 4621 2568 4687 Κοδδιανοὶ,
2616 4623 2711 4678 καὶ
2744 4624 3090 4696 Βαρθορῖται,
3124 4621 3217 4679 καὶ
3253 4625 3612 4698 Βαρδηλῖται,

2023 4715 2501 4786 Καρποκρατῖται,
2515 4713 2890 4786 Κηρινθιανοὶ,
2906 4716 2957 4771 οἱ
2980 4716 3076 4771 καὶ
3101 4717 3481 4790 Μηρινθιανοί·
3500 4721 3613 4776 Να-

334 4812 486 4856 reses
510 4799 698 4856 itidem
724 4818 824 4858 xm
859 4811 989 4860 sunt
1024 4819 1040 4858 ι
1077 4803 1355 4871 Marcosii,
1386 4805 1714 4872 colorbasii,
1749 4805 1921 4865 flera-
1952 4827 2001 4889 D
2024 4803 2271 4878 ζωραῑοι,
2324 4804 2650 4886 Ἐόιωναῖοι,
2693 4807 3060 4874 Οὐαλενττνοι,
3092 4809 3491 4879 Σεκουνδιανοὶ,
3529 4808 3613 4880 οἷς

333 4888 621 4958 cleonitae,
676 4889 911 4963 Ophitae,
969 4893 1181 4961 Caiani,
1244 4893 1512 4964 Setbiani,
1577 4897 1919 4969 Archontici,

333 4979 703 5050 cerdoniani,
751 4982 1093 5050 marciones,
1150 4985 1516 5057 Lucianistae,
1563 4990 1921 5063 Appelleiani,

339 5072 656 5143 severiani,
716 5073 960 5132 Tatiani.
1020 5075 1149 5133 llaee
1219 5088 1304 5136 est
1372 5096 1588 5138 summa
1647 5090 1920 5140 tomorum

336 5163 503 5221 trium
560 5169 717 5237 primi
771 5168 921 5225 iibri.
981 5167 1218 5227 Secundi
1271 5186 1406 5229 vero
1455 5173 1580 5230 libri
1637 5175 1769 5230 tomi
1812 5174 1923 5230 duo

339 5264 490 5323 sunt,
526 5259 689 5328 cuius
729 5261 784 5316 in
829 5262 1014 5333 priore
1068 5269 1242 5330 tomo,
1297 5264 1390 5336 qui
1435 5273 1665 5337 quartus
1709 5277 1813 5335 est,
1874 5267 1921 5324 si

339 5356 520 5406 tomos
546 5348 804 5425 deinceps
850 5353 918 5411 ab
956 5354 1116 5412 initio
1158 5370 1450 5422 numeres,
1489 5357 1724 5415 liaereses
1786 5373 1923 5415 xviii

341 5438 722 5512 continentur,
750 5442 856 5501 boc
910 5447 1074 5503 modo
1106 5465 1120 5503 :
1149 5446 1463 5513 Encratitae,
1525 5446 1922 5521 Catapbryges,

339 5527 438 5599 qui
484 5537 541 5585 et
582 5529 948 5595 montanistae.
1003 5550 1069 5592 ac
1120 5536 1555 5610 Tascodrugitae.
1608 5525 1922 5610 Pepuziani,

339 5617 432 5689 qui
464 5628 515 5674 et
551 5618 896 5688 Quintiliani,
932 5625 1133 5696 quibus
1175 5627 1547 5700 adiunguntur
1585 5630 1921 5704 Artotyrilae,

342 5705 955 5776 'tessarescaedecatita
1000 5717 1092 5787 qui
1142 5716 1372 5775 Pascha·
1398 5721 1452 5775 in
1501 5721 1746 5778 eamdem
1793 5723 1921 5780 anni

343 5792 485 5852 diem
512 5801 817 5871 conjiciunt
847 5822 861 5859 z
889 5803 1066 5874 Alogi,
1098 5805 1192 5877 qui
1224 5813 1278 5863 et
1309 5803 1659 5879 Evangelium
1694 5819 1750 5866 et
1778 5810 1922 5882 Apo·

343 5889 587 5963 calypsiu
626 5892 856 5954 Joaimis
902 5897 1212 5970 repudiant,
1273 5899 1583 5968 manliani,
1631 5899 1917 5975 Sampsaei,

2029 4897 2387 4954 συνάπτονται
2402 4899 2704 4975 Ἐπιφανὴς
2719 4901 2816 4956 καὶ
2843 4900 3134 4975 Ἰσίδωρος,
3155 4902 3503 4979 Πτολεμαῖοι.
3521 4908 3612 4963 Ἐν

2025 4988 2173 5062 δὲτῷ
2203 4989 2374 5064 τρίτῳ
2399 4991 2553 5065 τόμῳ
2569 4992 2666 5047 τοῦ
2696 4992 2864 5048 αὐτοῦ
2877 4992 3099 5067 πρώτου
3124 4995 3332 5068 βιδλίου
3365 4998 3612 5072 αἱρέσεις

2025 5080 2327 5168 δεκατρεῖς,
2369 5083 2573 5149 οὕτως·
2629 5083 2975 5157 Μαρκώσιοι,
3016 5087 3397 5165 Κολορὸάσιοι,
3445 5092 3612 5164 Ἡρα-

2028 5173 2348 5242 κλεωνῖται,
2375 5176 2609 5246 Ὀφῖται,
2649 5172 2902 5247 Καῖανοὶ,
2937 5179 3209 5252 Σηθιανοὶ,
3252 5182 3609 5256 Ἀρχοντικοὶ,

2028 5267 2107 5333 Κε
2116 5268 2415 5341 ρδωνιανοὶ,
2430 5269 2776 5342 Μαρκίωνες,
2790 5272 3192 5342 Δουκιανισταὶ,
3210 5273 3610 5345 ’Δπελληῖανοὶ,

2027 5359 2366 5433 Σευηριανοὶ,
2408 5361 2682 5417 Τατιανοί.
2740 5361 2890 5438 Arm,
2927 5367 2963 5437 ὴ
3001 5364 3477 5436 άνακεφαλαίωσις
3512 5365 3609 5419 τοῦ

2030 5449 2247 5522 πρώτου
2281 5450 2485 5522 βιὸλίου
2526 5453 2634 5509 τῶν
2683 5454 2852 5528 τριιῖιν
2870 5454 3073 5527 τόμων.
3126 5455 3235 5510 Τοῦ
3276 5455 3333 5510 δὲ
3354 5456 3610 5529 δευτέρου

2031 5540 2237 5612 βιδλίου
2260 5543 2417 5616 τόμοι
2442 5543 2556 5601 δύο.
2602 5545 2690 5599 Ἐν
2714 5543 2917 5618 πρώτῳ
2946 5547 3044 5618 μὲν
3071 5545 3224 5619 τόμῳ
3242 5545 3336 5601 τοῦ
3358 5539 3609 5618 δευτέρου

1998 5626 2003 5633 ’
2029 5631 2257 5703 βιδλίου,
2303 5635 2549 5708 τετάρτῳ
2580 5635 2636 5689 δὲ
2664 5635 2779 5689 ὄντι
2807 5636 2947 5691 κατὰ
2985 5637 3085 5710 τὴν
3129 5637 3225 5693 ἀπ’
3257 5639 3432 5712 ἀρχῆς
3475 5638 3609 5693 άκο-

2029 5723 2249 5781 λουθίαν
2263 5725 2357 5781 τοῦ
2372 5725 2628 5800 ἀριθμοῦ,
2640 5727 3187 5801 αἱρέσειςδεκαοκτὼ,
3198 5729 3371 5794 οὕτως
3386 5729 3609 5800 Ἐγκρα-

2027 5818 2190 5877 τῖται,
2207 5817 2345 5900 κατὰ
2360 5817 2707 5892 Φρυγαστῶν,
2732 5820 3135 5888 Μοντανιστῶν,
3160 5822 3254 5876 καὶ
3271 5819 3607 5892 Τασκοδρου·

2026 5903 2194 5977 γιτῶν
2210 5923 2223 5939 ·
2248 5908 2297 5962 οἱ
2317 5907 2373 5961 δὲ
2396 5907 2853 5996 Τασκοδρουγῖται
2873 5909 3200 5984 διῃρέθησαν
3221 5910 3330 5965 ἀπὸ
3349 5908 3458 5965 τῶν
3474 5925 3608 5981 προ-
