3850 6517
346 513 460 582 263

1736 522 1795 579 S.
1828 507 2171 579 Et‘tp'nANtt

3492 493 3598 565 ast

423 626 488 691 tt.
520 633 751 690 Adducit
773 640 827 689 et
855 632 1019 704 liujus
1047 631 1125 688 rei
1153 637 1348 688 testem
1377 639 1649 689 veterator
1676 633 1933 689 Phineem
1965 648 2010 700 Α
2106 634 2182 689 B'.
2218 631 2488 705 Μάρτυρα
2521 631 2578 686 δέ
2599 648 2720 685 τινα
2754 629 3134 703 παρεισφέρων
3162 626 3259 681 οὐκ
3285 626 3597 697 αἰσχύνεται

350 726 638 797 'quemdam
656 723 992 779 sacerdotem
1014 738 1043 777 e
1073 721 1315 778 Levitico
1340 737 1558 792 genere,
1587 723 1655 778 dc
1678 723 1933 786 Aaronis,

348 829 417 871 ac
451 815 647 870 veteris
678 815 824 868 illius
859 812 1089 871 Phinees
1123 814 1294 884 stirpe
1323 833 1336 868 ι
1369 815 1462 884 qui
1494 820 1751 885 regnante
1771 812 1935 867 Dario

350 908 406 959 ln
437 903 751 972 captivitate
780 903 1112 974 Babylonica
1144 903 1304 959 Susis
1329 903 1555 957 adorata
1591 901 1759 956 Diana
1785 901 1934 972 peri·

347 994 527 1047 culum
567 994 764 1063 capitis
787 993 989 1062 effugit.
1020 994 1098 1047 lta
1123 997 1244 1064 ejus
1272 994 1455 1050 omnia
1492 992 1627 1049 salsa
1658 999 1821 1058 sunt,
1871 1005 1937 1046 ac

347 1083 632 1138 ridiculum
655 1087 984 1139 commenta.
1003 1083 1101 1138 ilic
1119 1084 1284 1155 igitur
1299 1084 1427 1139 olim
1443 1099 1502 1138 se
1519 1081 1585 1137 ad
1602 1082 1933 1142 Ossenorum

347 1174 592 1227 haeresim
622 1174 892 1244 adjunxit.
928 1173 1100 1245 Cujus
1134 1175 1297 1230 hodie
1327 1176 1382 1230 in
1416 1174 1709 1230 Nabathaea
1752 1178 1805 1229 et
1836 1173 1933 1228 Pe·

347 1278 448 1316 raea
479 1262 734 1319 Moabitis
756 1265 937 1320 vicina
972 1266 1198 1336 regione
1238 1255 1482 1337 reliquiae
1516 1272 1849 1335 supersunt,
1878 1270 1933 1319 et

345 1350 728 1422 Sempseorum
785 1355 948 1426 vulgo
1009 1357 1161 1411 natio
1199 1356 1316 1410 ltaec
1372 1356 1655 1410 hominum
1707 1355 1929 1413 dicitur.

339 1440 443 1513 41
476 1443 522 1496 Α
561 1444 762 1513 quibus
791 1447 953 1499 etiam
995 1445 1330 1515 perabsurde
1370 1443 1515 1505 ittud
1537 1432 1931 1516 'excogitatum

339 1537 444 1596 est,
478 1542 536 1587 ut
563 1535 635 1588 ab
666 1535 886 1588 occulta
932 1536 985 1588 vi
1007 1537 1449 1605 cognominatum
1489 1536 1801 1593 istiusmodi
1838 1554 1934 1594 ne-

341 1620 594 1679 bulonem
646 1625 949 1696 ssngerent;
1006 1633 1288 1695 propterea
1337 1627 1484 1697 quod
1532 1626 1604 1682 lel
1668 1609 1933 1686 llefiraice

342 1718 485 1781 vn'm5
515 1714 613 1769 lei
656 1717 982 1771 obstr-usiam
1021 1718 1313 1788 significat.
1346 1717 1450 1773 Sed
1498 1719 1662 1789 hujus
1694 1709 1930 1776 instituti

340 1807 574 1870 vanitas,
618 1809 1042 1879 arrogantiaque
1072 1810 1323 1863 convicta
1358 1810 1577 1880 penitus
1625 1821 1709 1866 est
1736 1850 1752 1877 ,
1782 1823 1837 1868 et
1860 1813 1930 1868 ab

341 1897 410 1951 iis
439 1896 600 1952 irrisa
628 1912 976 1968 magnopere,
1007 1900 1099 1967 qui
1136 1897 1202 1952 ad
1234 1899 1689 1955 considerandam
1717 1901 1931 1957 discer-

340 1986 683 2058 nendamque
712 1989 1000 2044 veritatem
1049 1989 1233 2059 aliquo
1265 1989 1474 2059 judicio
1513 1993 1727 2062 praediti
1763 2001 1917 2050 sunt.
1958 1974 2002 2029 Β

338 2080 519 2147 Atque
549 2091 614 2131 ex
652 2077 787 2147 ipsis
844 2079 898 2132 in
923 2079 1119 2147 primis
1169 2078 1516 2148 Constantii,
1566 2095 1730 2155 atque
1774 2085 1925 2141 inse-

285 2229 293 2237 ·
338 2167 620 2237 quentiutn
657 2168 1048 2236 imperatorum
1077 2171 1413 2239 temporibus
1456 2172 1525 2227 ad
1571 2174 1712 2229 hanc
1758 2174 1923 2239 diem,

336 2258 775 2313 efficacissimum
809 2259 875 2312 ad
902 2259 1027 2314 illos
1048 2258 1380 2317 refellendos
1397 2273 1776 2334 argumentum
1795 2280 1925 2321 con·

340 2348 425 2402 ilci
455 2356 635 2418 potest
659 2366 673 2416 ;
701 2365 827 2403 nam
847 2349 910 2403 ad
938 2365 1110 2420 usque
1133 2351 1514 2408 Constantium
1541 2355 1923 2426 imperatorem

338 2437 582 2495 liat-thus
621 2441 810 2495 nescio
841 2456 962 2510 quae
995 2456 1059 2495 ac
1090 2441 1375 2498 Martltaua
1408 2459 1630 2500 sorores
1667 2447 1735 2502 de
1772 2446 1927 2500 Elxai

337 2527 526 2595 stirpe,
562 2528 616 2581 in
654 2526 872 2581 illorum
902 2529 1126 2598 regione
1160 2532 1446 2585 numinum
1478 2531 1653 2587 instar
1695 2534 1766 2588 ob
1804 2549 1922 2588 eam

335 2620 564 2689 originis
613 2618 934 2688 dignitatem
978 2619 1177 2674 habita}
1210 2630 1360 2674 suut.
1417 2620 1619 2676 Harum
1680 2623 1926 2679 Martltus

336 2724 446 2762 non
481 2708 554 2761 ita
585 2707 793 2777 pridem
824 2710 1061 2764 excessit
1095 2727 1126 2764 e
1156 2710 1298 2774 vita,
1332 2709 1612 2766 Marthana
1659 2713 1715 2768 in
1779 2715 1923 2771 lianc

335 2797 480 2852 diem
521 2806 803 2867 superstes
826 2808 930 2854 est.
974 2798 1273 2870 Utriusque
1301 2817 1428 2857 vcro
1461 2804 1543 2859 vel
1584 2812 1744 2873 sputa
1780 2807 1921 2876 ipsa,

335 2898 676 2959 caeterasque
707 2890 957 2959 corporis
1000 2891 1191 2946 sordes
1247 2892 1394 2949 illius
1447 2901 1656 2951 tractus
1684 2896 1924 2952 haeretici

333 2979 693 3035 circumferre
728 2980 996 3047 solebant,
1032 2981 1098 3035 ad
1136 2983 1456 3037 morborum
1495 2986 1758 3041 remedia.
1792 2985 1924 3054 Quae

335 3077 519 3125 tamen
550 3069 707 3124 irrita
742 3076 900 3124 erant
931 3073 1137 3125 omnia.
1175 3069 1282 3126 Sed
1305 3079 1391 3128 est
1418 3073 1800 3131 baereticorum
1832 3093 1923 3150 ge-

333 3177 438 3217 nus
472 3162 801 3229 fastuosum,
823 3169 877 3217 et
902 3162 1200 3218 obnoxium
1231 3164 1431 3220 fraudi.
1461 3167 1617 3223 Caeca
1646 3170 1790 3224 enim
1827 3187 1923 3227 ne·

333 3255 507 3325 quitia
535 3254 738 3317 omnis,
768 3263 821 3310 et
844 3254 1132 3326 prudentia
1168 3254 1463 3312 destitutus
1498 3274 1654 3314 error
1680 3269 1782 3317 est.
1815 3261 1921 3319 Ve-
1947 3297 1991 3357 c

336 3360 458 3399 rum
502 3346 633 3415 quid
669 3346 867 3401 attinet
896 3348 950 3402 in
992 3348 1155 3417 liujus
1184 3348 1501 3419 impostoris
1539 3352 1702 3409 rebus
1736 3369 1920 3424 perse-

335 3433 571 3506 quendis
615 3437 897 3491 immorari
925 3438 1152 3501 diutius,
1186 3447 1280 3493 aut
1319 3454 1382 3496 ea
1412 3455 1638 3497 narrare
1667 3443 1919 3515 dogmata

334 3540 456 3596 quae
476 3533 668 3580 contra
697 3527 979 3581 veritatem
1015 3529 1290 3583 asseruit?

405 3615 491 3670 lll.
529 3615 770 3672 Primum
824 3617 968 3687 quud
1014 3634 1212 3689 negare
1258 3619 1427 3675 Deum
1478 3639 1742 3696 sequaces
1789 3640 1918 3684 suos

334 3704 587 3770 edocuit,
617 3721 742 3761 cum
769 3709 1236 3764 exsecrandorum
1273 3710 1596 3770 idololatriae
1630 3732 1916 3773 sacrorum

333 3810 433 3866 per
450 3795 855 3852 simulationem
887 3798 1180 3868 participes
1209 3815 1333 3857 esse
1360 3805 1556 3859 suasit.
1591 3804 1729 3862 Tum
1762 3808 1919 3864 lucu·

334 3878 536 3940 lentius
556 3885 748 3940 iisdem
769 3886 1059 3956 imposuit3
1092 3904 1214 3943 cum
1232 3901 1328 3947 ore
1352 3899 1511 3948 tenus
1536 3894 1739 3965 eJurari
1757 3914 1919 3968 posse

333 3973 518 4036 iidem,
553 3991 653 4031 nec
699 3978 754 4030 ln
784 3991 849 4032 eo
877 3979 1086 4034 crimen
1120 3981 1290 4036 ullum
1316 3999 1439 4039 esse
1486 3985 1644 4042 dixit.
1681 3988 1831 4047 Adeo
1859 4000 1920 4047 ut

330 4064 656 4122 insanabilis
694 4067 765 4122 sit
796 4066 1014 4123 illorum
1048 4071 1306 4140 morbus„
1352 4090 1454 4130 nec
1487 4076 1658 4132 ullum
1684 4081 1915 4136 remedii

331 4173 504 4230 genus
526 4160 798 4215 admittat..
831 4158 966 4215 Cum
994 4162 1138 4216 enim
1171 4177 1235 4217 os
1267 4165 1465 4232 ipsum,
1500 4183 1609 4238 quo
1640 4170 1915 4226 consessio

329 4251 580 4306 veritatis
632 4252 994 4322 exprimitur,
1038 4253 1107 4307 ad
1149 4256 1495 4311 mendacium
1542 4259 1912 4329 subornetur;

330 4343 456 4410 quis
485 4343 607 4398 istis
643 4345 830 4399 credat
857 4360 965 4400 non
998 4346 1346 4404 vehementer
1377 4349 1526 4420 ipsos
1555 4350 1755 4423 decipi,
1786 4369 1912 4408 cum

331 4431 619 4502 perspicue
647 4432 848 4488 divinis
884 4434 940 4487 in
967 4435 1164 4492 litteris
1180 4451 1244 4491 ex
1269 4439 1442 4494 sancti
1468 4441 1706 4512 Spiritus
1731 4444 1911 4499 afflatu

332 4523 709 4594 praescriptum
754 4526 825 4580 sit
857 4544 870 4580 ι
900 4525 1068 4582 Corde
1091 4528 1160 4581 ad
1188 4528 1460 4598 justitiam
1488 4534 1649 4599 credi,
1681 4551 1770 4589 ore
1797 4552 1911 4591 rere

2035 725 2064 777 ὁ
2081 721 2353 786 ἀπατεὼν,
2380 721 2554 790 λέγων
2580 719 2764 784 Φινεές
2785 737 2904 774 τινα
2941 721 3092 790 ἱερέα
3117 717 3225 771 τῶν
3261 717 3368 770 ἀπὸ
3409 716 3599 785 γένους

2034 813 2166 866 Λευῖ
2210 829 2270 865 τε
2304 812 2400 865 καὶ
2444 808 2675 881 Ἀαρὼν,
2706 808 2918 864 καὶτοῦ
2956 809 3183 881 ἀρχαίου
3222 808 3406 871 Φινεὲς
3444 808 3503 861 ὲν
3531 810 3600 878 τῇ

2034 901 2317 957 Βαδυλῶνι
2348 903 2440 956 ἐπὶ
2473 902 2574 972 τῆς
2601 901 2975 972 αἰχμαλωσίας
3015 902 3470 971 προσκυνήσαντα
3501 897 3603 971 τὴν

2038 993 2202 1065 Ἀρτε
2212 1009 2325 1065 μιν,
2345 995 2404 1047 ὲν
2429 992 2651 1057 Σούσοις
2676 991 3095 1061 διαπεφευγέναι
3117 990 3336 1063 ὄλεθρον
3369 991 3599 1045 θανάτου

2033 1085 2128 1138 ὲπὶ
2176 1086 2402 1158 Δαρείου
2454 1084 2550 1139 τοῦ
2603 1085 2899 1156 βασιλέως·
2940 1083 3081 1137 ὥστε
3134 1079 3273 1136 εἶναι
3325 1083 3490 1136 αὐτοῦ
3532 1081 3603 1136 τὰ

2036 1174 2215 1230 πάντα
2258 1175 2426 1246 ψευδῆ
2475 1176 2566 1229 καὶ
2604 1177 2828 1245 μάταια.
2865 1169 3035 1239 Οὗτος
3070 1175 3168 1245 μὲν
3198 1169 3290 1228 ὀῦν
3328 1172 3441 1227 άνω
3478 1177 3602 1225 συν-

2033 1265 2205 1336 ῆπται
2248 1268 2316 1336 τῇ
2363 1265 2740 1339 προειρημένῃ
2779 1264 2988 1336 αἱρέσει
3034 1267 3101 1336 τῇ
3158 1265 3267 1318 τῶν
3326 1262 3601 1335 Ὀσσηνῶν

2035 1354 2363 1428 καλουμένῃ,
2390 1351 2458 1426 ἦς
2490 1355 2571 1408 ἔτι
2594 1355 2819 1425 λείψανα
2854 1355 2948 1408 καὶ
2982 1355 3140 1426 δεῦρο
3166 1354 3399 1424 ὑπάρχει
3444 1355 3503 1406 ὲν
3531 1355 3600 1423 τῇ

2034 1446 2170 1517 αὐτῇ
2202 1444 2522 1500 Ναὸατίτιδι
2551 1448 2646 1518 γῇ,
2687 1448 2752 1517 τῇ
2789 1446 2882 1500 καὶ
2920 1446 3129 1519 Περαίᾳ
3161 1446 3297 1518 πρὸς
3330 1447 3396 1516 τῇ
3433 1444 3600 1497 Μωα-

2033 1534 2196 1588 6ίτιδι
2216 1550 2229 1564 ·
2258 1535 2397 1605 ὅπερ
2421 1535 2579 1603 γένος
2609 1535 2726 1590 νυνὶ
2767 1535 3025 1606 Σεμψέων
3053 1538 3073 1568 ⁸
3103 1535 3367 1590 καλεῖται.
3393 1534 3601 1588 Φαντάὲ

2034 1624 2216 1689 ζονται
2243 1624 2301 1678 δὲ
2329 1624 2486 1696 δῆθεν
2520 1625 2707 1679 καλεῖν
2734 1625 2924 1679 τοῦτον
2961 1624 3188 1697 δύναμιν
3216 1625 3601 1695 ἁποκεκαλυμὲ

2036 1714 2224 1786 μένην,
2252 1714 2340 1770 διὰ
2381 1715 2441 1769 τὸ
2474 1715 2580 1784 Ίὴλ
2615 1715 2896 1770 καλεῖσθαι
2936 1716 3047 1787 (19)
3085 1716 3342 1787 δύναμιν,
3388 1715 3488 1769 sat
3539 1715 3599 1769 δὲ

2031 1804 2511 1877 κεκαλυμμένον.
2559 1804 2822 1877 Ἠλέγχθη
2851 1806 2909 1858 δὲ
2944 1804 3010 1858 ‘rb'
3043 1807 3151 1859 πᾶν
3177 1804 3270 1858 τοῦ
3316 1802 3599 1874 ὲπιτηδεύ·

2036 1907 2203 1969 ματος
2230 1899 2518 1970 φρύαγμα,
2556 1900 2651 1952 καὶ
2688 1900 2767 1962 εἰς
2798 1898 3040 1971 μεγάλην
3066 1898 3326 1969 αἰσχύνην
3354 1898 3597 1950 ὑπέπεσε

2029 1988 2182 2060 παρὰ
2225 1993 2341 2052 τοῖς
2380 1990 2699 2062 δυναμένοις
2745 1989 2815 2042 τὰ
2858 1989 3030 2061 ἀληθῆ
3072 1992 3355 2043 κατανοεῖν
3404 2004 3464 2040 τε
3503 1987 3598 2040 καὶ

2028 2079 2311 2151 ἀκριδοῦν.
2338 2081 2457 2134 Ἔτι
2490 2082 2599 2153 γάρ
2625 2082 2716 2135 καὶ
2744 2080 2903 2151 δεῦρο
2924 2082 3030 2135 ἀπὸ
3055 2081 3164 2134 τῶν
3188 2081 3292 2152 ὴμε
3303 2079 3409 2152 ρῶν
3437 2081 3586 2132 Κων·

2029 2169 2281 2223 σταντίου
2314 2185 2375 2221 τε
2402 2168 2496 2223 καὶ
2521 2169 2627 2222 τῶν
2643 2168 2736 2223 νῦν
2767 2169 3028 2239 βασιλέων
3059 2169 3244 2239 σαφῶς
3265 2169 3591 2238 ἐλέγχονται.

2030 2255 2177 2320 Ἕως
2226 2256 2323 2327 μὲν
2357 2255 2464 2328 γάρ
2509 2256 2926 2321 Κωνσταντίου,
2960 2259 3024 2310 ἐκ
3061 2257 3154 2311 τοῦ
3202 2259 3389 2325 γένους
3432 2257 3593 2311 αὐτοῦ

2026 2344 2287 2418 Μαρθοῦς
2315 2363 2400 2411 τις
2432 2346 2527 2402 καὶ
2556 2348 2824 2419 Μαρθάνα
2851 2348 2946 2403 δύο
2976 2348 3198 2417 ἀδελφαὶ
3231 2351 3288 2402 ὲν
3319 2351 3385 2420 τῇ
3416 2346 3593 2401 αὐτῶν

2027 2436 2184 2510 χώρᾳ
2229 2439 2350 2494 ἀντὶ
2397 2439 2534 2495 θεῶν
2576 2440 3038 2512 προσεκυνοῦντο,
3082 2441 3164 2493 ὄτι
3204 2439 3364 2510 δῆθεν
3407 2441 3469 2493 ὲκ
3500 2438 3589 2492 τοῦ

2029 2528 2349 2601 σπέρματος
2387 2530 2481 2585 τοῦ
2535 2532 2931 2603 προειρημένου
2972 2531 3158 2596 Ἦλξαῒ
3200 2531 3459 2603 ὑπῆρχον.
3496 2530 3592 2584 Τέ-

2028 2619 2194 2692 θνηκε
2227 2621 2286 2675 δὲ
2309 2624 2343 2693 ἡ
2382 2621 2643 2694 Μαρθοῦς
2685 2623 2792 2694 πρὸ
2836 2623 3017 2692 ὀλίγου
3059 2622 3153 2676 τοῦ
3188 2624 3399 2695 χρόνου.
3439 2625 3593 2694 Μαρ-

2028 2710 2166 2766 θάνα
2196 2711 2253 2766 δὲ
2284 2714 2365 2777 εἰς
2391 2713 2471 2767 ἔτι
2496 2712 2657 2783 δεῦρο
2678 2713 2923 2786 ὑπῆρχεν
2960 2710 3034 2772 ὧν
3060 2718 3153 2770 καὶ
3180 2717 3247 2771 τὰ
3281 2717 3590 2785 πτύσματα,

1971 2865 1994 2885 .
2027 2800 2122 2854 καὶ
2149 2801 2221 2856 τὰ
2258 2802 2395 2858 ἄλλα
2437 2803 2530 2858 τοῦ
2566 2804 2818 2878 σώματος
2856 2806 3001 2878 ρύπη
3041 2808 3371 2882 ἀπεφέροντο
3409 2808 3457 2856 οἱ
3494 2821 3588 2856 πε·4

2026 2893 2361 2965 πλανημένοι
2388 2897 2650 2968 αἱρετικοὶ
2679 2899 2738 2951 ὲν
2775 2897 2957 2968 ἐκείνῃ
2985 2901 3047 2968 τῇ
3079 2898 3249 2968 χώρᾳ,
3272 2896 3430 2967 δῆθεν
3453 2895 3588 2965 πρὸς

2028 2982 2283 3053 ἀλέξησιν
2324 2983 2668 3055 νοσημάτων.
2714 2985 2788 3036 Οὐ
2834 2984 2940 3054 μὴν
2997 2987 3280 3056 ἐνήργουν.
3328 2981 3487 3037 Ἀλλὰ
3532 2979 3591 3033 τὸ

2027 3070 2440 3143 πεπλανημένον
2462 3071 2689 3141 σοόαρδν
2709 3072 2814 3136 ἀεὶ,
2839 3074 2932 3125 καὶ
2954 3073 3089 3144 πρὸς
3119 3074 3333 3142 ἀπάτην
3351 3070 3590 3142 ἓτοιμονι

2026 3162 2238 3232 Τυφλὸν
2267 3162 2377 3235 γὰρ
2412 3165 2445 3235 ἡ
2499 3163 2694 3231 κακία,
2741 3167 2837 3217 καὶ
2878 3162 3133 3217 ἀσύνετον
3168 3166 3200 3234 ἡ
3239 3165 3435 3234 πλάνη.
3479 3163 3586 3215 Kal

2026 3253 2131 3317 ἓως
2178 3253 2280 3307 ποῦ
2325 3254 2724 3327 κατατρίὅομαι
2761 3253 2829 3309 τά
2865 3255 2994 3326 περὶ
3033 3255 3126 3307 τοῦ
3154 3253 3349 3324 γόητος
3394 3251 3588 3306 τούτου

2026 3342 2425 3415 φθεγγόμενος,
2466 3346 2566 3400 ὅσα
2606 3361 2663 3398 τε
2710 3345 2851 3398 κατὰ
2888 3345 2987 3415 τῆς
3030 3344 3282 3415 ἀληθείας
3326 3342 3583 3412 κατεψεύ·

2024 3451 2185 3500 σατο;

2090 3616 2164 3668 Γ’.
2217 3614 2437 3686 Πρῶτον
2488 3615 2586 3686 μὲν
2637 3615 2902 3669 διδάσκων
2954 3617 3403 3688 ἁπαρνησιθεῒαν,
3463 3596 3587 3671 καθὂ

2023 3703 2309 3777 ύπόκρισιν
2334 3704 2602 3777 βδελυρῶν
2632 3700 2830 3758 θυσιῶν
2859 3705 3419 3780 τῆςεῑδωλολατρείας
3454 3718 3586 3779 μετ-ἶ

2022 3795 2169 3867 έχειν
2194 3795 2387 3865 λέγων·
2412 3795 2600 3849 ἔπειτα
2620 3795 2678 3849 δὲ
2703 3796 2926 3850 ἀπατῶν
2946 3796 3071 3861 τοὺς
3099 3797 3394 3860 ἀκούοντας
3414 3799 3586 3867 ἀρνεῖ-

2022 3885 2146 3941 σθαι
2174 3887 2271 3959 τῆν
2305 3886 2439 3940 ἰδίαν
2460 3887 2641 3941 πίστιν
2661 3888 2909 3959 στόματι,-
2925 3889 3017 3941 κα“ι
3048 3888 3121 3961 μὴ
3146 3889 3289 3959 ἔχειν
3315 3887 3584 3958 ἁμαρτίαν

2020 3979 2275 4048 φάσκων·
2305 3978 2379 4043 ὡς
2419 3975 2557 4032 εἶναι
2581 3979 2947 4052 ἀθεράπευτον
2984 3979 3044 4034 τὸ
3076 3980 3253 4035 αὐτῶν
3274 3968 3463 4044 πάθος,
3489 3979 3583 4033 καὶ

2024 4069 2099 4141 μὴ
2158 4070 2455 4140 δυνάμενον
2494 4070 2876 4141 διορθωθῆναι.
2930 4071 2994 4124 Et
3047 4070 3155 4144 γὰρ
3203 4071 3265 4125 τὸ
3305 4070 3476 4141 στόμα
3522 4062 3585 4124 τὸ

2018 4159 2313 4249 ὁμολογοῦν
2352 4158 2450 4231 τὴν
2489 4159 2746 4230 ἀλήθειαν
2781 4161 3232 4232 προετοιμάζεται
3261 4163 3340 4225 εἰς
3366 4162 3583 4231 ψεῦδος,

2017 4246 2130 4320 ἆρά
2154 4266 2217 4318 γε
2237 4249 2321 4313 τίς
2341 4249 2525 4313 αὐτοῖς
2555 4249 2936 4320 ὲμπιστεύσειε
2959 4252 3057 4322 τὴν
3085 4251 3310 4322 καρδίαν
3338 4251 3411 4322 μὴ
3437 4251 3583 4322 ἔχειν·

2014 4341 2407 4412 ὴπατημένην;
2433 4341 2593 4395 ὁπότε
2620 4342 2913 4414 διαρρήδην
2940 4341 3229 4410 ὲκφάσκων
3265 4341 3295 4394 ὁ
3323 4341 3461 4405 θεῖος
3490 4339 3581 4395 λό-

2016 4450 2112 4502 γος
2140 4434 2199 4487 ὲν
2228 4433 2509 4504 Πνεύματι
2551 4433 2693 4504 άγίῳ
2734 4433 3023 4495 διδάσκων,
3070 4434 3188 4486 Ὀτι
3227 4433 3442 4502 καρδίᾳ
3484 4449 3582 4485 πι-

2016 4526 2292 4582 στεύεται
2335 4527 2423 4590 εἰς
2456 4522 2872 4590 δικαιοσύνην,
2904 4523 3152 4592 στόματι
3178 4522 3247 4575 δὲ
3280 4523 3582 4592 ὁμολογεῖ-

329 4615 399 4668 αά
427 4615 649 4670 salutem
691 4618 1064 4689 consessionem
1098 4619 1217 4688 fieri
1249 4621 1307 4674 ¹?
1337 4619 1602 4679 Praeterca
1632 4625 1908 4681 Christum
1943 4612 1986 4678 Ι)
2017 4639 2108 4676 ται.
2139 4621 2228 4686 εἰς
2253 4617 2576 4688 σωτηρίαν.
2615 4614 2779 4669 Ἀλλὰ
2808 4616 2899 4669 καὶ
2927 4615 3087 4669 πάλιν
3116 4613 3272 4685 δῆθεν
3308 4615 3406 4685 μὲν
3445 4616 3581 4688 Χρι·

336 4709 463 4763 licet
513 4709 732 4763 nomine
777 4710 896 4778 ipso
937 4708 1187 4776 fateatur,
1218 4726 1342 4766 cum
1384 4713 1456 4767 ita
1492 4715 1760 4785 loquitur.
1801 4717 1911 4771 Ma-

327 4811 467 4869 gnus
498 4795 608 4852 Rex
639 4807 724 4852 est
748 4796 1038 4853 Christus:
1071 4807 1249 4852 utrum
1300 4801 1353 4854 id
1386 4808 1564 4855 tamen
1597 4803 1665 4856 de
1691 4801 1911 4860 Christo

324 4885 452 4943 Jesu
486 4885 714 4943 Domino
759 4895 948 4942 nostro
979 4890 1434 4956 pronuntiaverit,
1469 4907 1533 4946 ex
1566 4891 1910 4951 fraudulento

333 4976 425 5030 illo
454 4977 872 5046 adulterinoquc
903 4976 1064 5041 libro,
1097 4994 1258 5048 quem
1290 4979 1357 5033 dc
1381 4983 1539 5052 nugis
1571 4984 1685 5038 suis
1715 4983 1907 5053 edidit,

326 5067 567 5120 nondum
601 5067 1036 5122 animadvertere
1064 5069 1234 5137 potui.
1269 5069 1454 5140 Neque
1480 5073 1624 5127 enim
1649 5074 1791 5129 istud
1819 5075 1907 5130 di-

326 5164 472 5213 serte
504 5156 778 5228 significat
812 5179 825 5212 :
864 5161 958 5215 sed
986 5158 1191 5247 Christi
1232 5176 1431 5216 nomen
1465 5163 1786 5232 simpliciter
1812 5180 1908 5237 ap-

326 5248 512 5319 pellat,
549 5249 703 5318 quasi
730 5250 988 5313 alterum,
1026 5258 1290 5322 quantum
1340 5252 1695 5323 intelligimus
1721 5294 1736 5320 ,
1768 5256 1910 5311 indi-

323 5347 430 5401 cet,
462 5336 570 5410 42
600 5339 682 5392 vel
724 5348 1013 5409 exspectet.
1073 5339 1208 5395 Nam
1266 5349 1320 5396 et
1348 5341 1416 5395 ad
1463 5341 1740 5399 Orientem
1775 5361 1910 5401 con·

322 5442 484 5483 verso
512 5428 664 5482 vultu
714 5431 924 5498 precari
962 5431 1238 5500 prohibet,
1280 5442 1549 5503 negatque
1580 5434 1819 5493 intentos
1850 5437 1904 5492 in

322 5535 441 5578 eam
478 5530 686 5592 partem
727 5537 828 5578 nos
873 5538 995 5578 esse
1022 5534 1308 5592 oportere;
1341 5525 1436 5580 sed
1471 5522 1901 5596 Hierosolymam

399 5679 415 5711 ¹
449 5677 607 5736 Rom.
629 5694 687 5747 Χ,
724 5677 807 5734 10.
883 5682 903 5712 ’
933 5676 1094 5733 Forte
1123 5677 1438 5750 Σαμψαίων.

2018 4713 2141 4767 στὸν
2172 4711 2396 4782 ὀνόματι
2427 4707 2698 4779 ὁμολογεῖ,
2737 4706 2930 4775 λέγων,
2966 4706 3048 4760 δτι
3076 4705 3305 4775 Χριστὸς
3344 4708 3373 4760 ὁ
3406 4705 3579 4776 μέγας

2018 4803 2290 4876 βασιλεὺς,
2329 4802 2392 4855 ού
2425 4801 2532 4872 μὴν
2570 4799 2710 4853 πάνυ
2751 4815 2815 4868 γε
2844 4796 3144 4867 κατείληφα
3171 4797 3235 4850 ὲκ
3269 4797 3370 4868 τῆς
3412 4796 3578 4851 αὐτοῦ

2014 4895 2236 4966 δολερᾶς
2265 4894 2358 4948 καὶ
2379 4891 2905 4964 παραπεποιημένης
2938 4888 3238 4955 συντάξεως
3269 4888 3367 4962 τῆς
3393 4888 3578 4960 βίόλου·

2013 4987 2115 5057 τῆς
2142 4986 2307 5040 αὑτοῦ
2332 4984 2623 5056 ληρωδίας,
2650 4984 2699 5036 εἰ
2721 4981 2848 5053 περὶ
2874 4980 2967 5034 τοῦ
2998 4981 3205 5053 Κυρίου
3230 4981 3382 5052 ἡμῶν
3402 4979 3577 5052 Ἰησοῦ

2015 5075 2254 5149 Χριστοῦ
2284 5076 2622 5147 ὑφηγήσατο.
2655 5072 2792 5127 θῦτε
2815 5072 2923 5144 γὰρ
2942 5070 3101 5125 τοῦτο
3123 5070 3315 5143 ὁρίζει·
3346 5070 3579 5140 Χριστὸν

2014 5169 2071 5223 δὲ
2106 5169 2292 5233 ἁπλῶς
2318 5167 2488 5236 λέγει,
2518 5167 2593 5230 ὡς
2616 5164 2676 5230 ἐξ
2702 5157 2777 5220 ὧν
2807 5163 3213 5236 νατειλῆφαμέν
3247 5177 3366 5214 τινα
3392 5161 3581 5234 ἕτερον

2014 5260 2295 5332 σημαίνων
2340 5261 2373 5331 ἢ
2420 5258 2753 5332 προσδοκῶν·
2803 5256 3001 5312 κωλύει
3042 5255 3151 5327 γάρ
3196 5255 3275 5318 εἰς
3315 5251 3577 5316 ἀνατολάς

2012 5347 2291 5414 εὔξασθαι,
2323 5349 2547 5419 φάσκων
2588 5349 2661 5421 μὴ
2702 5347 2810 5402 δεῖν
2847 5346 3133 5418 προσέχειν
3162 5345 3354 5409 οὕτως·
3386 5345 3479 5398 ἐπὶ
3511 5343 3577 5398 τὰ

2023 5442 2368 5514 Ἰεροσόλυμα
2406 5443 2463 5495 δὲ
2507 5440 2650 5512 ἔχειν
2694 5440 2753 5494 τὸ
2800 5441 3089 5510 πρόσωπον
3123 5437 3188 5492 ἐκ
3220 5440 3436 5491 πάντων
3468 5435 3578 5487 τῶν

2014 5530 2216 5601 μερῶν,
2248 5531 2374 5594 τοὺς
2420 5531 2517 5601 μὲν
2558 5527 2652 5584 ἀπ’
2683 5525 2957 5582 ἀνατολῶν
2995 5528 3074 5592 εἰς
3101 5525 3255 5581 δύσιν
3286 5525 3574 5598 προσέχειν

397 5844 509 5916 (19)
541 5840 643 5898 Διὰ
669 5841 735 5897 τὸ
778 5839 905 5912 'Ina
935 5837 1264 5897 naasioom,
1306 5838 1569 5897 Hebraico
1598 5839 1668 5894 ita
1696 5835 2053 5906 concipienda
2084 5842 2211 5892 sunt
2240 5844 2332 5897 ⁸0:
2365 5819 2479 5902 S'rt,
2521 5836 2600 5890 vri
2633 5840 2765 5900 ἡκ,
2800 5833 2962 5889 virtus
2992 5835 3316 5890 abscondita.
