3850 6517
304 497 406 551 8135

1020 496 1388 553 Attffinsus
1421 496 1763 552 ttffitttcssss
1802 497 1926 551 Ltn.
1971 498 2030 553 ΙΙ.
2076 499 2240 555 ΤΟΜ.
2283 500 2322 554 t.
2366 499 2635 555 ttAEttES.
2670 498 2896 556 xmttt.

3458 505 3566 566 866

302 632 363 669 τε
395 614 489 669 καὶ
516 614 924 685 πραττομένων.
962 615 1177 687 Ἐπειδὴ
1205 617 1314 688 γὰρ
1338 616 1649 688 ἐθαύμασεν
1676 619 1886 689 προφή-
1914 630 1957 685 Α
1990 617 2327 687 quotidianis
2360 634 2574 683 eorum,
2608 618 2702 688 qui
2733 619 3010 684 videntur,
3056 628 3150 670 aut
3179 626 3439 686 aguntur,
3470 633 3565 672 ro-

304 720 423 775 της,
459 704 549 758 διὰ
587 703 912 776 θαυμασμὸν
956 706 1187 761 ἐνταῦθα
1234 706 1404 775 λέγει.
1443 708 1704 777 Γεγόνασι
1737 710 1795 762 δέ
1825 710 1884 760 ἐν
1989 709 2347 775 gitationibus
2368 710 2577 779 majora
2610 717 2940 766 versantem.
2963 708 3102 764 Cum
3129 707 3272 763 enim
3291 705 3563 777 Propheta

303 794 561 850 ἐκστάσει
592 795 641 847 οἰ
692 797 987 867 προφῆται,
1031 796 1131 850 οὐκ
1179 798 1237 849 ἐν
1282 798 1537 852 ἐκστάσει
1583 797 1879 868 λογισμῶν.

303 888 500 957 Γέγονε
530 888 641 959 γὰρ
672 890 764 941 καὶ
797 889 1004 960 Πέτρος
1032 891 1090 942 ἐν
1122 889 1397 954 ἐκστάσει,
1426 890 1546 959 οὐχὶ
1589 890 1667 961 μὴ
1699 907 1879 962 παρα·

300 977 572 1033 κολουθῶν
601 978 677 1050 τῷ
704 978 866 1050 λόγῳ,
897 978 1011 1033 ἀλλ’
1051 979 1193 1052 ὁρῶν
1240 980 1614 1052 καθημερινῆς
1653 982 1881 1035 ἀκολου-

301 1069 422 1133 θίας
449 1070 610 1140 ἔτερα
642 1070 793 1141 παρά
819 1073 931 1133 τοῖς
956 1068 1265 1141 ἀνθρώποις
1294 1068 1568 1142 ὁρώμενα.
1597 1068 1739 1140 ,Eros
1771 1075 1882 1143 γὰρ

300 1159 519 1225 ὀθόνην
539 1157 917 1227 καθιεμένην,
942 1159 1040 1212 καὶ
1072 1159 1271 1212 πάντα
1301 1161 1372 1215 τὰ
1396 1159 1746 1228 τετράποδα,
1781 1162 1880 1216 καί

296 1248 534 1316 ἑρπετὰ,
578 1249 676 1302 καὶ
729 1249 835 1302 τοῦ
885 1250 1148 1317 οὐρανοῦ
1186 1249 1258 1304 τὰ
1301 1252 1543 1306 πετεινὰ
1585 1252 1657 1305 ὲν
1701 1251 1877 1323 αὐτῇ.

302 1342 443 1410 Ὅρα
468 1340 547 1404 δέ,
560 1341 642 1394 ὅτι
664 1340 1080 1412 παρακολουθεῖ,
1104 1338 1388 1414 καίοὐκῆν
1401 1344 1459 1398 ἐν
1472 1344 1725 1399 ἐκστάσει
1741 1361 1876 1417 φρε-

299 1431 404 1484 νῶν
418 1433 447 1484 o
458 1432 611 1498 ἅγιος
625 1431 847 1503 Πέτρος·
865 1434 954 1487 ὅτε
970 1434 1339 1506 γάρῆκουσεν,
1366 1436 1645 1499 Ἀνάστα,
1661 1438 1873 1506 θῦσον,

298 1521 395 1574 καὶ
429 1521 603 1591 φάγε,
639 1525 739 1593 οὐχ
760 1524 835 1588 ὡς
865 1524 941 1595 μὴ
968 1524 1061 1579 τὸν
1093 1525 1219 1596 νοῦν
1269 1528 1579 1599 ἐρρωμένος
1603 1530 1831 1601 ἐπείσθη
1857 1547 1870 1561 ·

294 1612 431 1666 ἀλλὰ
463 1613 598 1684 φησι
628 1614 762 1682 πρὸς
790 1614 881 1668 τὸν
907 1615 1110 1686 Κύριον
1129 1632 1145 1648 ·
1184 1617 1500 1688 Μηδαμῶς,
1535 1621 1711 1690 Κύριε
1729 1638 1744 1654 ·
1768 1623 1872 1675 οῠο

292 1702 507 1757 δέποτε
535 1705 742 1758 κοινὸν
762 1705 799 1773 ἢ
821 1704 1161 1775 ἀκάθαρτον
1181 1708 1465 1777 εἰσῆλθεν
1477 1713 1564 1777 είς
1585 1712 1650 1765 τὸ
1679 1714 1875 1781 στόμα

286 1809 430 1860 μου.
466 1792 577 1845 Καὶ
625 1793 789 1847 Λαὸὶδ
815 1795 845 1847 ὁ
886 1793 1042 1862 ἅγιος
1077 1790 1248 1861 εἶπεν,
1274 1798 1358 1850 ὅτι
1391 1797 1519 1865 Πᾶς
1561 1798 1873 1868 ἅνθρωπος

292 1887 586 1955 ψεύστης.
640 1887 698 1939 'O
729 1886 785 1940 δὲ
809 1886 1005 1956 λέγων,
1036 1888 1229 1942 Εἶπον
1260 1888 1396 1958 ἐγὼ,
1431 1890 1537 1960 ἰδίᾳ
1568 1890 1743 1960 ἔλεγε,
1779 1891 1875 1945 καὶ

1984 800 2256 854 miraculo
2289 808 2434 855 esset
2465 800 2752 862 attonitus,
2781 816 2893 870 prae
2947 798 3310 855 admiratione
3369 798 3446 852 ita
3490 799 3565 853 lo-

1984 898 2145 946 cutus
2193 893 2318 945 est.'
2345 889 2502 956 Quod
2527 904 2658 944 vero
2698 889 2986 959 Propheta:
3024 896 3179 943 extra
3211 903 3273 943 se
3315 887 3458 957 rapti
3488 886 3558 940 ie·

1983 991 2206 1053 guntur,
2257 997 2368 1036 non
2399 982 2480 1036 sic
2537 981 2914 1050 accipiendum
2965 987 3071 1042 est,
3115 979 3273 1049 quasi
3329 978 3563 1032 rationis

1985 1090 2145 1128 usum
2185 1072 2496 1127 amiserint.
2552 1069 2688 1125 Nam
2717 1080 2772 1125 et
2820 1070 3016 1127 Petrtt
3069 1079 3223 1125 extra
3268 1085 3329 1125 se
3371 1077 3562 1139 raptus

1982 1166 2279 1234 aliquando
2312 1165 2538 1226 dicitur,
2574 1177 2683 1218 non
2702 1163 2848 1232 quod
2874 1163 3119 1217 habitum
3141 1162 3287 1215 ultro
3314 1161 3562 1231 citroque

1980 1270 2287 1311 sermonem
2320 1254 2613 1324 ignorarit;
2655 1254 2750 1308 sed
2776 1252 2922 1322 quod
2955 1259 3151 1322 praeter
3179 1250 3561 1321 quotidianum

1979 1333 2141 1402 usuni
2178 1345 2440 1400 nonnulla
2471 1344 2587 1398 lieri
2615 1345 2758 1398 inter
2790 1344 3041 1399 homines
3077 1341 3562 1396 animadverteret.

1989 1438 2130 1492 Vidit
2154 1438 2293 1491 enim
2324 1436 2541 1490 linteum
2564 1434 2874 1499 demissum,
2901 1446 2950 1489 et
2973 1434 3151 1488 onmia
3172 1431 3561 1502 quadrupedia,

1977 1544 2041 1581 oc
2066 1528 2298 1598 reptilia,
2325 1536 2376 1581 et
2427 1526 2545 1581 coeii
2584 1527 2817 1582 volucres
2864 1526 2920 1580 in
2946 1543 3007 1580 eo
3033 1526 3291 1579 contineri
3316 1524 3357 1576 ⁸.
3386 1524 3562 1589 Quam

1977 1634 2143 1690 porro
2173 1634 2297 1690 quae
2321 1618 2640 1675 dicerentur
2672 1618 2857 1673 animo
2871 1617 3198 1688 perceperit,
3229 1630 3331 1669 nec
3355 1629 3386 1669 a
3418 1621 3563 1668 statu

1977 1711 2212 1767 rationis
2243 1712 2458 1766 alienus
2520 1710 2705 1776 suerit,
2777 1724 2846 1765 ex
2903 1723 2970 1763 eo
2996 1715 3153 1779 potes
3212 1706 3561 1770 discernere:

1976 1803 2122 1873 quod
2155 1816 2280 1857 cum
2306 1802 2548 1857 audisset
2580 1819 2595 1856 ι
2630 1800 2820 1871 διῆρε,
2838 1800 3017 1854 occide
3058 1807 3109 1852 et
3135 1796 3422 1860 manduca,
3450 1811 3563 1850 non

1977 1897 2124 1951 illico
2163 1894 2310 1950 velut
2342 1895 2541 1950 mentis
2575 1894 2803 1948 minime
2823 1906 3049 1962 compos
3078 1890 3432 1960 obsequitur;
3463 1887 3562 1943 sed

292 1978 422 2050 περὶ
442 1977 553 2031 τῶν
577 1978 897 2051 ἀνθρώπων,
925 1980 1030 2042 ὅτι,
1060 1979 1236 2050 ἔλεγε,
1256 1980 1572 2036 Ψεύδονται.
1611 1984 1752 2053 'Apa
1777 1983 1874 2035 αὖ·
1906 1970 1949 2025 Β
1977 1989 2054 2043 ita
2078 1985 2312 2042 Domino
2341 1984 2674 2055 respondet:
2699 1983 2875 2049 Absit,
2902 1981 3147 2036 Domine!
3176 1980 3308 2034 nihil
3329 1994 3562 2049 utiquam

290 2069 380 2133 τὸς
407 2069 508 2124 οὐκ
534 2067 805 2138 ἐψεύδετο.
855 2070 1325 2144 Ἐκπληττόμενος
1347 2073 1424 2136 δὲ,
1456 2075 1551 2127 καὶ
1573 2071 1869 2143 θαυμάζων

287 2162 389 2233 τήν
436 2161 602 2216 αὑτοῦ
653 2162 1080 2235 φιλανθρωπίαν,
1128 2165 1224 2218 καὶ
1265 2164 1334 2218 τά
1385 2164 1536 2236 αὐτῷ
1573 2165 1726 2236 παρὰ
1773 2164 1869 2219 τοῦ

288 2250 494 2321 Κυρίου
520 2252 929 2323 κεκηρυγμένα,
952 2252 1378 2324 ἐθαύμαζε-καθ’
1402 2253 1709 2326 ὑπερᾶολήν
1731 2271 1745 2284 ·
1774 2253 1871 2308 καὶ

289 2340 430 2413 ὀρῶν
487 2342 665 2395 πάντα
706 2343 995 2417 ἄνθρωπον
1053 2344 1369 2416 ἐνδεόμενον
1408 2344 1508 2400 τοῦ
1543 2345 1728 2410 ἐλέους
1774 2344 1870 2399 τοῦ

290 2430 449 2495 Θεοῦ,
488 2432 635 2503 μόνῳ
662 2435 851 2505 Κυρίῳ
878 2434 941 2488 τό
971 2434 1256 2504 ἀληθεύειν
1296 2435 1540 2491 ἐπέδωκε
1564 2454 1577 2468 ·
1611 2436 1790 2492 πάντα
1813 2436 1873 2490 δὲ

290 2522 576 2595 ἄνθρωπον
600 2523 707 2578 ὑπὸ
727 2526 1001 2595 ἐπιτίμιον
1031 2525 1173 2594 ἔγνω
1191 2544 1206 2557 ·
1239 2526 1330 2581 ἴνα
1359 2527 1511 2602 δείξῃ
1533 2528 1595 2582 τὸ
1619 2528 1873 2599 ἀληθινὸν

288 2619 515 2691 Πνεῦμα
549 2620 609 2673 τὸ
636 2622 695 2674 ἐν
743 2622 1050 2691 προφήταις
1081 2620 1340 2690 λαλῆσαν,
1371 2620 1469 2673 καὶ
1496 2620 1565 2674 τά
1606 2618 1744 2690 βάθη
1770 2619 1869 2672 αὖ·

287 2714 401 2775 τοῖς
433 2712 789 2782 άποκαλύψαν
840 2713 941 2783 τῆς
968 2711 1062 2765 τοῦ
1105 2711 1240 2766 Θεοῦ
1277 2711 1534 2781 γνώσεως
1576 2710 1673 2763 καὶ
1714 2711 1873 2780 ἀκρι-

290 2801 463 2865 δείας.
507 2803 755 2871 Ἐγένετο
780 2803 838 2857 δὲ
864 2804 958 2857 καὶ
1000 2802 1252 2874 Ἀδραάμ
1283 2803 1343 2855 ἐν
1379 2800 1656 2863 ἐκστάσει,
1686 2800 1787 2854 οὐκ
1814 2802 1873 2853 ἐν

288 2892 543 2945 ἐκστάσει
566 2891 802 2963 φρενῶν,
832 2891 971 2947 ἀλλὰ
996 2891 1251 2946 ἐκστάσει
1279 2890 1471 2960 φόόου.
1509 2888 1744 2942 Ἒὸλεπε
1762 2886 1874 2959 γάρ

289 2981 545 3036 κλίόανον
595 2982 690 3038 καὶ
721 2984 1008 3056 λαμπάδας
1042 2983 1171 3055 περὶ
1219 2982 1319 3054 τήν
1363 2980 1461 3035 τοῦ
1505 2979 1657 3051 ήλίου
1698 2978 1870 3035 δύσιν.
1918 3021 1925 3028 .

287 3073 399 3128 Καὶ
429 3074 581 3130 ἄλλοι
622 3075 899 3152 προφῆται
923 3075 1159 3148 ὁρῶντες
1192 3075 1264 3129 τὰ
1293 3075 1547 3146 ὁράματα
1583 3074 1641 3127 ἐν
1664 3072 1875 3145 διανοίᾳ

288 3165 578 3238 ἐρρωμένη
609 3164 815 3235 ἔλεγον.
864 3166 953 3231 Ὦς
984 3169 1015 3219 ό
1035 3166 1274 3236 Μωῦσῆς
1307 3162 1488 3236 φησίν
1509 3165 1608 3232 (Ξ)-
1646 3165 1872 3234 Ἕμφο·

289 3255 397 3323 δός
424 3259 541 3327 εἰμι
572 3256 674 3311 καὶ
703 3257 1013 3328 ἔντρομος.
1055 3258 1237 3325 Ἔγνω
1269 3254 1326 3308 δὲ
1365 3253 1633 3326 Ἀδραάμ,
1656 3255 1726 3308 τά
1764 3254 1873 3308 ὑπὸ

288 3345 384 3401 τοῦ
413 3348 618 3419 Κυρίου
663 3347 932 3419 λεγόμενα
950 3365 964 3379 ·
992 3345 1320 3402 Γινώσκων
1353 3344 1578 3416 γνώσῃ,
1602 3345 1691 3399 ὅτι
1721 3347 1873 3416 πάρ·
1899 3314 1944 3372 C

292 3457 464 3496 otxcr
500 3440 672 3495 ἔσται
701 3440 766 3495 τὸ
791 3438 1033 3509 σπέρμα
1077 3454 1200 3502 σου
1229 3438 1303 3491 ἐν
1339 3436 1419 3507 γῆ
1447 3437 1737 3506 ἀλλοτρίᾳ
1768 3439 1873 3507 ἐτη

291 3534 664 3603 τετρακόσια.
693 3532 807 3587 Καὶ
827 3531 983 3605 ὁρᾷς,
1010 3528 1087 3594 ὡς
1115 3529 1231 3582 ἐστι
1258 3528 1329 3582 τὰ
1355 3528 1531 3581 πάντα
1556 3530 1615 3581 ὲν
1644 3528 1900 3601 ἀληθεία,

293 3627 442 3691 ἰδεῖν,
473 3624 624 3697 παρὰ
649 3627 764 3690 τοῖς
803 3624 1117 3695 προφήταις
1154 3619 1443 3693 εἰρημένα,
1473 3619 1570 3672 καὶ
1599 3620 1658 3672 ἐν
1702 3620 1877 3691 ἐρρω·

294 3718 432 3791 μένῃ
459 3718 689 3787 διανοίᾳ,
717 3718 812 3769 καὶ
845 3717 903 3766 ἐν
952 3714 1192 3779 σώφρονι
1236 3711 1507 3778 λογισμῷ,
1561 3711 1657 3762 καί
1681 3711 1782 3763 οὐκ
1820 3714 1876 3765 ἐν

291 3805 671 3879 παραπληξίᾳ.

1973 2089 2248 2130 commune
2304 2073 2384 2128 oei
2435 2073 2766 2127 immundum
2816 2071 3038 2125 intravit
3084 2071 3141 2124 in
3192 2087 3250 2125 os
3288 2085 3461 2123 metum
3513 2075 3559 2122 ⁸.

1972 2163 2134 2231 Quod
2166 2172 2350 2220 autem
2380 2164 2450 2219 ad
2480 2162 2740 2219 Davidem
2764 2162 2983 2228 attinet,
3016 2162 3112 2233 qni
3144 2161 3325 2217 dixit:
3371 2158 3562 2215 Omnia

1972 2258 2132 2311 homo
2160 2254 2423 2319 mendox:
2446 2270 2574 2310 cum
2613 2254 2817 2323 adjecit
2845 2269 2859 2304 :
2887 2252 3001 2326 Εςο
3044 2252 3179 2317 dixi,
3216 2251 3472 2323 privatim
3504 2257 3562 2305 et

1972 2363 2039 2404 ex
2087 2362 2187 2403 sua
2243 2361 2481 2417 persona
2534 2346 2756 2403 loeutus
2782 2352 2890 2413 est,
2938 2352 2999 2400 ut
3043 2344 3260 2400 mentiri
3309 2342 3561 2397 homines

1974 2440 2289 2504 affirmaret,
2323 2438 2595 2495 mendacii
2628 2440 2747 2511 ipse
2801 2449 2949 2498 esset
2996 2455 3214 2511 expers.
3257 2437 3366 2493 Sed
3401 2437 3565 2492 nimi·

1973 2547 2097 2587 rum
2129 2529 2225 2586 Dei
2270 2532 2663 2603 benignitatem
2708 2532 3064 2588 vehementer
3094 2531 3392 2586 admiratus
3430 2536 3561 2596 est;

1973 2635 2089 2679 tum
2113 2625 2260 2695 quod
2291 2625 2534 2680 numinis
2555 2624 2738 2679 afflatu
2759 2625 3159 2695 quamplurima
3173 2623 3302 2678 olim
3332 2628 3562 2678 ventura

1974 2714 2346 2785 praedixisset;
2378 2728 2616 2785 cumque
2648 2715 2928 2771 universis
2957 2714 3274 2770 bominibus
3305 2726 3565 2768 necessa-

1972 2805 2112 2858 riam
2145 2818 2270 2859 esse
2300 2802 2394 2859 Dei
2422 2804 2860 2859 misericordiam
2896 2813 3163 2867 cerneret,
3193 2803 3301 2859 suli
3329 2801 3565 2857 Domino

1973 2899 2258 2951 veritatem
2316 2895 2591 2959 attribuit,
2623 2908 2688 2949 ac
2730 2896 2992 2950 mortales
3042 2909 3232 2950 omnes
3277 2893 3565 2964 repreben-

1974 2983 2120 3041 sioni
2168 2984 2436 3040 obnoxios
2492 3000 2619 3040 esse
2676 2985 3090 3055 pronuntiavit;
3150 2990 3209 3039 ut
3257 2997 3447 3038 verum
3500 2981 3563 3037 in

1974 3076 2264 3147 prophetis
2304 3077 2550 3131 locutum
2580 3091 2706 3132 esse
2735 3075 3001 3147 Spiritum
3047 3076 3384 3141 ostenderet,
3407 3088 3562 3129 cum·

1975 3183 2082 3237 que
2113 3166 2185 3222 iis
2212 3167 2479 3224 altissima
2508 3167 2711 3222 divinae
2755 3166 2923 3239 409
2955 3165 3289 3237 cognitionis
3329 3177 3562 3219 accura-

1977 3266 2155 3329 taeque
2177 3258 2424 3313 scientia
2469 3272 2671 3313 arcana
2718 3258 3179 3314 communicasse.
3209 3257 3562 3312 Abrahamtts

1977 3348 2167 3405 itidem
2219 3356 2379 3403 extra
2424 3363 2485 3404 se
2517 3348 2692 3404 fuisse
2760 3356 2954 3418 raptus
3008 3347 3297 3413 scribitur,
3352 3363 3464 3402 non
3492 3354 3554 3403 nt

1974 3440 2144 3495 animi
2214 3440 2487 3510 impotens
2519 3451 2687 3502 esset,
2732 3440 2828 3495 sed
2878 3440 3149 3496 duntaxat
3199 3440 3394 3496 timore
3434 3452 3559 3509 per-

1971 3531 2183 3588 culsus.
2217 3529 2362 3586 Vidit
2385 3531 2531 3586 enint
2554 3532 2659 3586 sub
2683 3530 2816 3586 solis
2831 3540 3091 3585 occasum
3119 3528 3395 3583 clibanum
3423 3542 3550 3581 eunt

1973 3620 2343 3691 lampadibus.
2412 3620 2726 3690 Eodemque
2787 3622 2950 3677 modo
2986 3618 3287 3690 -prophetae
3345 3619 3581 3680 caeteri,·

1974 3729 2101 3767 cum
2136 3713 2353 3781 objecta
2390 3712 2495 3766 sibi
2549 3712 2666 3767 visa
2701 3720 3013 3775 cernerent,
3048 3711 3106 3765 in
3136 3708 3328 3765 eodem
3356 3710 3559 3764 inentis

1976 3804 2161 3874 rigore
2215 3803 2598 3872 perstiterunt.
2661 3801 2752 3858 Sic
2804 3804 2952 3858 enim
3018 3801 3236 3875 Moyses
3291 3799 3555 3856 dicebat:

293 3899 503 3955 Timore
552 3893 827 3964 perculsus
892 3907 1009 3946 rum
1054 3908 1116 3945 ac
1158 3890 1406 3945 cohorrui
1438 3890 1480 3946 ³.
1511 3889 1857 3949 Abrahamus
1897 3910 2030 3949 vero
2065 3909 2186 3964 qttae
2213 3910 2245 3948 a
2273 3894 2505 3950 Domino
2535 3902 2662 3949 sunt
2696 3894 2842 3948 dicta
2904 3896 3185 3964 percepit:
3236 3891 3380 3948 Scito
3426 3905 3563 3961 pra·-

293 4005 533 4048 noscens‚
586 3982 722 4054 quod
773 3983 1105 4053 pereqrinum
1138 3977 1378 4051 [uturum
1422 3982 1493 4036 είι
1548 3998 1719 4037 senten
1773 3992 1920 4038 tuum
1979 3987 2035 4039 in
2090 3995 2235 4040 terra
2287 3987 2467 4039 aliena
2520 3986 2678 4039 αηιιίε
2727 3985 3123 4057 quadrinyentt's
3176 3984 3219 4038 ⁸.
3264 3981 3384 4037 Jatn
3422 3979 3559 4035 illm}

296 4078 733 4132 animadvertere.
800 4083 855 4129 te
905 4084 1055 4146 puto,
1088 4090 1210 4145 qnae
1256 4090 1286 4129 a
1322 4074 1603 4147 prophetis
1631 4077 2068 4146 pronuntiantur
2121 4078 2331 4142 omnia,
2388 4084 2441 4132 et
2504 4089 2632 4131 cunt
2691 4075 2884 4131 eadem
2931 4076 3098 4130 animi
3151 4073 3440 4146 praeseutia
3501 4079 3560 4125 et

297 4187 420 4224 runt
461 4179 609 4225 certa
636 4184 698 4223 ac
730 4169 982 4239 prudenti
1018 4170 1229 4225 ratione
1258 4169 1515 4241 proferri.

370 4265 450 4317 ll'.
477 4263 541 4316 Ei
585 4262 642 4314 δέ
682 4262 775 4314 καὶ
819 4260 981 4314 πάλιν
1012 4260 1297 4331 θελήσουσι
1335 4260 1535 4331 λέγειν·
1578 4263 1691 4333 Οὐχ
1721 4264 1885 4333 ὅμοια

185 4343 195 4354 ’
292 4359 363 4411 τὰ
408 4354 603 4427 πρῶτα
649 4352 965 4426 χαρίσματα
1005 4354 1120 4417 τοῖς
1166 4353 1415 4423 ἐσχάτοις
1440 4370 1455 4384 ·
1518 4354 1683 4409 πόθεν
1728 4353 1888 4408 τοῦτο
1985 4347 2170 4417 priora
2199 4362 2309 4402 non
2345 4346 2518 4402 fuisse
2551 4347 2786 4412 similia:
2821 4346 3147 4416 quibusnam
3183 4346 3237 4402 id
3272 4361 3561 4419 argumen-

295 4449 478 4519 ἔχουσι
506 4445 709 4512 δείξαις
762 4444 995 4515 Ὁμοίως
1036 4442 1146 4516 γὰρ
1190 4443 1440 4516 ἀλλήλοις
1482 4447 1533 4498 οἱ
1564 4445 1709 4513 ἅγιοι
1749 4462 1886 4516 προ-

2053 4252 2188 4309 vttt.
2231 4253 2389 4321 Quod
2415 4255 2460 4311 si
2494 4254 2627 4310 illud
2656 4252 2942 4323 objiciant,
2970 4254 3367 4325 posterioribus
3390 4256 3556 4313 donis

1982 4440 2056 4494 tis
2080 4437 2357 4494 efficient-⁴?
2381 4438 2545 4493 Certe
2579 4438 2728 4493 enim
2773 4437 3052 4508 propbeta
3089 4452 3302 4503 ornnes,
3334 4446 3390 4493 et
3433 4454 3564 4512 apo-

297 4541 481 4610 ςῆται,
516 4536 615 4592 καὶ
644 4536 695 4589 οι
728 4535 873 4604 ἅγιοι
913 4532 1201 4588 ἀπόστολοι
1240 4537 1672 4605 προεφήτευσαν.
1722 4535 1881 4607 Πρῶ-
1913 4551 1958 4607 ῃ
1986 4529 2113 4585 stoli
2140 4544 2253 4585 non
2293 4529 2550 4585 dissimili
2590 4544 2621 4584 a
2648 4545 2710 4585 se
2747 4530 2982 4584 invicem
3023 4529 3241 4586 ratione
3273 4530 3561 4589 vaticinati

295 4648 386 4684 τον
423 4629 524 4702 μὲν
555 4624 651 4681 οὗν
685 4624 1053 4697 άνερχομένου
1081 4624 1173 4677 τοῦ
1208 4624 1462 4695 Σωτῆρος
1492 4626 1572 4688 είς
1599 4624 1695 4678 τὸν
1723 4626 1886 4697 οὐρα-

300 4723 408 4786 νὸν,
437 4723 534 4777 καὶ
565 4720 766 4782 ἰδόντες
800 4717 928 4780 τοὺς
964 4717 1059 4770 δύο
1090 4718 1218 4776 τοὺς
1252 4717 1311 4769 ἐν
1351 4715 1607 4788 ἐσθήσεσι
1643 4717 1884 4784 λευκαῖς,

298 4812 398 4867 οὐκ
441 4814 500 4865 ἐν
545 4805 901 4882 παραπληξία
939 4807 1170 4879 ὁρῶσιν·
1207 4806 1343 4862 ἀλλὰ
1375 4807 1572 4879 ἤκουον
1596 4809 1883 4882 ἐρρωμένη

298 4909 365 4978 τῇ
394 4905 624 4975 διανοίᾳ,
646 4905 729 4957 ὅτι
769 4901 1010 4970 Ἄνδρες
1038 4901 1374 4957 Γαλιλαῖοι.
1400 4902 1457 4954 τί
1480 4900 1776 4966 ἑστήκατε
1794 4904 1883 4969 εἱς

298 4998 409 5052 τὸν
443 4994 705 5065 οὐρανὸν
745 4992 1150 5059 ‹ires-[Consu
1194 4988 1385 5058 Οὗτος
1426 4996 1458 5046 ὀ
1502 4991 1733 5060 Ἰησοῦς
1779 4992 1882 5060 ἀφ’

300 5088 468 5159 ὑμῶν
494 5092 582 5154 εἱς
624 5088 730 5142 τὸν
771 5085 1031 5155 οὐρανὸν
1061 5083 1450 5153 ἀναληφθεὶς,
1486 5083 1677 5149 οὕτως
1709 5084 1882 5137 ἐλεύ-

302 5198 492 5246 σεται,
521 5183 616 5236 καὶ
642 5181 712 5235 τά
749 5178 897 5250 ἐξῆς.
928 5174 1064 5233 Εἶτα
1085 5178 1145 5232 δέ
1174 5178 1270 5231 καὶ
1296 5179 1326 5231 ὁ
1358 5177 1585 5248 Πέτρος,
1611 5174 1688 5239 ὡς
1724 5174 1881 5245 ἔφην,

303 5273 443 5344 ὁρῶν
476 5274 570 5327 καὶ
603 5270 816 5327 ἁκούων
835 5310 851 5332 ,
898 5269 993 5323 καὶ
1036 5266 1484 5339 ἀποκρινόμενος,
1528 5265 1623 5319 καὶ
1665 5264 1840 5333 λέγων
1860 5305 1875 5329 ,

308 5362 619 5433 Μηδαμῶς,
649 5362 845 5432 Κύριε,
883 5359 1160 5415 εὐσταθῶν
1193 5354 1261 5431 ἦν
1288 5361 1355 5429 τῇ
1386 5355 1611 5426 διανοίᾳ.
1645 5354 1882 5424 Ἀγαὸος

305 5460 412 5530 γὶρ
454 5455 805 5529 προφητεύων
833 5455 1005 5523 ἔλεγε.
1051 5455 1142 5508 καὶ
1183 5451 1325 5505 κατὰ
1372 5452 1647 5522 σχήματος
1676 5449 1884 5520 θαυμα·

1988 4627 2137 4675 sunt.
2166 4619 2221 4673 ln
2251 4619 2447 4688 primis
2473 4635 2601 4675 euin
2636 4621 2976 4676 ascendente
2999 4620 3054 4673 iu
3086 4622 3291 4676 coelum
3326 4620 3561 4677 Domino

1984 4714 2126 4769 duos
2154 4713 2281 4769 illos
2316 4712 2374 4768 in
2414 4712 2660 4769 vestibus
2688 4712 2830 4768 albis
2861 4711 3193 4781 aspicerent,
3232 4726 3342 4766 non
3376 4726 3563 4769 amen·

1981 4814 2068 4863 tes
2098 4804 2406 4875 furiosique
2434 4804 2723 4867 viderunt:
2760 4802 2858 4858 sed
2890 4801 3105 4871 integro
3141 4802 3309 4856 animi
3347 4801 3560 4872 judicio

1981 4899 2180 4969 suique
2206 4905 2493 4967 compotes
2523 4895 2814 4951 audierunt
2842 4913 2858 4950 :
2890 4894 3006 4948 Viri
3026 4892 3407 4965 Galiloei,quid
3436 4903 3555 4950 sto-

1984 4992 2053 5045 tis
2083 4991 2394 5060 aspicientes
2428 4990 2484 5043 t’rt
2510 4988 2695 5042 coelttnt
2717 4989 2743 5043 .’
2781 4985 2887 5041 me
2924 4992 3106 5050 lesus,
3139 4987 3231 5055 qui
3252 4995 3560 5054 maniplus

1978 5090 2059 5136 est
2083 5099 2117 5135 α
2138 5082 2280 5136 robis
2301 5082 2355 5135 in
2379 5081 2585 5144 emtum,
2620 5080 2698 5133 sic
2720 5080 2883 5134 reniet
2911 5080 2955 5142 ⁸,
2977 5085 3083 5133 etc.
3110 5076 3254 5143 Quin
3283 5085 3338 5133 et
3367 5075 3562 5133 Petrus
3600 5065 3609 5076 ⁶

1982 5174 2200 5238 videns,
2238 5174 2321 5229 uti
2345 5175 2553 5228 «lictum
2580 5179 2686 5236 est,
2711 5183 2768 5228 et
2802 5172 3037 5228 audiens
3072 5178 3237 5240 atque
3262 5169 3350 5226 bis
3381 5171 3561 5227 verbis

1986 5264 2332 5336 respondens
2351 5282 2366 5319 ι
2386 5264 2560 5330 Absit,
2576 5263 2797 5318 Domine
2813 5264 2836 5295 ⁸
2853 5264 2868 5317 !
2890 5261 3135 5317 eamdem
3162 5261 3431 5317 retinebat
3448 5264 3563 5317 sni·

1987 5355 2065 5409 mi
2090 5356 2486 5411 constantiam.
2501 5354 2726 5427 Agabus
2745 5352 3005 5410 similiter
3029 5350 3214 5406 afflatu
3240 5346 3562 5423 pro'pbetico

1993 5446 2334 5513 instructus,
2386 5445 2697 5502 admirabili
2739 5443 2980 5516 quodam
3036 5441 3231 5497 babitu
3290 5450 3562 5515 gestuque

378 5616 394 5648 ¹
430 5612 552 5669 Act.
584 5629 637 5677 x,
672 5614 726 5677 ὃ,
755 5611 808 5666 θ.
878 5616 898 5643 ·
935 5610 1066 5665 ibid.
1098 5609 1149 5673 7,
1180 5608 1234 5663 8.
1311 5607 1333 5639 '
1359 5605 1524 5662 Hebr.
1554 5604 1771 5670 xtt,2l.
1843 5604 1868 5635 ⁸
1896 5604 2033 5661 Gen.
2075 5620 2169 5667 xv,
2208 5603 2294 5658 ¹5.
2352 5603 2393 5634 ·⁸
2423 5603 2540 5659 Act.
2575 5618 2614 5667 ι,
2644 5602 2731 5657 ΙΙ.
2809 5603 2832 5634 ⁸
2856 5601 2974 5658 Act.
3000 5593 3055 5667 x,
3092 5602 3174 5657 tt.

374 5788 453 5859 (9.)
482 5788 580 5853 Ὧς
599 5790 633 5843 ὀ
655 5786 916 5856 Μωῦσῆς
936 5802 1143 5857 φησιν.
1172 5785 1327 5853 Quod
1354 5795 1611 5854 tanquam
1637 5800 1668 5839 a
1698 5784 1881 5857 Moyse

308 5859 510 5913 dictum
525 5858 727 5913 Paulus
743 5859 809 5912 ad
832 5858 992 5912 tt.·tn·.
1008 5873 1127 5926 rap.
1150 5872 1225 5911 ιιι
1250 5865 1678 5919 cotnmentorat;
1709 5872 1883 5928 neque

1978 5787 2161 5847 enim,
2209 5790 2267 5838 ιιι
2305 5783 2559 5838 observat
2607 5739 3005 5857 Hieronymus,
3063 5786 3117 5839 in
3165 5784 3266 5839 itae
3316 5767 3576 5850 Epistola

1980 5857 2141 5926 quasi
2186 5856 2256 5911 de
2287 5851 2483 5910 Vetere
2517 5851 2872 5912 'testamento
2926 5855 3302 5927 proteruntur,
3338 5864 3462 5922 qua:
3497 5850 3559 5907 in

309 5945 486 5987 tamen
541 5931 597 5984 in
657 5926 846 5985 Vetere
900 5927 1268 5983 lustrttutento
1335 5926 1552 5998 legitur.
1618 5924 1884 5998 Pleraque
1983 5925 2079 5982 itto
2106 5925 2335 5982 minime
2357 5923 2729 5997 reperiuntur.
