3850 6517
294 510 399 569 53¹1

1035 505 1405 564 ADVERSUS
1443 498 1784 569 nAEREsEs
1822 513 1954 572 [ΑΒ.
1990 514 2033 571 l.
2073 514 2238 572 Tou.
2279 512 2431 572 11.-
2472 508 2751 569 nAEnES.
2783 505 2978 565 ΧΧΧΙ.

294 628 388 684 δύο
410 643 513 681 που
526 624 622 679 καὶ
649 621 818 696 τριῶν
844 621 1038 685 ὄντων.
1063 623 1180 689 πῶς
1214 625 1344 696 περὶ
1371 625 1481 680 τῶν
1504 629 1684 683 αὐτῶν
1709 631 1770 683 οὐ
1802 632 1873 686 τά
1902 635 1946 694 Α
1973 633 2207 688 duorum
2237 633 2321 688 vel
2374 631 2545 688 trium
2580 630 2808 685 istorum
2846 627 3239 692 inconstantia,
3278 632 3443 695 atque
3473 625 3546 681 de

294 718 433 771 αὐτὰ
461 714 737 785 λέγουσιν,
761 710 896 767 ἀλλὰ
919 712 1032 777 τοῖς
1051 713 1340 785 πράγμασι
1363 717 1460 769 καὶ
1478 720 1590 782 τας
1610 719 1869 792 ὀνόμασιν

294 807 514 863 ὲναντία
554 804 971 874 ἀποφαίνονται.
1008 804 1070 859 Ὃ
1120 804 1219 875 μὲν
1246 806 1357 878 γὰρ
1395 808 1609 881 πρῶτος
1641 812 1751 865 ἀπὸ
1770 814 1870 885 τῆς

296 897 597 969 λεγομένης
641 895 949 964 Γνωστικῆς
979 895 1246 967 αίρέσεως
1274 898 1371 961 τας
1399 900 1575 970 ἀρχὰς
1617 903 1698 966 είς
1738 903 1870 957 ἴδιον

298 989 624 1060 χαρακτῆρα
673 986 1042 1041 διδασκαλιῶν
1070 988 1089 1018 ²
1125 987 1475 1060 μεθαρμόσας
1523 992 1872 1059 Οὐαλεντίνος

296 1080 471 1143 οὕτως
527 1062 931 1150 ὲξηροφόρησεν
970 1076 1105 1148 (82),
1143 1078 1468 1151 ὁρισάμενος
1502 1076 1642 1135 εἶναι
1688 1084 1871 1139 Δυάδα

299 1169 683 1238 ἀνονόμαστον,
727 1161 797 1238 ἧς
843 1165 907 1220 τὸ
938 1165 1041 1236 μέν
1074 1183 1130 1219 τι
1176 1166 1459 1223 καλεῖσθαι
1488 1171 1780 1244 ’Δρῤητον,
1807 1173 1870 1228 τὸ

300 1260 357 1313 δὲ
383 1260 567 1329 Σιγήν.
594 1259 825 1312 Ἔπειτα
856 1256 922 1311 ἐκ
949 1256 1155 1329 ταύτης
1176 1259 1378 1323 Δυάδος
1404 1261 1667 1336 δευτέραν
1690 1265 1871 1320 Δυάδα

300 1350 721 1423 προδεδλῆσθαι,
753 1345 825 1423 ἧς
849 1350 913 1403 τὸ
951 1350 1051 1421 μέν
1083 1368 1135 1404 τι
1172 1352 1396 1424 Πατέρα
1424 1354 1698 1427 ὀνομάζει,
1724 1357 1788 1411 τὸ
1812 1357 1870 1411 δὲ

298 1443 600 1514 Ἀλήθειαν.
632 1444 734 1496 Ἐκ
772 1442 830 1496 δὲ
883 1441 984 1514 τῆς
1029 1442 1294 1514 Τετρὰὀος
1340 1446 1542 1517 ταύτης
1588 1466 1870 1521 καρποφο-

302 1534 512 1603 ρείσθαι
544 1533 717 1603 Λόγον
738 1533 833 1587 καὶ
853 1532 1027 1604 Ζωὴν,
1055 1532 1372 1606 Ι’Δινθρωίτεον
1388 1536 1489 1605 psal
1520 1538 1867 1610 Ἐκκλησίαν.

300 1623 455 1679 Εἶναί
488 1642 550 1678 τε
582 1625 783 1697 ταύτην
813 1625 1071 1695 Ὀγδοάδα
1102 1625 1343 1699 πρώτην.
1372 1629 1484 1682 Καὶ
1514 1629 1622 1683 ἀπὸ
1647 1630 1749 1700 μὲν
1772 1629 1869 1684 τοῦ

300 1716 477 1785 Λόγου
500 1716 596 1771 καὶ
614 1717 713 1787 τῆς
744 1716 900 1788 Ζωῆς
924 1716 1056 1771 δέκα
1093 1717 1349 1790 δυνάμεις
1380 1720 1530 1789 λέγει
1562 1721 1870 1794 προδεδλῆ-

301 1811 442 1876 σθαι,
473 1803 655 1875 καθὼς
703 1792 1111 1884 προειρήκαμεν
1135 1829 1152 1845 ·
1184 1814 1295 1868 ἀπὸ
1326 1814 1384 1868 δὲ
1419 1815 1514 1869 τοῦ
1554 1814 1871 1886 Ἀνθρώπου
1900 1798 1920 1835 ¹

1970 722 2161 778 iisdem
2207 737 2319 778 non
2345 720 2536 778 eadem
2581 719 2976 789 pronuntient;
3010 717 3104 774 sed
3132 723 3187 774 et
3218 715 3383 772 rebus
3405 714 3545 786 ipsis

1967 821 2024 872 et
2047 813 2330 872 vocabulis
2374 827 2405 868 a
2434 826 2496 869 se
2543 810 2777 866 invicem
2817 810 3174 870 dissentiant.
3207 808 3423 865 Etenim
3444 809 3543 881 qui

1968 921 2002 963 a
2048 905 2431 962 Gnosticorum
2480 900 2675 957 haeresi
2717 899 3036 970 deprompta
3089 898 3253 971 m
3297 897 3545 970 quaedam

1969 997 2124 1054 initia
2151 997 2359 1068 primus
2380 990 2674 1066 peculiaris
2699 988 2767 1043 ad
2799 996 2963 1045 sectae
2979 987 3211 1042 sormam
3241 987 3544 1051 transtulit,

1948 1088 2296 1145 ¹Valentinus
2357 1086 2435 1140 ita
2479 1080 2713 1139 definiit.
2766 1078 3055 1134 Binarium
3083 1079 3380 1149 quemdam
3425 1077 3548 1134 sine

1967 1180 2192 1237 nomine
2227 1175 2535 1240 constituit,
2559 1187 2627 1229 ex
2652 1170 2889 1226 Arrheto
2927 1175 2984 1226 et
3013 1168 3143 1241 Sige
3177 1175 3548 1243 constantem.

1969 1273 2055 1328 Ab
2083 1272 2189 1327 hoc
2211 1268 2512 1327 secundum
2549 1269 2911 1337 propagatum
2946 1276 3072 1317 esse
3100 1260 3406 1341 Binarium,
3438 1273 3551 1330 quo

1970 1360 2153 1425 Pater,
2185 1375 2252 1416 ac
2303 1354 2519 1415 Verita‘s
2545 1354 2880 1412 continetur.
2911 1350 3052 1408 Tum
3088 1367 3161 1408 ex
3192 1352 3550 1423 quaternario

1971 1453 2210 1510 Verbum
2263 1459 2320 1509 et
2369 1449 2572 1517 Vitam,
2627 1446 2937 1513 Hominem,
2980 1443 3397 1514 Ecclesiamque
3420 1460 3551 1515 pro·

1970 1544 2176 1599 diisset
2207 1542 2350 1598 hanc
2371 1555 2497 1597 esse
2511 1537 2742 1611 primam
2770 1532 3254 1608 ogdoadem.1nde
3274 1550 3342 1591 ex
3368 1533 3553 1591 Verbo

1970 1652 2037 1693 ac
2077 1636 2202 1691 Vita
2265 1636 2454 1691 decem
2515 1628 2844 1703 profluxisse
2892 1629 3147 1695 virtutes,
3196 1642 3335 1699 quas
3387 1636 3550 1684 antea

1972 1726 2282 1783 retulimus.
2304 1724 2387 1779 Ab
2414 1722 2644 1779 Homine
2665 1726 2722 1778 et
2743 1719 2988 1777 Ecclesia
3020 1718 3307 1775 duodecim
3328 1736 3344 1786 ;
3369 1733 3400 1773 a
3429 1718 3553 1788 qui·

1973 1816 2080 1874 hus
2117 1831 2226 1871 una
2250 1814 2532 1884 deficiens,
2566 1810 2927 1886 ordinemque
2966 1807 3230 1865 deserens
3272 1808 3548 1881 reliquum

297 1901 391 1954 καὶ
419 1900 521 1972 τῆς
553 1898 883 1974 Ἐκκλησίας
908 1899 1135 1968 δώδεκα,
1165 1896 1243 1957 ὧν
1272 1904 1400 1975 μίαν
1430 1907 1745 1961 ἀποστᾶσαν
1770 1906 1871 1979 τὴν
1973 1919 2137 1960 omne
2153 1918 2294 1974 opus
2323 1900 2578 1957 absolvit.
2606 1899 2822 1969 Adiecit
2838 1906 2893 1956 et
2917 1896 3249 1955 Horosduos
3269 1898 3548 1970 :alterum

296 2080 469 2148 έθετο,
500 2082 596 2136 ἕνα
626 2082 726 2154 μὲν
780 2084 983 2155 μεταξὺ
1025 2084 1121 2139 τοῦ
1173 2084 1348 2141 Βυθοῦ
1392 2089 1487 2141 καὶ
1536 2087 1633 2142 τοῦ
1675 2087 1867 2144 λοιποῦ

294 2172 684 2244 Πληρώματος,
710 2174 1011 2247 δωρίζοντα
1032 2175 1161 2241 τοὺς
1200 2179 1490 2248 γεννητοὺς
1518 2179 1733 2244 Δίῶνας
1757 2177 1871 2234 ἀπὸ

291 2262 387 2317 τοῦ
427 2265 724 2336 ἀγεννήτου
773 2265 1009 2337 Πατρὸς,
1054 2266 1240 2338 ἔτερον
1282 2268 1342 2323 δὲ
1387 2268 1483 2323 τὸν
1536 2269 1869 2341 ἀφορίζοντα

294 2355 444 2425 αὐτῷ
475 2358 497 2389 ¹
521 2356 620 2426 τὴν
671 2356 903 2429 Μητέρα
940 2358 1051 2413 ἀπὸ
1073 2355 1177 2412 τοῦ
1203 2358 1600 2432 Πληρώματος.
1634 2360 1744 2414 Καὶ
1772 2359 1868 2415 τὸν

296 2443 534 2514 Χριστὸν
558 2445 615 2497 δδ
644 2446 746 2499 οὐκ
774 2446 883 2499 ἀπὸ
914 2447 1024 2501 τῶν
1071 2451 1131 2503 ὲν
1154 2449 1234 2522 τῷ
1277 2450 1617 2525 Πληρώματι
1655 2451 1874 2507 αἰώνων

304 2531 872 2603 προδεδλῆσθαι,ἀλλά
900 2532 1009 2587 ὑπὸ
1039 2536 1139 2608 τῆς
1166 2538 1388 2611 Μητρὸς
1426 2539 1532 2607 ἐξω
1564 2536 1871 2611 γενομένης

301 2622 442 2676 κατὰ
457 2622 558 2695 τὴν
574 2620 798 2696 γνώμην
816 2624 925 2677 τῶν
947 2626 1273 2698 κρειττόνων
1290 2629 1701 2700 ἀποκεκυῆσθαι
1727 2628 1869 2702 μετὰ

300 2715 461 2778 σκιᾶς
490 2731 654 2778 τινος.
690 2714 801 2769 Καὶ
846 2713 1010 2769 τοῦτο
1038 2715 1138 2787 μὲν
1181 2716 1278 2772 ἅτε
1321 2719 1529 2791 ἄρρενα
1557 2721 1869 2793 ὑπάρχοντα

294 2805 648 2875 ἀποκόψαντα
670 2807 763 2876 ἀφ’
788 2805 986 2861 ἑαυτοῦ
1010 2806 1109 2879 τὴν
1130 2808 1312 2875 σκιὰν,
1343 2810 1679 2882 ἀναδραμεῖν
1704 2812 1784 2876 είς
1805 2811 1869 2865 τδ

292 2895 577 2967 Πλήρωμα
601 2913 617 2929 ·
651 2898 754 2969 τὴν
784 2896 854 2954 δὲ
898 2898 1134 2970 Μητέρα
1157 2899 1578 2971 ὑποληφθεῖσαν
1612 2901 1751 2974 μετὰ
1767 2902 1870 2975 τῆς

296 2991 474 3054 σκιᾶς,
490 2988 873 3062 κεκενωμένην
887 3004 950 3043 τε
969 2990 1071 3058 τῆς
1093 2994 1474 3066 πνευματικῆς
1495 2992 1865 3059 ὑποστάσεως,

290 3080 480 3151 ἓτερον
526 3080 642 3136 υίὸν
682 3082 1157 3155 προενέγκασθαι·
1197 3084 1293 3140 καὶ
1338 3085 1529 3140 τοῦτον
1585 3080 1727 3140 εἶναι
1772 3084 1870 3140 τὸν

291 3174 658 3245 Δημιουργὸν,
680 3174 741 3229 δν
767 3175 863 3230 καὶ
892 3178 1306 3250 παντοκράτορα
1341 3177 1495 3247 λέγει
1510 3178 1621 3233 τῶν
1640 3178 1868 3233 ὑποκει-

294 3262 471 3333 μένων
514 3263 557 3318 ⁸.
606 3266 1137 3339 Συμπροόεδλῆσθαι
1188 3255 1421 3340 &hbui
1456 3269 1551 3324 καὶ
1598 3270 1822 3341 ἄριστον
1846 3268 1870 3301 ⁴

293 3353 527 3423 &pm
577 3355 943 3427 ἐδογμάτισεν
967 3358 1313 3429 όμοίως“τοίς
1350 3360 1754 3432 ῥηθησομένοις
1777 3360 1870 3428 ὑφ’
1896 3318 1941 3376 C

182 2048 196 2063 ,
297 1990 496 2062 λοιπὴν
516 1991 899 2063 πραγματείαν
921 1992 1274 2063 πεποιῆσθαι.
1301 1995 1505 2067 Ὅρους
1531 2014 1590 2051 τε
1629 1996 1724 2051 δύο
1764 1995 1870 2051 ὑπ·
1901 1979 1946 2035 Β
1971 1996 2066 2067 qui
2098 1994 2329 2065 Bythum
2365 1992 2509 2047 inter
2534 2005 2604 2045 ac
2624 1988 2876 2046 Pleroma
2915 1989 3188 2061 reliquum
3237 1988 3551 2056 intercedit,

1969 2093 2026 2143 ct
2050 2081 2267 2156 genitos
2323 2081 2530 2138 AEonas
2557 2081 2629 2138 ab
2656 2080 2900 2153 ingenito
2928 2079 3092 2136 Patre
3123 2080 3358 2147 dirimit;
3412 2080 3553 2137 alte·

1967 2191 2091 2233 rum
2136 2174 2231 2245 qui
2292 2172 2521 2228 Matrem
2578 2172 2800 2227 illorum
2829 2185 2862 2227 a
2927 2170 3238 2227 Pleromate
3289 2172 3550 2229 secernit.

1967 2267 2249 2326 Christum
2281 2278 2447 2335 porro
2476 2278 2583 2319 uon
2619 2278 2651 2319 a
2668 2262 2995 2320 Pleromatis
3019 2261 3293 2320 AEonibus
3320 2264 3551 2328 editum,

1968 2360 2066 2417 sed
2099 2357 2169 2412 ab
2195 2354 2400 2413 extorri
2428 2353 2598 2410 Matre
2616 2368 2685 2409 ex
2706 2351 3004 2410 'meliorum
3029 2352 3407 2410 recordatione
3426 2368 3553 2411 cum

1968 2448 2205 2521 quadam
2226 2446 2420 2502 umbra
2448 2451 2817 2517 procreatum.
2843 2443 3238 2517 Eumdemque,
3265 2460 3390 2501 cum
3407 2455 3555 2502 essct

1968 2538 2270 2603 masculus,
2305 2536 2519 2608 abjecta
2543 2552 2574 2592 a
2594 2542 2770 2593 semet
2791 2536 2986 2591 umbra
3004 2536 3072 2591 ad
3096 2534 3348 2592 Pleroma
3375 2549 3559 2591 recur-

1968 2629 2138 2695 risse;
2173 2626 2400 2682 Matrem
2444 2642 2575 2682 vero
2604 2641 2730 2682 cum
2762 2626 2960 2682 umbra
2993 2627 3264 2693 relictam,
3297 2640 3361 2682 ac
3389 2626 3557 2697 spiri-

1968 2721 2063 2775 tali
2088 2717 2399 2775 substantia
2427 2718 2775 2782 exhaustam,
2806 2717 2975 2771 alium
3007 2731 3331 2787 procreasse
3357 2716 3552 2783 fllium,

1966 2807 2222 2864 videlicet
2262 2804 2639 2871 Conditorem,
2680 2805 2768 2860 cui
2818 2805 2877 2860 in
2926 2806 3136 2871 omnia,
3175 2821 3300 2877 quae
3331 2800 3554 2875 quidem

1968 2900 2072 2972 ipsi
2086 2898 2328 2969 subjecta
2350 2896 2847 2961 sunt,dominatum
2864 2911 2928 2952 ac
2949 2903 3267 2966 potestatem
3284 2897 3554 2954 tribuunt.

1968 2992 2104 3049 Cum
2133 2990 2239 3047 hoc
2267 2998 2323 3047 et
2348 2988 2516 3044 alium
2537 2988 2863 3060 productum
2890 3005 3016 3047 esse
3035 2990 3320 3046 sinistrum
3353 2990 3557 3061 prinei·

1969 3098 2092 3155 pem
2116 3082 2416 3139 arbitratus
2435 3088 2521 3137 est
2540 3082 2802 3151 :perinde
2833 3088 2893 3136 ut
2908 3080 3153 3137 Gnostici
3177 3081 3279 3149 illi,
3312 3082 3452 3137 falso
3478 3082 3557 3137 ita

1971 3175 2126 3240 dicti,
2155 3174 2226 3232 de
2257 3173 2458 3246 quihus
2482 3178 2674 3244 postea
2702 3174 2968 3230 dicemus.
3001 3172 3188 3230 Iesum
3221 3189 3386 3245 porro
3415 3190 3556 3230 non·

1971 3280 2258 3339 nunquam
2315 3279 2346 3320 a
2397 3262 2624 3319 Theleto
2657 3263 2753 3317 illo
2793 3264 3037 3335 genitum
3071 3265 3325 3330 affirmat,
3360 3266 3453 3338 qui
3485 3264 3560 3322 al)

1974 3359 2222 3432 ipsorum
2247 3358 2419 3414 Matre
2438 3362 2779 3420 contractus,
2807 3370 3026 3426 unaque
3050 3370 3175 3411 cum
3189 3354 3560 3412 Universitate

298 3441 455 3514 ἡμῶν
474 3442 838 3519 «bammum
864 3447 1213 3512 Γνωπῑκοῖς·
1248 3448 1362 3503 Καὶ
1383 3449 1478 3503 τὸν
1507 3448 1716 3521 Ἰησοῦν
1739 3464 1873 3502 ποτε
1977 3453 2239 3526 profusus
2270 3461 2388 3519 est;
2440 3448 2717 3507 interdum
2762 3449 2832 3505 ab
2859 3464 2947 3515 eo,
2979 3449 3071 3521 qui
3117 3464 3178 3506 se
3204 3448 3275 3505 ad
3305 3448 3559 3506 Pleroma

295 3532 637 3605 μὶνᾶἳὼἲῠῦ
661 3534 1153 3605 πωλίντοξᾶπδ
1176 3539 1280 3610 τῆς
1296 3541 1520 3613 Μητρὸς
1544 3541 1725 3596 αὖπῖὶν
1745 3556 1876 3595 συν·
1976 3544 2272 3616 receperit,
2326 3541 2541 3599 scilicet
2592 3540 2840 3597 Christo.
2875 3540 3029 3596 Alias
3065 3553 3095 3594 a
3122 3538 3348 3595 Christo
3372 3547 3428 3596 ct
3457 3542 3560 3597 Ee-

288 3622 781 3695 αναχνθὲντοςτοῐς
803 3628 951 3694 ὅλοις
986 3629 1395 3704 προδεδλῆσθαί
1435 3648 1591 3701 φασι,
1626 3631 1875 3685 τουτέστι
1980 3632 2169 3689 clesia.
2200 3630 2466 3703 Spiritum
2499 3629 2736 3700 denique
2775 3637 3029 3685 sanctum
3065 3628 3135 3683 ab
3166 3627 3414 3683 Ecclesia
3444 3628 3559 3682 ori·

287 3712 384 3767 τοῦ
412 3713 683 3786 Θῐλητῠῦ·
731 3719 867 3773 ποτὲ
905 3719 967 3774 δὲ
1007 3722 1118 3774 ἀπὸ
1149 3721 1245 3774 τοῦ
1276 3722 1683 3793 ἀναδραμόντος
1709 3723 1787 3785 είς
1812 3721 1875 3775 τὸ
1979 3724 2159 3793 ginem
2188 3722 2425 3777 traxisse
2455 3727 2631 3790 putat,
2654 3729 2710 3775 et
2741 3719 2809 3774 ad
2851 3715 3343 3774 examinandosac
3369 3718 3558 3772 secun·

289 3804 593 3879 Πλήρωμα,
651 3811 903 3862 τουτέστι
941 3810 1038 3863 τοῦ
1068 3810 1343 3880 Χριστοῦ·
1375 3813 1509 3864 ποτε
1535 3812 1595 3865 δὲ
1629 3812 1739 3865 ἀπὸ
1774 3811 1871 3867 τοῦ
1978 3810 2151 3866 ditate
2194 3808 2486 3865 donandos
2536 3804 2746 3863 AEonas
2790 3806 3019 3872 editum,
3059 3821 3184 3862 cum
3221 3807 3280 3862 in
3325 3807 3451 3864 illos
3480 3807 3558 3863 ita

303 3897 619 3967 Ἀνθρώπου
648 3901 743 3952 καὶ
757 3900 859 3969 τῆς
899 3899 1247 3971 Ἐκκλησίας.
1265 3900 1374 3955 Καὶ
1398 3902 1460 3957 τὺ
1483 3902 1708 3974 Πνεῦμα
1726 3902 1783 3958 61
1805 3902 1868 3957 τὸ
1974 3902 2258 3965 subiisset,
2288 3906 2349 3955 ut
2388 3897 2559 3970 aspici
2600 3897 2752 3956 nullo
2778 3898 2940 3953 modo
2972 3907 3194 3969 posset;
3223 3898 3385 3970 cujus
3416 3898 3557 3956 adeo

293 3988 448 4055 ἅγιον
501 3988 608 4041 ὑπὸ
655 3992 755 4060 τῆς
780 3989 1110 4063 Ἐκκλησίας
1163 3993 1298 4063 φησὶ
1335 3992 1737 4067 προδεδλῆσθαι
1784 3995 1867 4059 είς
1970 3992 2075 4062 ipsi
2101 3990 2368 4048 beneficio
2389 3990 2637 4047 veritatis
2663 3989 2864 4060 stirpes
2896 3992 3175 4047 emittunt.

297 4080 587 4151 ἀνάκρισιν
641 4081 733 4136 καὶ
785 4085 1164 4158 καρποφορίαν
1200 4086 1312 4141 τῶν
1344 4085 1590 4157 Αίώνων,
1640 4087 1889 4159 ἀοράτως
1947 4086 2031 4151 είς
2085 4084 2281 4150 αὐτοὺς
2308 4082 2507 4137 είσιόν·
2536 4080 2607 4137 δι’
2647 4072 2711 4136 οὗ
2760 4082 2888 4147 τοὺς
2933 4082 3149 4148 Δίῶνας
3187 4082 3558 4157 καρποφορεῖν

298 4176 367 4230 τὰ
397 4175 544 4257 ιρυτά
570 4176 669 4248 τῆς
698 4175 972 4250 ἀληθείας.

292 4292 722 4361 Πεπλήρωνται
772 4292 848 4349 τὰ
871 4296 1193 4367 Είρηναίου
1236 4299 1391 4356 κατὰ
1430 4299 1870 4356 Οὐαλεντίνων.

360 4399 486 4460 A1’.
510 4402 620 4459 Καὶ
636 4404 811 4461 ταῦτα
830 4408 931 4479 μὲν
954 4408 1050 4463 καὶ
1070 4408 1140 4465 τὰ
1153 4410 1381 4467 τοιαῦτα
1405 4412 1435 4467 ό
1463 4411 1873 4485 προειρημένος

291 4496 433 4569 ἀνὴρ
454 4497 764 4573 πρεσδύτης
810 4501 1122 4573 Εἰρηναῖος,
1143 4504 1173 4557 ό
1196 4503 1339 4560 κατὰ
1380 4505 1563 4561 πάντα
1587 4506 1658 4558 ὲκ
1698 4502 1871 4558 Πνεῦ-

298 4671 387 4727 εοῦ
434 4673 643 4745 Κυρίου
691 4675 1154 4749 προδεὸλημένος,
1211 4680 1308 4734 καὶ
1359 4680 1709 4750 ὲπαλειφθεὶς
1758 4683 1872 4747 τοῖς

292 4761 633 4834 ἱστουρανίοις
652 4765 954 4837 χαρίσμασι
975 4767 1089 4831 τοῖς
1113 4767 1255 4822 κατὰ
1271 4769 1371 4840 τὴν
1402 4768 1661 4842 ἀληθινὴν
1688 4770 1871 4827 πίστιν

293 4850 390 4907 καὶ
408 4851 632 4922 γνῶσιν,
679 4855 1096 4922 καταπαλαίσας
1126 4874 1187 4911 τε
1225 4858 1321 4912 καὶ
1358 4861 1873 4932 καταγωνισάμενος

294 4943 392 5015 τὴν
420 4944 606 4999 πᾶσαν
661 4945 840 5001 αὐτῶν
872 4946 1089 5021 ληρώδη
1122 4936 1401 5019 ὑπόθεσιν,
1448 4951 1693 5022 διεξῆλθε
1728 4951 1874 5007 κατὰ

292 5033 450 5104 λόγον
469 5036 540 5090 τὰ
570 5034 664 5090 ὑπ’
688 5037 866 5092 αὐτῶν
920 5043 1393 5113 κενοφωνούμενα.
1458 5043 1763 5117 ’Δκρότατα
1813 5044 1873 5100 δὲ

294 5126 487 5192 αὐτοὺς
501 5129 562 5183 ὲν
586 5128 817 5201 τῳκέξῆς
837 5130 1071 5205 δευτέρῳ
1086 5133 1246 5189 αὐτοῦ
1278 5134 1422 5207 λόγῳ
1446 5138 1677 5203 καὶτοῖς
1693 5138 1874 5202 ἄλλοις

294 5215 539 5288 διήλεγξε
585 5220 1006 5292 περιττοτέρως,
1035 5221 1355 5295 βουλόμενός
1404 5243 1525 5291 πως
1560 5227 1653 5282 τὸν
1694 5229 1874 5299 χαμαὶ

295 5308 543 5379 ῥιφέντα,
578 5310 671 5363 καὶ
696 5311 777 5375 είς
793 5306 964 5384 ἧτταν
991 5315 1272 5386 τραπέντα
1304 5314 1487 5390 σῦραι,
1516 5320 1611 5373 καὶ
1642 5319 1874 5375 ἐνώπιον

295 5398 516 5453 πάντων
558 5396 925 5471 θριαμόεῦσαί
980 5420 1042 5455 τε
1088 5405 1186 5458 καὶ
1208 5403 1460 5475 φωράσαι
1499 5406 1601 5478 τὴν
1634 5408 1695 5460 ὲν
1724 5407 1874 5480 αὐτῷ

302 5487 372 5560 τῷ
419 5488 630 5560 ριφέντι
677 5492 1031 5564 ἀναίσχυντόν
1061 5510 1121 5547 τε
1151 5494 1245 5547 καὶ
1288 5494 1488 5567 ἀσθενῆ
1538 5497 1875 5569 προῦκλησιν

296 5580 793 5660 μταωφροσύνης,
850 5583 1043 5656 Ἡμεῖς
1104 5584 1193 5652 δὲ,
1245 5584 1605 5657 ἀρκεσθέντες
1653 5590 1768 5654 τοίς
1808 5606 1869 5646 τε

2156 4282 2327 4341 nacte
2367 4302 2429 4340 ιιι
2455 4281 2695 4340 lrmaeas
2722 4290 2909 4339 contra
2958 4282 3379 4344 Valentinianos.

2047 4400 2288 4458 xxxin.
2369 4415 2447 4456 aec
2467 4408 2636 4472 atque
2664 4398 2752 4455 his
2769 4398 2968 4455 similia
3007 4399 3248 4470 optimus
3276 4401 3369 4460 ille
3385 4419 3557 4461 senex

1975 4492 2218 4549 lrenaeus
2257 4492 2484 4547 totidem
2522 4489 2706 4549 verbis
2735 4490 2805 4547 de
2836 4490 3153 4557 vanissimis
3186 4493 3404 4550 illorum
3440 4497 3552 4567 opi-

169 4611 175 4616 ·
293 4601 463 4656 ματος
486 4585 641 4654 ἁγίου
660 4591 1097 4661 κεκοσμημένος,
1128 4584 1207 4656 ὡς
1224 4595 1471 4663 γενναῖος
1491 4592 1735 4665 ἀθλητὴς
1763 4592 1871 4647 ὑπὸ
1900 4617 1948 4673 D
1975 4583 2235 4640 nionibus
2258 4582 2537 4647 disseruit,
2572 4581 2733 4653 205
2762 4583 2848 4637 vir
2865 4584 3094 4640 omnino
3117 4583 3356 4657 Spiritus
3381 4586 3555 4643 sancti

1975 4678 2136 4734 donis
2183 4675 2668 4742 instructissimus,
2717 4690 2782 4731 ac
2832 4683 3092 4747 tanquam
3138 4677 3298 4735 [ortis
3354 4681 3555 4737 athleta

1975 4768 2280 4841 productus
2321 4782 2352 4822 a
2388 4765 2642 4832 Domino,
2672 4773 2730 4822 et
2753 4765 3074 4823 coelestibus
3101 4770 3463 4835 ornamentis,
3495 4779 3556 4827 ut

1974 4862 2049 4918 ita
2071 4860 2327 4925 dixerim,
2356 4858 2428 4915 ad
2479 4867 2760 4916 certamen
2797 4865 3128 4931 perunctus;
3173 4861 3267 4932 qui
3320 4861 3555 4918 siucerae

1975 4952 2103 5009 fidoi
2128 4968 2194 5009 ac
2218 4950 2462 5010 scientiae
2498 4950 2770 5022 praesidiis
2801 4951 3025 5007 illorum
3054 4950 3354 5023 prostravit
3393 4966 3554 5008 ever·-

1980 5048 2156 5118 titque
2182 5044 2488 5103 mendacia.
2523 5042 2681 5111 Quod
2701 5044 2756 5099 in
2781 5042 3026 5101 secundo
3057 5044 3198 5100 libro
3230 5059 3296 5100 ac
3321 5059 3556 5115 sequen·

1975 5138 2125 5196 tibus
2182 5120 2304 5194 aliis
2362 5136 2710 5210 potissimum
2736 5136 2985 5209 perl'ecit,
3020 5135 3114 5192 ubi
3159 5136 3283 5191 illos
3305 5136 3553 5197 uberiore

1975 5229 2118 5301 stylo
2140 5228 2445 5285 confutavit
2474 5244 2489 5281 ι
2522 5244 2649 5285 cum
2680 5228 2827 5284 velut
2851 5227 3009 5299 humi¹
3041 5227 3314 5298 abiectum
3373 5243 3440 5285 ac
3461 5246 3554 5286 su·

1975 5328 2226 5390 peratum
2287 5321 2670 5378 adversarium
2732 5320 2973 5384 trahere,
3029 5334 3095 5375 ac
3148 5319 3553 5392 quodammodo

1977 5410 2321 5481 triumphare
2371 5412 2524 5469 visus
2578 5418 2663 5467 est
2688 5411 2846 5476 velle,
2875 5419 2930 5467 et
2961 5411 3233 5484 profligati
3272 5414 3557 5486 nugatorie

1979 5501 2349 5573 impudentem
2383 5507 2558 5574 magis
2610 5516 2774 5574 quam
2805 5501 2999 5560 sortem
3038 5504 3108 5561 ad
3151 5506 3553 5577 provocandum

1976 5589 2263 5648 andaciam
2284 5592 2467 5663 palam
2495 5591 2753 5649 omnibus
2776 5591 3048 5666 detegere.
3080 5591 3193 5652 Nos
3219 5603 3400 5652 autem
3421 5608 3553 5669 par-

371 5735 388 5767 ²
412 5735 551 5792 lren.
577 5736 809 5809 ἀρχαίας
835 5737 1206 5805 διδασκαλίας.
1284 5740 1306 5771 ¹
1330 5740 1473 5798 lren.
1508 5740 1710 5799 αὑτῶν.
1787 5743 1810 5777 ⁸
1840 5744 1988 5802 lren.
2019 5745 2282 5817 ἀποκειμ.
2316 5746 2488 5819 αὐτῷ.
2566 5746 2750 5807 ‘sten-
2774 5717 3080 5826 ἀριστερόν.

371 5896 485 5970 (82)
524 5897 721 5967 οὕτως
741 5896 1207 5972 ἑξηροφόρησεν.
1227 5899 1496 5974 corrupta
1521 5904 1733 5996 vox,·in
1754 5921 1863 5976 qua
1903 5905 2298 5966 divinationem
2326 5892 2560 5972 experiri
2597 5924 2707 5967 non
2738 5918 2916 5968 vacat.
