3850 6517
304 476 407 533 377
899 476 1272 533 ADVERSUS
1314 475 1654 531 nAEREsES
1694 476 1820 530 [ΑΒ.
1865 478 1900 530 Ι.
1948 477 2113 533 Tou.
2155 479 2307 534 n.-
2336 479 2609 538 nAEttES.
2649 481 2885 537 XXVlll.
3451 481 3561 543 3¹18

304 597 466 668 μέρος
495 614 546 650 τι
570 596 664 651 τοῦ
687 595 847 667 έργου
883 593 1134 661 σώζεται,
1155 591 1340 647 οὐκέτι
1368 592 1428 645 τὸ
1457 591 1616 663 ἔργον
1649 592 1870 661 φαῦλον,
1905 601 1950 656 Α
1977 610 2098 648 rum
2134 610 2316 650 causae
2346 604 2494 661 sunt,
2530 612 2721 668 pmnas
2750 599 2954 670 expeti,
2989 598 3318 670 infimasque
3353 599 3564 655 medio-

302 687 401 740 κᾶν
449 703 508 740 τε
562 687 725 758 μέρος
775 686 938 741 αὐτοῦ
968 687 1270 756 σωζόμενον
1309 685 1637 755 εὑρίσκοιτο,
1677 684 1800 737 οὔτε
1829 686 1878 737 οἱ
1987 687 2172 742 eribus
2206 689 2480 758 superatis
2533 690 2598 744 ad
2644 705 2959 760 supremum
3007 692 3251 747 omnium
3282 699 3560 746 auctorem

300 779 627 849 ποιήσαντες
659 779 852 847 φαῦλοι
898 779 988 833 τὸν
1035 777 1341 850 σωζόμενον
1363 778 1778 848 τεχνησάμενοι.
1815 778 1881 830 Et
1987 780 2223 843 evolare,
2276 794 2342 834 ac
2372 780 2680 834 libertatem
2727 782 3031 851 consequi3
3066 783 3170 838 boc
3201 791 3285 838 est
3316 781 3559 846 animas,

301 871 353 924 δὲ
380 872 518 934 ὅλως
553 872 613 938 ἐξ
650 871 896 941 ἀγγέλων
935 873 970 942 ἡ
1013 870 1181 942 ψυχὴ,
1242 870 1338 925 καὶ
1364 869 1572 924 ἄνωθεν
1614 868 1880 940 λαμὸάνει
1986 887 2111 943 quae
2134 872 2186 926 iu
2226 872 2331 925 hac
2366 885 2549 926 rerum
2599 870 2946 925 conditarum
2982 873 3341 928 universitate
3384 870 3565 927 conti-

301 963 530 1032 δύναμιν
560 963 900 1034 παραχθεῖσα
921 980 935 995 ·
959 962 1070 1035 ἄρα
1106 979 1169 1032 γε
1191 964 1240 1017 οἰ
1264 962 1486 1031 ἄγγελοι
1517 960 1678 1015 πλέον
1707 977 1872 1031 σωτη-
1984 971 2202 1019 nentur.
2233 961 2598 1029 Quamobrem
2645 976 2936 1030 supremus
2983 963 3094 1024 ille,
3125 964 3217 1033 qui
3242 979 3339 1020 eas
3372 975 3565 1018 creare

304 1054 424 1125 ρίας
456 1053 754 1121 τεύξονται,
803 1055 886 1109 ὅτι
930 1056 964 1125 ἡ
999 1054 1094 1108 ἀπ’
1127 1053 1307 1107 αὐτῶν
1329 1051 1476 1123 ψυχὴ
1507 1050 1758 1117 σώζεται,
1785 1053 1881 1106 καὶ
1983 1052 2311 1122 nequiverit,
2363 1050 2757 1106 imbecillitatis
2796 1060 3077 1122 arssuetur.
3105 1051 3256 1119 Quos
3297 1053 3414 1123 ipse
3429 1064 3568 1108 vero

303 1140 519 1208 φαύλων
548 1138 701 1197 οὖσα.
738 1140 1060 1214 Σωζομὲνης
1094 1143 1151 1196 δὲ
1190 1142 1385 1212 αὐτῆς,
1433 1142 1617 1195 οὐκέτι
1675 1141 1878 1211 φαῦλος
1982 1143 2323 1213 produxerit,
2352 1142 2621 1212 ejusmodi
2644 1158 2768 1199 esse
2788 1145 3143 1212 videbuntur,
3163 1144 3258 1215 qui
3288 1159 3353 1200 ea
3382 1142 3565 1201 facere

303 1231 425 1285 οὒτε
487 1234 622 1305 αὐτὴ
655 1236 689 1305 ἡ
715 1232 862 1307 ψυχὴ
908 1237 944 1305 ἡ
991 1233 1258 1305 γενομένη
1305 1234 1412 1288 ὑπὸ
1457 1233 1565 1287 τῶν
1605 1234 1875 1303 ἀγγέλων,
1982 1233 2218 1301 possint,
2245 1249 2367 1304 quae
2391 1233 2474 1289 vel
2504 1233 2597 1289 ille
2624 1234 2879 1300 noluerit,
2906 1234 2990 1289 vel
3023 1245 3083 1290 ut
3113 1235 3350 1289 maxime
3378 1232 3563 1301 vellet,

304 1321 422 1375 οὔτε
456 1324 505 1377 οἱ
539 1324 780 1393 ἄγγελοι,
805 1325 864 1391 ἐξ
890 1318 965 1378 ὧν
995 1325 1134 1396 αὐτὴ
1164 1327 1198 1396 ὴ
1226 1323 1375 1396 ψυχὴ
1405 1325 1659 1396 ὑπάρχει.
1982 1322 2163 1379 facere
2222 1324 2373 1379 nullo
2420 1323 2583 1380 modo
2611 1325 2870 1395 potuerit.
2922 1323 3111 1395 Neque
3152 1325 3296 1380 enim
3329 1336 3562 1393 quorum

301 1415 390 1468 ille
438 1415 714 1471 desiderio
764 1425 1003 1483 tenetur,
1031 1433 1096 1473 ea
1134 1419 1238 1488 ipsi
1274 1419 1416 1472 mala
1454 1432 1580 1473 esse
1614 1421 1867 1488 possunt,
1907 1416 1990 1471 vel
2026 1431 2057 1471 a
2090 1417 2249 1471 malis
2279 1415 2566 1486 producta,
2593 1432 2719 1471 nam
2743 1417 2790 1473 si
2819 1416 2959 1471 mala
3001 1422 3161 1480 sunt,
3208 1416 3385 1487 perire
3441 1415 3566 1470 l'un·

301 1510 448 1565 ditus
480 1511 744 1582 oportuit.
771 1512 868 1568 Sin
889 1527 1016 1584 pars
1041 1520 1127 1569 est
1148 1513 1330 1583 operis
1359 1514 1542 1582 aliqua
1578 1511 1870 1579 servanda,
1910 1512 2113 1565 malum
2145 1510 2324 1580 ipsum
2361 1524 2486 1566 esse
2512 1525 2621 1566 non
2653 1517 2854 1581 potest,
2890 1511 2938 1566 si
2991 1511 3077 1565 vel
3107 1509 3230 1579 ejus
3271 1508 3379 1562 ulla
3435 1521 3565 1578 pars

302 1601 452 1654 salva
483 1602 752 1672 reperitur
783 1621 797 1659 ι
829 1617 1005 1673 neque
1033 1604 1247 1674 ipsimet
1277 1605 1518 1659 artifices
1550 1603 1678 1658 mali
1708 1610 1853 1667 sunt,
1896 1603 1990 1674 qui
2012 1617 2135 1657 eum
2157 1602 2251 1672 qui
2282 1602 2589 1658 servandus
2620 1609 2704 1658 est
2736 1601 2940 1658 fuerint
2978 1601 3249 1656 fabricati.
3278 1597 3397 1653 Jam
3425 1598 3473 1653 si
3496 1597 3565 1652 ab

302 1693 512 1763 angelis
537 1695 760 1749 omnino
813 1702 1109 1765 propagata
1163 1697 1234 1750 sit
1274 1696 1479 1761 anima,
1518 1705 1682 1765 atque
1726 1695 1780 1749 in
1808 1695 1984 1748 iucem
2023 1691 2286 1763 producta
2333 1693 2441 1747 vim
2470 1693 2762 1764 quamdam
2792 1693 3014 1747 coelitus
3048 1691 3338 1763 acceperit,
3392 1687 3566 1744 multo

302 1784 471 1855 igitur
521 1789 696 1857 magis
743 1787 975 1844 salutem
1031 1787 1359 1842 obtinebunt
1411 1788 1612 1861 angeli,
1639 1801 1763 1841 cum
1810 1787 1880 1842 ab
1917 1785 2053 1856 ipsis
2086 1786 2271 1841 anima
2327 1786 2492 1840 etiam
2533 1786 2693 1841 malis
2759 1796 3046 1857 procreata
3097 1794 3372 1842 servetur.
3403 1781 3568 1837 Deni-

300 1893 408 1949 que
436 1878 480 1934 si
505 1880 654 1936 satra
681 1892 805 1934 esse
825 1878 1000 1949 possit
1019 1878 1225 1943 anima,
1255 1893 1434 1948 neque
1463 1881 1579 1949 ipsa
1600 1878 1742 1933 mala
1788 1877 1894 1932 erit
1932 1877 2002 1931 ab
2060 1876 2268 1948 angelis
2300 1875 2609 1946 producta3
2647 1891 2828 1946 neque
2870 1875 3071 1948 angeli,
3130 1891 3160 1930 a
3207 1874 3408 1947 quibus
3450 1872 3567 1930 haec

299 1985 478 2032 ortum
519 1973 792 2028 habuerit.

372 2072 452 2124 H'.
492 2070 665 2123 Παντὶ
696 2068 753 2123 δὲ
776 2067 853 2140 τῷ
881 2069 975 2122 τὸν
1005 2067 1129 2123 νοῦν
1159 2069 1471 2142 ἐρρωμένον
1501 2071 1678 2142 ἔχοντι
1703 2068 1884 2125 ίστέον
1915 2082 1958 2137 B
2060 2056 2198 2113 Vm.
2232 2055 2311 2113 Ac
2373 2056 2690 2129 quicunque
2737 2056 2896 2114 ssrmo
2927 2067 2982 2115 et
3025 2058 3299 2115 constanti
3348 2059 3569 2132 ingenio

303 2164 369 2218 ἂν
401 2162 507 2233 εἴη,
533 2164 615 2216 ὅτι
651 2161 833 2226 ἀνοίας
864 2161 983 2216 ἐστὶ
1023 2162 1084 2216 τὸ
1117 2165 1225 2217 πᾶν
1258 2163 1414 2217 τοῦτο
1441 2162 1753 2236 ἀγυρτῶδες
1786 2164 1877 2232 ἑρ-

300 2257 612 2325 γαστήριον.
659 2253 1231 2327 Καταισχυνθήσονται
1273 2255 1332 2310 δὲ
1386 2251 1541 2320 αὖθις
1588 2248 1732 2310 οὗτοι
1783 2252 1880 2307 καὶ

299 2345 407 2398 ἀπὸ
455 2344 562 2397 τῶν
608 2344 784 2398 αὐτῶν
829 2343 1027 2413 λόγων.
1081 2346 1146 2399 Εἰ
1195 2346 1303 2418 γὰρ
1344 2345 1551 2418 Ἰησοῦς
1605 2347 1706 2400 οὐκ
1770 2343 1881 2398 ἀπὸ

302 2436 570 2506 παρθένου
615 2436 856 2507 Μαρίας,
903 2437 1039 2491 ἀλλὰ
1084 2438 1149 2490 ἐκ
1200 2437 1510 2508 σπέρματος
1545 2436 1745 2508 Ἰωσὴφ
1784 2434 1879 2489 καὶ

303 2527 402 2597 τῆς
431 2526 597 2597 αὐτῆς
635 2527 870 2598 Μαρίας,
904 2528 1138 2593 σώζεται
1172 2528 1230 2580 δὲ
1267 2521 1451 2592 οὗτος·
1497 2527 1606 2599 ἄρα
1650 2528 1746 2581 καὶ
1779 2527 1881 2580 αὑ-

303 2619 386 2670 τοὶ
435 2616 766 2689 σωθήσονται
809 2619 858 2671 οἰ
904 2617 1092 2671 τοῦτον
1136 2619 1547 2688 γεγεννηκότες.
1593 2619 1703 2671 Καὶ
1750 2619 1800 2672 εί
1844 2618 1880 2689 ἡ

301 2707 492 2778 Μαρία
518 2708 611 2761 καὶ
657 2708 854 2780 Ἰωσὴφ
887 2708 996 2763 ἀπὸ
1027 2706 1121 2761 τοῦ
1154 2709 1497 2779 Δημιουργοῦ
1527 2709 1881 2781 ὑπάρχουσιν,

298 2800 407 2869 ἄρα
446 2800 536 2852 τὸν
571 2799 916 2871 Δημιουργδν
946 2800 1172 2872 κτίστην
1211 2800 1438 2870 ἔφασαν,
1477 2799 1571 2854 καὶ
1611 2799 1792 2853 οὐκέτι
1825 2800 1883 2852 ὲν

297 2891 636 2962 ὑστερήματι
696 2888 850 2944 ἔσται
900 2894 930 2945 ὀ
984 2890 1077 2945 τὸν
1120 2891 1321 2963 Ἰωσὴφ
1370 2890 1463 2945 καὶ
1508 2891 1608 2959 τὴν
1661 2890 1882 2962 Μαρίαν

297 2980 528 3050 ποιήσας
562 2979 621 3045 ἐξ
655 2974 730 3033 ὧν
771 2983 801 3034 ὁ
850 2980 1058 3052 Ἰησοῦς
1103 2979 1257 3052 παρὰ
1297 2979 1392 3034 τοῦ
1435 2979 1548 3035 ἅνω
1599 2980 1879 3049 ἀγνώστου

300 3070 513 3141 Πατρός
545 3071 798 3143 ὑπάρχει.
830 3073 893 3126 ΕΞ
925 3071 984 3126 δὲ
1009 3071 1107 3127 καὶ
1146 3070 1312 3136 αὐτὸς
1341 3072 1373 3125 ό
1409 3068 1617 3143 Ἰησοῦς
1638 3071 1746 3126 ἀπὸ
1769 3073 1880 3126 τῶν

298 3160 545 3231 ἀγγέλων
573 3161 709 3225 ἐστὶ,
736 3161 830 3215 καὶ
859 3163 888 3215 ὀ
924 3161 1253 3234 δημιουργὸς
1297 3156 1379 3226 εἷς
1417 3162 1532 3215 ἐστι
1577 3162 1688 3216 τῶν
1714 3162 1879 3232 ἀγγέ-

298 3263 429 3308 λων·
465 3255 571 3328 ἄρα
596 3271 661 3324 γε
691 3254 1006 3326 ἅτοπήματι
1043 3253 1121 3324 τῷ
1161 3255 1242 3308 ἐνὶ
1274 3255 1476 3319 πάντες
1518 3253 1878 3326 περιπεσοῦν-

299 3361 408 3408 ται,
436 3345 606 3417 ὁποίῳ
631 3346 725 3399 καὶ
745 3347 804 3421 ,οἱ
835 3345 1055 3415 ἄγγελοι
1084 3344 1539 3418 περιπεπτώκασι
1565 3365 1579 3380 ·
1611 3349 1705 3400 καὶ
1746 3345 1880 3399 ἀσύ-

1981 2150 2249 2225 praeditus
2303 2156 2409 2217 est,
2468 2150 2770 2223 intelligere
2822 2150 2969 2207 istud
3006 2150 3186 2216 debet,
3248 2152 3384 2207 nihil
3444 2148 3569 2210 esse

1981 2251 2093 2298 tota
2130 2241 2235 2296 bac
2278 2240 2670 2296 circulatorum
2704 2236 2919 2297 officina
2967 2243 3215 2299 stultius.
3261 2244 3409 2310 Quos
3440 2245 3568 2316 qui·

1981 2333 2107 2389 dem
2142 2331 2261 2387 suis
2298 2331 2563 2402 ipsorum
2611 2333 2795 2389 verbis
2838 2333 3201 2404 ignominiose
3243 2336 3570 2394 convincere

1985 2425 2092 2480 boe
2125 2424 2288 2478 modo
2312 2437 2629 2494 possumus.
2661 2422 2875 2479 Etenim
2907 2424 2952 2479 si
2980 2421 3144 2481 «lesus
3173 2424 3427 2482 Christus
3456 2442 3569 2483 non

1979 2516 2048 2573 de
2096 2514 2306 2587 virgine
2360 2513 2532 2570 Maria
2582 2523 2767 2582 natus,
2803 2515 2902 2570 sed
2943 2514 3013 2572 de
3060 2515 3286 2588 Joseptn
3332 2519 3565 2583 semine,

1982 2607 2286 2677 eademque
2319 2603 2490 2661 Maria
2532 2616 2866 2677 propagatus
2889 2613 2996 2674 est,
3030 2619 3083 2663 et
3117 2609 3165 2664 is
3195 2609 3425 2665 salutem
3449 2609 3569 2665 adi-

1983 2699 2233 2770 piscitur,
2273 2699 2438 2754 etiam
2494 2698 2617 2754 illos
2641 2699 2735 2769 qui
2756 2699 2933 2770 ipsum
2974 2701 3263 2768 genuerint
3292 2715 3416 2756 esse
3457 2698 3569 2755 sal·

1985 2805 2082 2847 vos
2109 2796 2347 2861 oportet.
2378 2789 2481 2856 Qui
2507 2790 2552 2846 si
2596 2805 2628 2844 a
2667 2804 2882 2846 summo
2910 2791 3007 2846 illo
3037 2792 3234 2862 opifice
3263 2791 3391 2848 sacti
3415 2798 3565 2859 sunt,

1981 2896 2115 2938 sane
2148 2883 2293 2937 hunc
2338 2897 2461 2938 esse
2496 2882 2811 2938 Creatorem
2845 2882 3137 2940 interillos
3167 2885 3446 2949 convenit.
3471 2899 3569 2942 ne·-

1981 2987 2090 3043 que
2127 2974 2221 3044 qui
2271 2971 2568 3042 Josepbum
2632 2970 2969 3045 Mariamque
3048 2975 3291 3032 condidit
3332 2974 3567 3034 defectui

1979 3062 2219 3134 amplius
2258 3063 2589 3131 ascribetur,
2632 3064 2791 3136 110
2811 3066 3056 3136 aquibus
3081 3064 3244 3123 «lesus
3272 3075 3429 3124 ortus
3458 3076 3566 3135 est,

1975 3156 2076 3226 qui
2112 3155 2180 3210 ab
2204 3156 2391 3228 ignoto
2452 3155 2549 3210 illo
2579 3154 2815 3213 Parente
2846 3159 3126 3230 profectus
3154 3158 3372 3218 est.Sin
3404 3158 3568 3218 lesus

1983 3246 2147 3300 etiam
2176 3246 2246 3301 ab
2279 3246 2490 3317 angelis
2517 3255 2739 3304 creatus
2766 3257 2871 3313 est,
2900 3257 2956 3304 et
2972 3258 3056 3307 est
3082 3251 3395 3320 angelorum
3422 3266 3569 3310 unus

1982 3337 2163 3409 opifex
2191 3338 2328 3408 ipsc,
2361 3338 2606 3392 inunum
2635 3347 2690 3394 et
2722 3339 2866 3396 idem
2896 3342 3196 3399 absurdum
3229 3343 3400 3399 relabi
3442 3343 3570 3400 uni·

300 3453 493 3489 στατον
536 3437 619 3508 εἴη
653 3436 720 3490 ἂν
759 3436 820 3490 τὸ
850 3440 978 3507 παρ’
1018 3437 1196 3491 αὐτῶν
1237 3437 1728 3510 δραματουργημα,
1785 3436 1880 3507 δη·
1906 3414 1951 3471 C
1985 3443 2173 3485 versos
2195 3443 2422 3486 necesse
2447 3437 2566 3494 est:
2598 3429 2654 3485 in
2681 3430 2828 3503 qnod
2853 3442 2906 3488 et
2929 3435 3107 3505 angeli
3136 3435 3355 3507 ipsimet
3377 3437 3571 3492 incur-

296 3529 552 3602 λητηριου
597 3529 870 3601 ἔμπλεων,
921 3531 1017 3585 καὶ
1063 3530 1243 3602 πάσης
1291 3530 1480 3594 ῑώδους
1531 3529 1880 3595 διδασκαλίας
1983 3525 2197 3574 rerunt.
2249 3515 2441 3588 Neque
2470 3517 2687 3574 illorum
2729 3519 2912 3575 rabula
2938 3522 3235 3588 constabit,
3270 3524 3449 3581 letalis
3470 3540 3570 3580 cu·

298 3609 734 3695 μεμεστωμὲνον,
785 3620 1003 3694 Ταύτην
1051 3620 1108 3674 δὲ
1147 3617 1303 3684 αὖθις
1336 3621 1512 3674 ὀπίσω
1562 3618 1878 3691 τρέψαντες,
1980 3607 2201 3679 jusdam
2240 3610 2461 3676 veneni,
2487 3623 2553 3664 ac
2586 3608 2860 3680 pestiferae
2891 3612 3160 3668 doctrinm
3201 3612 3426 3670 referta.
3456 3611 3569 3670 Sed

293 3712 480 3784 ὥσπερ
532 3711 822 3783 δράκοντος
867 3712 1111 3783 κεφαλὴν
1156 3711 1301 3781 ξύλῳ
1355 3714 1459 3781 τῆς
1510 3711 1746 3772 πίστεως
1787 3709 1884 3763 καὶ
1982 3719 2107 3767 nos,
2138 3705 2419 3776 profligata
2468 3706 2571 3761 hac
2605 3707 2818 3774 haeresi,
2847 3717 2908 3782 et
2938 3708 2995 3762 in
3047 3707 3231 3779 fugam
3279 3723 3568 3775 conversa,

292 3808 392 3876 τῆς
414 3807 670 3877 ἀληθείας
698 3808 792 3858 ἐπὶ
817 3807 921 3875 γῆς
944 3806 1311 3872 λακὴσαντες,
1340 3805 1460 3862 ταῖς
1490 3801 1674 3861 ἄλλαις
1705 3800 1886 3868 θηριο-
1983 3795 2213 3863 perinde
2249 3809 2313 3849 ac
2342 3797 2616 3867 serpentis
2645 3798 2824 3868 capite
2848 3798 2968 3854 fidei
2996 3814 3062 3854 ac
3090 3800 3338 3858 veritatis
3368 3802 3568 3860 baculo

298 3900 527 3971 μάρψας
573 3897 1052 3966 προσπελάσαντες
1077 3931 1092 3955 ,
1151 3892 1235 3941 επ·
1280 3889 1488 3960 ὀλέθρῳ
1537 3887 1739 3940 τούτων
1791 3888 1885 3943 καὶ
1983 3883 2140 3938 humi
2175 3885 2341 3951 illiso,
2373 3886 2442 3941 ad
2471 3887 2609 3943 alias
2627 3896 2997 3946 monstrorum
3035 3891 3339 3949 horrendas
3366 3892 3568 3967 effigies

294 3991 405 4046 τῶν
438 3986 694 4038 τοιούτων
727 3984 1077 4056 βαδιούμεθα.

722 4190 915 4245 ΚΑΤΑ
952 4190 1454 4259 KHPINOIANQN²

795 4304 957 4375 ’,Ἤτοι
983 4303 1392 4375 Μηρινθιανῶν,

620 4417 844 4488 'oy-66⁷1,
880 4418 922 4484 ἡ
950 4415 1054 4473 καὶ
1083 4415 1331 4485 εἰκοστὴ
1357 4415 1561 4488 ὀγδόη.

365 4533 444 4585 Α’.
475 4528 740 4602 Κήρινθος
766 4527 822 4582 δὲ
853 4525 1028 4596 αὖθις,
1070 4528 1162 4599 ἀφ’
1214 4520 1387 4601 οὗπερ
1434 4528 1483 4583 οί
1526 4527 1880 4600 Κηρινθιανοὶ

295 4620 596 4690 λεγόμενοι,
633 4620 742 4673 ἀπὸ
788 4619 992 4690 ταύτης
1034 4619 1136 4690 τῆς
1177 4618 1477 4691 θηριώδους
1535 4619 1745 4690 σπορᾶς
1785 4618 1878 4671 τὸν

1983 3981 2241 4044 promoto
2265 3975 2461 4047 gradu,
2501 3975 2751 4036 funditus
2784 3995 2882 4038 eas
2915 3981 3098 4040 delere
3130 3991 3297 4058 atque
3320 3990 3568 4045 evertere

1986 4064 2329 4123 conabimur.

2291 4181 2667 4243 ADVERSUS
2721 4184 3262 4256 CERINTHIANOS,

2475 4297 2603 4356 Sive
2652 4298 3074 4368 Heriuthianos,

2195 4412 2328 4480 Quoe
2368 4420 2448 4468 est
2487 4413 2706 4469 hoeresis
2746 4413 2915 4481 vlu,
2944 4415 3026 4471 vel
3059 4413 3350 4475 xxvm.

2050 4521 2093 4576 1.
2123 4520 2382 4592 Sequitur
2406 4522 2739 4582 cerinthus:
2762 4540 2794 4580 a
2826 4541 2935 4597 quo
2961 4526 3296 4585 cerinthiani
3322 4529 3560 4589 liaerctici

1980 4613 2356 4680 nominantur,
2384 4614 2477 4685 qui
2533 4615 2727 4671 eodem
2766 4632 2837 4672 ex
2887 4616 3063 4675 serino
3091 4628 3216 4676 satu
3241 4632 3562 4692 procreatus

302 4712 379 4765 ἰὸν
405 4709 484 4780 τῷ
521 4710 706 4782 κόσμῳ
744 4711 927 4780 φέρων
972 4711 1117 4780 ἥκει.
1163 4709 1355 4781 Σχεδὸν
1391 4709 1449 4763 δὲ
1490 4706 1643 4763 οὐδὲν
1691 4707 1877 4778 ἕτερον
1907 4750 1954 4807 n
1982 4703 2133 4760 virus
2170 4718 2333 4760 suum
2373 4704 2428 4760 in
2469 4705 2657 4762 orbem
2703 4715 2972 4764 terrarum
3010 4709 3276 4783 profudit.
3308 4714 3486 4787 Atque
3516 4716 3561 4775 is

297 4802 451 4874 παρὰ
476 4803 568 4855 τὸν
607 4801 1003 4874 προειρημένον
1036 4805 1397 4875 Καρποκρᾶν,
1437 4801 1574 4857 ἀλλὰ
1616 4801 1686 4857 τὰ
1734 4802 1876 4859 αὐτὰ
1980 4795 2116 4851 nillil
2145 4797 2535 4868 propemodum
2564 4798 2734 4866 aliud,
2761 4815 2923 4872 quam
2948 4802 3110 4859 nobis
3131 4818 3297 4876 supra
3324 4821 3564 4865 commc-

291 4893 374 4964 τῷ
415 4892 605 4963 κόσμῳ
648 4891 915 4946 κακοποιά
961 4893 1226 4971 φάρμακα
1259 4894 1631 4950 ὲκὸλυστάνει.
1669 4895 1751 4949 Τὰ
1784 4893 1874 4950 [σα

294 4984 406 5056 γὰρ
434 4982 513 5053 τῷ
547 4983 926 5056 προειρημένῳ
954 4986 1034 5049 είς
1066 4987 1157 5040 τὸν
1182 4987 1505 5058 Χριστιανὸν
1538 4988 1876 5062 συκοφαντή-

297 5091 414 5142 σας,
451 5075 726 5146 ἐξηγεῖται
754 5075 848 5127 καὶ
875 5068 1028 5140 οὗτος
1066 5077 1132 5130 ἐκ
1162 5078 1379 5149 Μαρίας
1406 5079 1502 5133 καὶ
1532 5079 1598 5133 ὲκ
1631 5077 1878 5154 σπέρμα-

295 5184 386 5231 τος
419 5167 616 5239 Ἰωσὴφ
637 5168 727 5220 τὸν
749 5167 986 5240 Χριστὸν
1011 5168 1387 5241 γεγεννῆσθαι,
1421 5172 1515 5225 καὶ
1547 5170 1637 5225 τὸν
1673 5169 1878 5242 κόσμον

294 5260 496 5331 ὁμοίως
551 5260 656 5313 ὑπὸ
684 5259 931 5329 ἀγγέλων
965 5260 1312 5331 γεγενῆσθαι.
1359 5261 1526 5316 Οὐδὲν
1567 5262 1678 5336 γὰρ
1723 5254 1879 5326 οὗτος

296 5351 450 5420 παρὰ
482 5351 573 5405 τὸν
602 5351 816 5423 πρῶτον
848 5349 1097 5424 διήλλαξε
1142 5354 1208 5424 τῇ
1265 5353 1542 5427 εἰσαγωγῇ
1584 5355 1684 5426 τῆς
1711 5351 1877 5407 αὐτοῦ

295 5440 641 5506 διδασκαλίας
665 5442 776 5497 ἀλλ’
808 5443 842 5515 ἢ
871 5444 929 5496 ὲν
960 5443 1135 5516 τούτῳ
1168 5444 1350 5516 μόνον,
1383 5445 1441 5498 ἐν
1477 5445 1556 5515 τῷ
1584 5445 1870 5516 προσέχειν

294 5533 375 5604 τῷ
408 5532 721 5606 Ἰουδαϊσμῷ
746 5535 852 5589 ἀπὸ
877 5536 1096 5608 μέρους.
1123 5538 1327 5591 Φὰσκει
1359 5537 1415 5590 δὲ
1456 5530 1609 5601 οὗτος
1640 5537 1734 5591 τὸν
1780 5536 1870 5591 νό-

300 5641 400 5695 μον
437 5624 684 5688 καὶτοὺς
716 5628 998 5699 προφήτας
1044 5629 1151 5683 ὑπὸ
1195 5628 1440 5697 ἀγγέλων
1483 5628 1749 5694 δεδόσθαι,
1776 5630 1875 5683 καὶ

294 5717 388 5772 τὸν
425 5715 692 5771 δεδωκότα
731 5718 892 5787 νόμον
930 5720 1025 5773 ἕνα
1061 5715 1199 5774 εἶναι
1227 5719 1334 5773 τῶν
1359 5719 1605 5788 ἀγγέλων
1635 5720 1744 5773 τῶν
1781 5719 1874 5774 τὸν

296 5809 503 5878 κόσμον
540 5808 935 5878 πεποιηκότων.
979 5810 1223 5878 Ἐγένετο
1259 5810 1317 5864 δὲ
1342 5803 1498 5875 οὗτος
1535 5813 1565 5865 ὁ
1606 5811 1874 5885 Κήρινθος

297 5902 355 5955 ἰν
381 5903 443 5973 τῇ
483 5900 635 5974 Ἀσίᾳ
674 5901 982 5973 διατρίδων,
1009 5905 1230 5959 κάκεῖσε
1267 5903 1358 5958 τοῦ
1396 5902 1747 5976 κηρύγματος
1777 5906 1874 5959 τὴν

1981 4897 2225 4946 moratus
2253 4890 2346 4947 ille
2364 4890 2671 4964 Carpocras
2701 4896 2962 4965 asseruit,
2992 4897 3295 4973 eademque
3328 4916 3455 4957 cum
3491 4919 3559 4961 eo

1980 4982 2164 5038 letalia
2219 4983 2274 5039 in
2309 4984 2574 5042 mundum
2627 5002 2835 5043 venena
2880 4992 3221 5065 propagavit.
3278 4992 3558 5067 Siquidem

1976 5072 2092 5145 pari
2151 5074 2209 5130 in
2244 5074 2527 5133 Christum
2572 5077 2848 5135 calumnia
2892 5091 3104 5150 censet,
3137 5084 3284 5141 hunc
3327 5103 3359 5144 e
3390 5087 3556 5148 Maria

1975 5163 2315 5239 Josepliique
2346 5168 2555 5224 semine
2611 5184 2735 5228 esse
2776 5183 3146 5246 prognatum:
3181 5178 3559 5254 mundumque

1978 5259 2232 5316 similiter
2268 5260 2338 5316 ab
2383 5261 2592 5334 angelis
2622 5260 2969 5320 fabricatum.
3002 5262 3190 5339 Neque
3222 5270 3333 5326 ulla
3369 5273 3475 5330 alia
3497 5291 3558 5334 re

1977 5350 2379 5423 discrepantem
2427 5352 2498 5408 ab
2530 5353 2625 5409 illo
2660 5355 2969 5411 doctrinam
3012 5358 3238 5432 invexit,
3272 5365 3377 5423 nisi
3406 5370 3553 5441 quod

1976 5441 2238 5502 ludaicos
2293 5445 2457 5501 etiam
2505 5445 2647 5501 ritus
2685 5445 2940 5503 adscivit.
2993 5449 3062 5507 At
3109 5452 3249 5512 idem
3281 5456 3453 5530 legem
3490 5476 3556 5521 ae

1978 5539 2271 5609 prophetas
2300 5539 2370 5595 ab
2392 5540 2601 5611 angelis
2629 5537 2910 5612 protectos
2943 5556 3160 5618 asserit,
3191 5564 3426 5625 eumque
3459 5559 3555 5634 qul

1980 5629 2150 5700 legem
2206 5630 2393 5685 tulerit
2438 5646 2503 5687 ex
2542 5646 2732 5688 eorum
2768 5637 3084 5706 angelorum
3122 5657 3246 5700 esse
3272 5662 3554 5711 numero·

1980 5719 2181 5789 quibus
2206 5720 2359 5776 orbis
2403 5728 2489 5778 est
2534 5723 2810 5782 conditus.
2850 5726 3021 5788 Porro
3042 5732 3462 5802 Cerintltuslste
3495 5748 3551 5806 in

1981 5814 2110 5869 Asia
2132 5822 2380 5871 versatus
2407 5814 2708 5876 doctrinam
2738 5838 2890 5881 suam
2909 5827 3153 5898 prolerre
3174 5831 3335 5893 isthic
3362 5844 3549 5915 empti.

1983 5905 2108 5975 Qui,
2166 5916 2225 5964 ut
2287 5918 2412 5966 ante
2469 5910 2727 5984 diximus,
2773 5919 2996 5978 minime
3042 5938 3071 5980 a
3101 5924 3278 5999 prima
3323 5930 3413 5993 llln
3451 5948 3550 5986 nus
