3850 6517
297 459 404 517 385

910 455 1279 513 ADVERSUS
1317 456 1662 513 tlAEREsEs
1699 457 1824 512 [ΑΒ.
1866 457 1906 511 1.
1951 455 2105 512 TOM.
2155 454 2218 513 ΙΙ.
2251 487 2301 498 -
2329 455 2603 513 nAEREs.
2644 454 2881 511 xxvttt.

3449 456 3557 516 586

296 572 395 632 ὦσι
425 576 849 648 κατηχούμενοι,
888 577 982 630 ἐπὶ
1008 578 1183 649 ταύτῃ
1220 581 1286 648 τῇ
1314 578 1490 632 ἐλπίδι
1514 579 1625 649 ,πρὸ
1653 579 1754 648 τῆς
1786 595 1872 632 τε·-
1900 598 1945 656 A
1977 577 2318 645 baptizantur
2353 592 2449 644 pro
2482 578 2608 646 ipsis
2629 578 2687 631 ¹?
2734 577 2936 633 Verum
2980 576 3068 631 alii
3120 575 3408 631 commode
3451 577 3556 632 boc

295 670 489 740 Αευτῆς
516 668 748 741 λουτροῦ
778 668 1183 735 καταξιοῦνται·
1219 669 1550 735 δεικνύντες,
1588 670 1670 723 ὅτι
1710 671 1740 723 ό
1781 687 1872 724 τε-

295 760 562 831 ιιευτήσας
595 760 692 813 καὶ
720 760 1106 831 ἀναστήσεται,
1137 758 1231 813 καὶ
1271 757 1359 812 διὰ
1395 757 1556 826 τοῦτο
1604 757 1875 812 ἐπιδέεται

293 851 392 921 τῆς
418 849 510 904 διὰ
534 847 629 903 τοῦ
658 848 887 923 λουτροῦ
920 849 1171 919 ἀφέσεως
1193 849 1625 921 ἁμαρτημάτων.
1657 848 1875 903 Τούτων

293 942 348 996 δὲ
376 944 427 998 οἱ
460 943 558 1013 μὶν
582 943 676 996 τὸν
705 942 940 1014 Χριστὸν
976 942 1201 1014 μηδέπω
1238 941 1537 1014 ὲγηγέρθαι
1564 940 1876 1021 κεκηρύχα-

292 1051 400 1098 σιν,
430 1033 749 1089 ἀνίστασθαι
785 1034 843 1088 δὲ
879 1035 1020 1107 μετὰ
1047 1036 1286 1090 πάντων·
1318 1036 1371 1088 οἱ
1397 1035 1474 1100 δὲ,
1511 1036 1595 1090 ὅτι
1624 1035 1762 1099 ὅλως
1790 1052 1878 1089 νε-

291 1128 418 1200 κροὶ
444 1129 542 1182 οὐκ
583 1129 1002 1200 ἀναστήσονται.
1032 1126 1126 1182 Διὸ
1162 1127 1327 1199 μέσος
1356 1127 1610 1199 χωρήσας
1645 1129 1675 1181 ὀ
1716 1127 1878 1181 Ἀπό-

294 1218 480 1282 στολος
517 1219 652 1290 πρὸς
694 1218 1042 1290 ἀμφοτέρους
1072 1216 1297 1281 τούτους
1327 1219 1421 1271 καὶ
1447 1218 1548 1282 τὰς
1571 1217 1764 1282 λοιπὰς
1790 1217 1879 1271 αί-

298 1311 494 1384 ρὲσεις,
524 1313 581 1364 ὲν
606 1313 675 1382 τῇ
714 1312 816 1382 μιᾷ
846 1311 1081 1384 ἐργασίᾳ
1114 1312 1215 1382 τὴν
1248 1310 1558 1383 ἀνατροπὴν
1583 1310 1877 1380 πεποίηται

291 1403 349 1455 έν
396 1405 462 1473 τῇ
506 1403 635 1474 περὶ
674 1402 885 1475 νεκρῶν
936 1403 1251 1471 ἀναστάσει,
1304 1405 1400 1457 καὶ
1430 1405 1488 1456 ὲν
1519 1406 1640 1466 ταῖς
1673 1419 1879 1474 μαρτυ-

293 1495 463 1566 ρίαις,
501 1490 591 1559 αἶς
618 1495 762 1551 κατὰ
790 1495 1098 1566 λεπτότητα
1129 1495 1362 1561 διεξιὼν,
1403 1496 1503 1568 τὴν
1529 1493 1753 1566 βεὸαίαν
1780 1493 1878 1547 σύ-

294 1600 487 1639 στασιν
516 1588 812 1654 ἐποιήσατο
841 1589 941 1658 τῆς
983 1585 1092 1641 τῶν
1129 1585 1337 1658 νεκρῶν
1377 1586 1752 1652 ἀναστάσεως,
1782 1584 1880 1639 καὶ

295 1678 590 1748 σωτηρίας,
641 1678 737 1731 καὶ
781 1677 1017 1743 ἐλπίδος,
1076 1678 1330 1748 φάσκων·
1364 1679 1464 1733 Δεῖ
1497 1679 1564 1734 τὸ
1612 1679 1879 1749 φθαρτὸν

291 1767 471 1823 τοῦτο
519 1769 893 1826 ἐνδύσασθαι
944 1770 1310 1840 ἀφθαρσίαν,
1369 1771 1468 1825 καὶ
1525 1770 1593 1824 τὸ
1658 1769 1881 1836 θνητὸν

290 1857 470 1914 τοῦτο
495 1859 868 1916 ἐνδύσασθαι
906 1861 1264 1917 ἀθανασίαν·
1296 1862 1392 1916 καὶ
1424 1861 1586 1915 πάλιν
1616 1862 1721 1926 ὅτι,
1744 1864 1880 1930 Χρι-

1975 668 2217 738 Apostoli
2243 668 2450 722 dictum
2489 669 2929 743 interpretantur
2952 669 3022 724 de
3067 667 3136 723 iis
3176 669 3270 740 qui
3318 668 3560 724 instante

1976 766 2172 824 morte,
2220 759 2266 814 si
2309 759 2531 829 quidem
2569 760 2952 814 catechumeni
2995 760 3127 825 sint,
3180 774 3246 815 ea
3295 775 3392 830 spe
3431 759 3558 815 srett

1977 862 2134 904 sacra
2164 849 2438 905 lavatione
2469 858 2805 920 purgantnr;
2837 863 2903 903 ac
2929 858 3178 907 mortuos
3203 858 3557 907 surrecturos

1976 957 2099 998 esse
2131 941 2536 1004 demonstrant,
2572 942 2645 996 ob
2686 941 2851 1011 idque
2880 939 3284 999 condonatione
3313 944 3406 998 illa
3437 957 3559 999 sce·

1978 1034 2173 1099 lerum,
2207 1047 2330 1104 quae
2357 1047 2453 1103 per
2480 1031 2813 1102 baptismum
2839 1031 3118 1087 obtinetur
3151 1033 3416 1103 indigere.
3451 1033 3559 1089 Sed

1977 1125 2197 1180 illorum
2243 1125 2334 1179 alii
2384 1123 2629 1178 nondum
2685 1122 2967 1178 Christum
3014 1123 3324 1178 surrexisse
3358 1125 3558 1194 praedi·

1976 1224 2126 1280 cant,
2157 1231 2222 1272 ac
2250 1230 2373 1271 cum
2419 1216 2635 1272 caeteris
2678 1215 2936 1271 omnibus
2978 1230 3102 1272 esse
3140 1228 3559 1280 surrecturumg

1978 1307 2069 1362 alii
2098 1317 2347 1365 mortuos
2388 1315 2739 1363 surrecturos
2772 1321 3011 1377 unquam
3042 1307 3291 1364 funditus
3336 1317 3558 1380 negant.

1977 1397 2170 1470 ltaque
2212 1401 2452 1456 medium
2482 1399 2757 1471 quoddam
2787 1400 2891 1456 iter
2934 1401 3217 1471 ingressus
3262 1402 3565 1471 Apostolus

1979 1508 2107 1548 cum
2160 1501 2429 1563 utrosque
2460 1492 2605 1558 illos,
2645 1500 2759 1547 tum
2808 1492 3049 1562 reliquas
3091 1506 3282 1549 omnes
3324 1493 3562 1550 haereses

1979 1584 2167 1641 eadem
2199 1598 2369 1654 opera
2398 1583 2693 1644 disturbat,
2730 1599 2852 1639 cum
2885 1583 2951 1648 dc
2979 1591 3323 1640 mortuorum
3353 1586 3562 1641 excita-

1978 1677 2128 1731 tione
2164 1675 2428 1746 dispntat‚
2477 1682 2640 1747 atque
2680 1675 2950 1746 ejusmodi
3007 1676 3336 1732 testimoniis
3366 1677 3559 1744 utitur,

1981 1765 2184 1836 quibus
2207 1766 2523 1838 singiliatim
2546 1766 2812 1836 expositis
2831 1774 3176 1822 mortuorum
3200 1771 3562 1826 resurrectio-

1981 1872 2129 1924 nem,
2197 1871 2262 1911 ac
2318 1858 2553 1913 salutem
2605 1864 2661 1912 et
2704 1865 3154 1927 spem-nostram
3213 1858 3563 1916 solidissimis

291 1950 441 2018 στὸς
484 1951 794 2022 ἐγήγερται
825 1952 1068 2023 ἀπαρχὴ
1102 1951 1222 2006 τῶν
1260 1952 1721 2022 κεκοιμημένων,
1774 1953 1876 2006 ἵνα
1909 1958 1951 2017 B
1980 1949 2284 2004 rationibus
2317 1948 2624 2013 confirmat,
2669 1948 2753 2002 liis
2785 1948 3011 2004 verbis:
3046 1947 3265 2018 Oportet
3306 1950 3402 2005 hoc
3443 1969 3563 2007 cor·

291 2041 392 2106 τὰς
450 2042 769 2114 ἀμφοτέρας
813 2044 1027 2116 σχέσεις
1063 2043 1174 2098 τῶν
1216 2043 1483 2115 αἱρέσεων
1525 2042 1771 2112 ἐλέγξας,
1813 2044 1875 2097 τδ

294 2133 595 2203 ἀμόλυντον
622 2135 721 2205 τῆς
747 2134 1095 2198 διδασκαλίας
1126 2137 1388 2208 κήρυγμα
1419 2134 1480 2199 ἐξ
1509 2133 1769 2204 ἀληθείας
1797 2135 1877 2185 δι-

293 2223 424 2297 δάξῃ
468 2226 597 2291 τοὺς
643 2224 1001 2297 βουλομένους
1044 2226 1248 2282 εἰδέναι
1288 2226 1388 2297 τὴν
1426 2224 1522 2279 τοῦ
1566 2223 1704 2279 Θεοῦ
1747 2222 1880 2294 uxi,-

295 2315 446 2372 θειαν
478 2319 575 2372 καὶ
603 2319 922 2392 σωτηριώδη
952 2319 1322 2374 διδασκαλίαν.

1982 2041 2463 2108 ruptibileinduere
2495 2041 2960 2109 incorruptionem,
3001 2050 3050 2095 et
3081 2041 3177 2095 Ιιοε
3215 2044 3440 2099 mortale
3480 2046 3564 2098 in-

1980 2134 2143 2188 duere
2165 2133 2621 2188 immortalitatem
2646 2135 2704 2200 ¹;
2733 2148 2795 2190 ac
2821 2150 3040 2192 rursum
3073 2155 3085 2189 :
3117 2135 3361 2192 Christus
3388 2153 3566 2193 resur·

1985 2225 2123 2280 rexit
2165 2225 2417 2294 primitioe
2454 2225 2828 2281 dormientium
2846 2227 2890 2293 ⁸,
2943 2236 3004 2282 nt
3053 2228 3336 2289 ambarum
3363 2251 3368 2257 ·
3396 2228 3568 2285 ltmre-

1896 2374 1903 2383 ,
1983 2331 2140 2372 seum
2183 2317 2644 2388 respondentibus
2681 2318 2784 2373 sibi
2826 2334 2892 2374 ex
2941 2318 3174 2375 adverso
3213 2319 3565 2390 opinionibus

297 2410 576 2467 convulsis
594 2425 780 2465 veram
815 2426 881 2466 ac
908 2412 1181 2466 sinceram
1213 2410 1540 2468 Christiauae
1565 2409 1688 2466 lidei
1739 2397 2090 2479 disciplinam
2158 2408 2230 2465 iis
2296 2407 2557 2477 traderet,
2594 2409 2689 2480 qui
2727 2408 2971 2465 divinam
3020 2411 3306 2468 veritatem
3356 2411 3567 2467 saluta·

295 2512 523 2568 rcmque
547 2500 855 2555 doctrinam
881 2502 1083 2557 vellent
1116 2503 1417 2572 percipere.

369 2594 454 2649 11'.
489 2593 838 2664 Πανταχόθεν
883 2594 1066 2649 τοίνυν
1109 2596 1359 2668 φωρατδς
1398 2597 1465 2651 ἂν
1489 2598 1577 2669 εἴη
1608 2596 1879 2670 Κήρινθος

298 2686 394 2741 καὶ
415 2688 462 2740 oi
486 2687 582 2741 ἀπ’
613 2685 776 2741 αὑτοῦ
802 2686 1198 2757 ἀπατηθέντες,
1231 2687 1282 2739 oi
1309 2686 1559 2752 τάλανες,
1582 2689 1675 2742 καλΙ
1702 2688 1882 2753 ἀλλοις

296 2777 460 2830 αἴτιοι
481 2777 770 2846 γεγονότες
798 2777 1096 2844 ἀπωλείας,
1121 2777 1232 2833 τῶν
1254 2776 1412 2833 θείων
1431 2777 1664 2850 Γραφῶν
1694 2777 1884 2848 σαφῶς

294 2867 427 2938 ήμῖν
446 2866 590 2920 κατὰ
614 2865 922 2939 λεπτότητα
946 2867 1076 2938 περὶ
1090 2867 1312 2921 πάντων
1326 2867 1719 2939 διηγουμένων.
1744 2866 1883 2922 (δῦτε

294 2961 404 3033 γὰρ
416 2960 483 3015 ὲκ
504 2959 822 3034 σπέρματος
855 2959 1053 3032 Ἰωσὴφ
1067 2958 1366 3032 όΧριστός·
1387 2960 1511 3014 ἐπεὶ
1539 2958 1658 3024 πῶς
1677 2959 1758 3014 ἔτι
1784 2978 1885 3032 ση-

300 3054 459 3122 μεῖον
483 3051 572 3123 εἴη
605 3052 669 3106 τὸ
696 3052 976 3124 γέννημα;
1007 3052 1100 3106 καὶ
1124 3052 1187 3107 τὸ
1213 3051 1364 3125 παρὰ
1389 3050 1469 3124 τῷ
1501 3051 1703 3125 Ἡσαΐᾳ
1728 3054 1885 3124 εἰρη-

299 3142 460 3214 μένον
472 3143 594 3208 πῶς
607 3142 687 3198 ἔτι
725 3144 1156 3218 συσταθήσεται,
1188 3144 1263 3208 ὡς
1290 3140 1462 3198 εἶπεν·
1495 3142 1886 3210 ἈὐτὸςόΚύ-

2062 2590 2222 2663 115
2251 2589 2367 2646 vlt.
2420 2589 2693 2657 Quocirca
2737 2590 3113 2663 deprehensus
3172 2595 3414 2667 undique
3466 2597 3570 2655 Ce-

1987 2684 2206 2739 rinthus
2241 2697 2305 2738 ac
2336 2683 2623 2739 convictus
2652 2693 2892 2748 tenetur,
2927 2698 3036 2740 una
3071 2700 3196 2742 cum
3227 2687 3317 2755 iis,
3352 2689 3446 2761 qui
3471 2704 3569 2748 eo·

1989 2774 2113 2831 dem
2157 2775 2214 2831 in
2251 2790 2440 2832 errore
2472 2785 2781 2841 versantur,
2826 2776 3074 2833 infelices
3118 2779 3367 2838 homines
3405 2790 3569 2855 atque

1990 2866 2236 2937 eiusdem
2259 2882 2446 2924 sec-um
2469 2867 2623 2924 exitii
2653 2867 2776 2923 aliis
2808 2868 3033 2939 insuper
3058 2878 3333 2937 auctores,
3370 2874 3571 2946 quippe

1988 2973 2115 3015 cum
2154 2959 2271 3015 haec
2301 2961 2486 3015 omnia
2518 2974 2691 3017 sacrae
2730 2960 2927 3016 litterae
2955 2964 3245 3034 perspicue
3287 2974 3569 3023 accurate·

1983 3063 2098 3123 ‘que
2134 3051 2297 3109 nobis
2338 3051 2649 3109 edisserant
2678 3072 2693 3108 ι
2724 3065 2850 3108 nam
2897 3068 3075 3126 neque
3117 3055 3441 3130 delosephi
3484 3074 3572 3116 sc-

1989 3145 2140 3201 mine
2163 3152 2329 3200 natus
2360 3155 2446 3202 est
2474 3146 2730 3203 Cin-istus
2759 3164 2773 3202 ε
2810 3146 2903 3218 qui
2936 3149 3081 3204 enim
3109 3148 3419 3222 prodigium
3445 3165 3573 3222 pos·

286 3250 420 3303 ριος
480 3226 665 3289 δώσει
709 3236 855 3306 ὑμῖν
891 3235 1170 3306 σημεῖον·
1214 3233 1371 3291 Ἰδοὺ
1404 3235 1443 3303 ἡ
1490 3234 1786 3303 παρθένος
1819 3235 1889 3288 ἐν
1916 3226 1958 3285 C
1992 3243 2077 3297 set
2106 3237 2257 3293 illius
2296 3253 2420 3295 esse
2449 3241 2752 3311 generatio,
2802 3255 2866 3296 ac
2908 3241 3054 3311 quod
3098 3240 3168 3296 ab
3196 3240 3333 3298 isaia
3362 3244 3569 3300 dictum

295 3326 510 3396 γαστρὶ
541 3326 684 3394 ἔξει,
721 3327 820 3382 καὶ
858 3327 1092 3394 τέξεται
1131 3327 1285 3392 υἱὸν,
1334 3327 1432 3382 ναὶ
1460 3327 1529 3382 τὰ
1566 3326 1729 3399 έξῆς;
1758 3327 1886 3391 Πῶς

299 3417 358 3472 δὲ
400 3417 482 3473 ἔτι
522 3420 944 3493 πληρωθήσεται
975 3419 1038 3474 τὸ
1079 3420 1368 3493 εἰρημένον
1411 3418 1566 3492 παρὰ
1594 3419 1698 3490 τῆς
1723 3419 1885 3488 ἀγίας

297 3508 581 3583 Παρθένου
616 3511 754 3584 πρὸς
777 3511 869 3566 τὸν
895 3510 1156 3585 Γαδριήλ·
1195 3510 1329 3578 Πῶς
1360 3511 1531 3565 ἔσται
1566 3510 1766 3577 τοῦτο,
1794 3510 1886 3565 ὅτι

295 3599 488 3672 ἄνδρα
511 3604 585 3658 οὐ
625 3603 935 3674 γινώσκω,·
969 3605 1065 3660 καὶ
1112 3604 1277 3659 αὐτοῦ
1320 3603 1592 3674 λέγοντος·
1640 3603 1886 3673 Πνεῦμα

295 3691 469 3763 ἅγιον
497 3694 887 3751 ἐπελεύσεται
908 3697 1008 3751 ἐπὶ
1041 3697 1136 3761 σὲ,
1177 3697 1275 3750 καί
1310 3696 1566 3765 δύναμις
1599 3695 1884 3764 Ὑψίστου

292 3784 637 3840 ἐπισκιάσει
671 3803 790 3853 σοι,
846 3789 944 3841 καὶ
988 3788 1061 3840 τά
1101 3789 1262 3857 ἐξῆς;
1309 3787 1435 3849 Πῶς
1480 3786 1537 3838 δὲ
1580 3786 1743 3839 πάλιν
1784 3786 1888 3838 οὐκ

296 3876 689 3949 ἐλεγχθήσεται
728 3878 909 3930 αὐτῶν
939 3879 976 3947 ὴ
1002 3876 1182 3939 ἄνοια,
1209 3874 1306 3927 τοῦ
1333 3874 1670 3943 Εὐαγγελίου
1700 3874 1887 3945 σαφῶς

296 3967 552 4035 λέγοντος
611 3967 716 4028 ὅτι,
758 3965 990 4032 Εῠρέθη
1033 3963 1103 4016 ἐν
1139 3963 1356 4031 γαστρί
1398 3965 1631 4033 ἔχουσα
1667 3966 1808 4034 πρὶν
1845 3966 1885 4037 ἦ

300 4054 627 4114 συνελθεῖν
646 4056 902 4122 αὐτούς,·
932 4055 1090 4109 Ἐστι
1118 4055 1176 4110 δὲ
1207 4055 1408 4126 γνῶναι
1433 4055 1640 4125 σαφῶς,
1665 4057 1746 4110 ὄτι
1765 4057 1884 4112 οὐδὲ

301 4149 441 4211 ὅλως
478 4144 757 4219 συνῆλθον.
783 4145 875 4218 Μὴ
917 4148 1126 4218 γένοιτο
1153 4148 1260 4222 γὰρ
1292 4147 1451 4203 τοῦτο
1478 4148 1686 4203 εἰπείνί
1732 4149 1883 4203 Ἐπεὶ

303 4240 405 4294 οὐκ
439 4239 506 4294 ἂν
545 4240 685 4311 μετὰ
719 4240 954 4313 σταυρὸν
977 4240 1089 4312 (95)
1124 4241 1370 4313 προενόει
1412 4239 1755 4314 παραθέσθαι
1785 4242 1883 4296 αύ-

300 4333 402 4403 τὴν
443 4332 660 4406 Ἰωάννῃ
684 4331 763 4405 τῷ
793 4333 934 4406 ἀγίῳ
966 4333 1243 4405 παρθένῳ,
1275 4334 1352 4399 ὡς
1372 4333 1542 4403 λέγει·
1568 4333 1684 4389 Ἴδε
1702 4335 1742 4403 ἡ
1766 4332 1882 4404 μή·

1986 3334 2071 3383 est
2094 3327 2315 3400 probari
2339 3329 2567 3385 omnino
2595 3338 2816 3402 posset:
2840 3329 3098 3387 Dominus
3123 3332 3233 3400 ipse
3251 3332 3398 3388 dabit
3427 3334 3571 3391 vobis

1986 3420 2194 3492 signum
2220 3437 2236 3476 ι
2266 3419 2402 3476 Ecce
2426 3422 2572 3493 vit-qo
2607 3423 2880 3493 concipiet,
2903 3433 2955 3477 et
2980 3424 3152 3493 pariet
3174 3423 3347 3492 lilium
3364 3425 3406 3490 ⁸,
3423 3427 3569 3483 ctc.?

1984 3511 2234 3580 Quanam
2260 3529 2390 3570 vero
2411 3515 2633 3570 ratione
2654 3513 2841 3587 perflci
2863 3516 3063 3586 poterit
3094 3515 3248 3581 illud,
3276 3514 3423 3588 qnod
3456 3515 3569 3573 Ga·

1985 3601 2146 3658 brieli
2182 3601 2352 3675 Virgo
2381 3604 2728 3662 sanctissima
2754 3604 2892 3660 dixit
2922 3623 2937 3661 ι
2968 3604 3244 3672 montedo
3284 3606 3377 3677 fiet
3401 3608 3568 3673 istud,

1984 3696 2237 3765 quoniam
2280 3696 2450 3750 virum
2482 3711 2585 3750 non
2616 3695 2954 3766 eoqnvwn'?
2980 3696 3068 3752 cui
3107 3695 3197 3754 ille
3241 3698 3524 3769 respondit
3551 3715 3566 3754 ι

1989 3781 2225 3850 Spiritus
2257 3795 2475 3840 sanctus
2498 3786 2821 3856 superveniet
2846 3789 2903 3842 in
2933 3797 3003 3853 te,
3032 3798 3083 3844 et
3113 3791 3282 3845 virtus
3303 3790 3571 3848 Altissimi

1989 3871 2326 3929 obumbrabit
2359 3876 2508 3941 tibi⁸‚
2532 3878 2669 3934 etc.?
2683 3876 2879 3936 Nonne
2912 3881 3129 3937 illorum
3162 3896 3312 3939 exeo
3342 3882 3571 3941 stultitia

1989 3963 2151 4023 facile
2181 3969 2550 4036 convincitur,
2581 3971 2726 4043 quod
2755 3970 2963 4031 diserte
3007 3975 3063 4030 in
3101 3973 3395 4049 Evangelio
3432 3978 3571 4034 scri·

1985 4066 2138 4128 ptum
2179 4066 2305 4115 est:
2338 4057 2562 4117 Inventa
2610 4071 2689 4119 est
2735 4063 2791 4118 in
2821 4074 2973 4120 utero
3032 4066 3229 4122 habens
3286 4049 3568 4141 antequam

1985 4151 2322 4206 convenirent
2351 4152 2415 4207 ’ἲ
2441 4152 2583 4209 Illud
2624 4161 2807 4211 etitem
2852 4156 3226 4212 certissimum
3291 4164 3394 4225 est,
3428 4172 3569 4213 nun·

1972 4251 2148 4313 'quam
2188 4242 2312 4300 illos
2349 4246 2577 4302 omnino
2613 4246 2959 4304 convenisse.
3011 4244 3171 4303 Absit
3215 4247 3363 4305 enim
3412 4257 3476 4304 ut
3511 4248 3568 4313 id

1983 4350 2226 4406 unquam
2256 4336 2527 4394 dicamus!
2570 4338 2789 4409 Alioqui
2819 4352 2944 4393 cum
2987 4338 3043 4393 in
3076 4353 3244 4396 cruce
3283 4338 3567 4412 penderet,

298 4447 413 4499 τηρ
441 4444 579 4485 σου·
608 4430 704 4485 καὶ
736 4434 805 4503 τῇ
840 4429 1000 4503 αὐτῇ·
1042 4430 1162 4487 Ἴδε
1194 4434 1229 4482 ό
1259 4431 1390 4496 υἱός
1418 4446 1557 4486 σου.
1592 4431 1740 4486 Ἔδει
1770 4433 1882 4506 γὰρ
1983 4438 2092 4483 non
2128 4438 2321 4484 sancto
2354 4428 2574 4496 loanni,
2605 4431 2698 4501 qui
2733 4437 2789 4485 et
2830 4429 2949 4501 ipse
2985 4429 3351 4502 virginitatem
3392 4449 3573 4490 serva·

301 4523 464 4577 αὐτὸν
510 4523 845 4596 παραδοῦναι
894 4523 1065 4596 αὐτὴν
1108 4527 1219 4588 τοῖς
1258 4525 1429 4595 αὐτῆς
1475 4526 1814 4594 συγγενέσιν,
1846 4526 1880 4598 ἢ
1912 4573 1960 4629 D
1985 4520 2086 4584 rit,
2133 4530 2364 4576 matrem
2411 4521 2817 4579 commendaret
2842 4536 3020 4589 suam,
3078 4538 3203 4579 cum
3239 4524 3314 4580 ita
3353 4526 3571 4582 locutus

300 4616 416 4679 τοῖς
453 4615 661 4679 τέκνοις
707 4616 802 4670 τοῦ
841 4616 1059 4690 Ἰωσὴφ,
1098 4617 1254 4690 εἴπερ
1288 4613 1430 4690 ἦσαν
1463 4618 1522 4686 ἐξ
1552 4619 1743 4689 αὐτῆς,
1784 4619 1885 4674 'la-
1987 4618 2071 4667 est
2107 4629 2121 4666 :
2157 4609 2289 4666 Ecce
2349 4620 2519 4666 maier
2572 4621 2685 4668 itta.
2748 4611 2817 4668 Et
2865 4612 3013 4669 illam
3063 4614 3387 4686 alloquens:
3434 4614 3571 4671 Eece

304 4703 468 4776 κώὅῳ
497 4706 640 4777 φημὶ
665 4705 760 4760 καὶ
799 4706 956 4778 Ἶωσῇ
995 4707 1090 4760 καὶ
1130 4708 1301 4781 Ἰούδᾳ
1331 4708 1424 4763 καὶ
1445 4707 1718 4778 Συμεῶνι,
1745 4709 1883 4773 υἱοῖς
1979 4702 2138 4772 'fitius
2169 4711 2292 4758 tuus
2310 4702 2354 4756 ⁸.
2389 4700 2547 4759 Hanc
2590 4703 2736 4758 enim
2769 4703 2857 4759 vel
2883 4705 3134 4776 cognatis
3168 4706 3284 4762 suis
3314 4706 3568 4762 commit-

303 4795 426 4852 οὖσι
452 4796 545 4850 τοῦ
579 4796 782 4867 Ἰωσὴφ
800 4797 914 4869 (96)
950 4799 1060 4853 ἀπὸ
1086 4802 1188 4865 τῆς
1222 4798 1388 4871 ἄλλης
1422 4799 1703 4868 γυναικός.
1747 4798 1883 4853 Οὐδὲ
1985 4805 2101 4850 tere
2137 4794 2401 4865 oportuit,
2444 4793 2528 4850 vel
2557 4789 2779 4865 Joscpbi
2820 4792 3030 4862 liberis,
3074 4795 3121 4852 si
3159 4812 3300 4868 quos
3340 4812 3407 4854 ex
3449 4797 3567 4868 ipsa

302 4890 435 4963 γὰρ,
480 4891 560 4944 ὅτι
609 4889 874 4961 κέχρηται
921 4894 989 4963 τῇ
1036 4891 1319 4964 Παρθένῳ,
1367 4890 1505 4955 ὅλως
1542 4891 1879 4963 εὑρίσκεται,
1986 4887 2309 4951 sustulerat,
2340 4895 2468 4956 puta
2496 4882 2721 4954 incubo,
2751 4883 2903 4952 lose.
2933 4886 3107 4953 Judae,
3138 4886 3402 4954 Simeoni,
3427 4905 3571 4962 quos

303 4981 446 5056 μετὰ
479 4981 539 5034 τὸ
568 4980 957 5051 γεγεννηκέναι
983 4984 1017 5054 ὴ
1049 4981 1327 5055 Παρθένος
1373 4982 1662 5054 ἄχραντος.
1722 4981 1885 5037 Ἀλλὰ
1984 4978 2258 5051 ,Ιοεερίιιιε
2301 4980 2406 5035 alia
2448 4996 2516 5036 ex
2549 4994 2719 5035 uxore
2771 4988 3055 5052 genuerat.
3092 4979 3281 5052 Neque
3330 4982 3477 5037 enim
3506 4981 3570 5037 il·

302 5070 664 5144 περὶτούτων
693 5070 794 5142 ήδη
826 5069 885 5122 ὲν
909 5068 1054 5141 ἄλλῳ
1085 5088 1174 5142 μοι
1211 5071 1356 5142 λόγῳ
1400 5071 1589 5140 σαφῶς
1629 5086 1885 5143 πεπραγ-

306 5165 590 5236 μάτευται,
623 5163 718 5217 καὶ
752 5161 1331 5234 πραγματευθήσεται.
1359 5159 1489 5216 Ὧδε
1525 5163 1582 5216 δὲ
1613 5163 1672 5216 έν
1702 5163 1879 5233 μέρει,

302 5258 380 5320 ὡς
412 5258 469 5310 ὲν
504 5255 859 5329 παρεκδρομῇ
891 5253 1022 5326 περὶ
1048 5254 1148 5324 τῆς
1175 5253 1380 5308 τούτων
1403 5255 1711 5319 ὑποθέσεως
1736 5256 1882 5324 εἴρη-

1324 5409 1346 5441 ⁸
1374 5409 1507 5465 ibid.
1542 5410 1633 5465 20.

390 5414 406 5445 ¹
429 5412 446 5465 l
470 5413 599 5471 Cor.
626 5428 715 5476 xv,
740 5412 834 5468 29.
909 5414 931 5445 ¹
967 5409 1099 5467 ibid.
1136 5408 1228 5466 55.

307 5490 329 5522 ⁸
360 5482 519 5538 «ioan.
542 5498 657 5546 xix,
685 5484 776 5548 26,
798 5482 893 5536 27.

381 5597 492 5668 (95)
551 5599 706 5653 Ἐπεί
734 5602 847 5654 οὐκ
887 5598 965 5654 ἂν
999 5596 1152 5669 μετὰ
1201 5593 1487 5662 σταυρόν.
1531 5593 1672 5647 ldem
1718 5607 1885 5663 argn-

307 5679 551 5724 mentum
583 5679 738 5740 urget
764 5670 1033 5725 Adversus
1066 5665 1370 5727 Helvidium
1399 5661 1808 5734 Hieronymus:
1832 5663 1877 5720 0

307 5738 464 5807 {uror
493 5754 686 5804 cecus,
716 5748 768 5794 et
810 5741 867 5793 in
897 5740 1171 5809 proprium
1211 5737 1433 5792 exitium
1464 5749 1608 5788 mens
1636 5734 1876 5788 tesana!

302 5808 458 5865 Dicis
496 5807 566 5864 ud
607 5826 814 5864 crucem
857 5808 1073 5863 Domini
1109 5817 1335 5862 matrem
1368 5805 1486 5874 ejus
1516 5804 1682 5872 {uisse
1731 5820 1874 5874 prae-

306 5891 526 5937 sentent.
586 5879 730 5936 Dicis
772 5878 973 5937 loanni
1019 5876 1280 5949 discipulo
1333 5872 1397 5934 ob
1448 5873 1786 5941 viduitatem,
1822 5882 1875 5929 et

1741 5409 1762 5441 ⁸
1797 5409 1904 5465 lsa.
1935 5426 2033 5475 vu,
2071 5411 2154 5463 Μ.

1992 5072 2103 5129 lum
2131 5088 2257 5128 cum
2291 5071 2461 5129 Maria
2496 5074 2850 5130 consuevisse
2896 5073 3008 5129 ullo
3042 5072 3206 5127 modo
3236 5074 3564 5143 reperimus.

1992 5174 2349 5235 posteaquam
2382 5163 2700 5235 incorrupta
2734 5164 2825 5218 illa
2855 5170 2911 5218 et
2942 5160 3257 5216 castissima
3285 5159 3451 5233 Virgo
3474 5178 3566 5235 pe-

1991 5256 2155 5325 perit.
2192 5253 2398 5310 Verum
2425 5254 2495 5310 de
2520 5254 2607 5310 bis
2632 5254 2741 5309 alio
2768 5254 2823 5308 in
2856 5251 2996 5308 libro
3027 5260 3286 5308 accurate
3310 5258 3568 5311 tractavi·

2256 5409 2280 5442 ⁸
2307 5408 2443 5464 Luc.
2473 5424 2513 5473 t,
2540 5410 2630 5465 st.
2728 5408 2749 5439 ⁸
2769 5404 2901 5461 ibid.
2936 5405 3029 5461 55.
3141 5406 3164 5437 ’
3192 5405 3381 5464 Matth.
3414 5426 3453 5476 ι,
3480 5412 3566 5467 ts.

1992 5592 2331 5648 solitudinem
2360 5592 2804 5658 commendatam,
2839 5595 2994 5664 quasi
3032 5595 3197 5667 juxta
3238 5606 3286 5652 te
3326 5613 3428 5651 non
3469 5598 3569 5651 lea·

1989 5665 2131 5718 beret
2174 5672 2405 5734 quatuor
2452 5663 2627 5725 filios.
2668 5672 2720 5718 et
2758 5665 3065 5722 irtttnmeras
3107 5669 3287 5737 filius.
3341 5683 3566 5736 quarum

1987 5735 2253 5789 consortio
2281 5733 2569 5803 frueretur.
2609 5734 2732 5790 Vid.
2773 5735 3008 5807 August.
3044 5737 3139 5793 lib.
3170 5752 3186 5791 ι
3229 5736 3474 5803 οε,ηιιρ.
3512 5744 3563 5791 et

1983 5819 2230 5871 concup„
2258 5818 2383 5883 cap.
2420 5803 2508 5856 ll.

1973 5938 1980 5945 ¹
2057 5873 2170 5946 (96)
2218 5875 2374 5940 Υἱοις
2402 5866 2546 5930 οὖσι
2583 5873 2691 5929 τοῦ
2727 5874 2969 5948 Ἰωσήφ.
3006 5874 3142 5932 Vide
3172 5874 3306 5929 haer.
3331 5886 3558 5930 uss-iu.
