3850 6517
287 467 406 532 aas·

1695 469 1752 526 S.
1794 463 2133 522 EPthNll

296 588 492 660 Moysi,
516 605 621 645 non
649 575 868 659 potestis
897 586 1095 642 salvari
1114 586 1153 650 ¹,
1188 583 1380 656 ingens
1411 584 1536 642 inde
1562 586 1703 642 sacta
1719 601 1867 642 com·
1896 605 1941 660 Α
1970 585 2111 652 ξητε
2147 583 2252 637 τὸν
2284 583 2469 650 νόμον
2505 575 2819 642 Μωωέως,
2850 575 2920 629 οὐ
2951 572 3215 627 δύνασθε
3247 570 3554 641 σωθῆναι·

296 683 466 737 motio
501 689 608 744 est,
641 690 699 735 ut
749 687 876 734 ante
904 679 1168 734 diximus.
1214 678 1392 748 Atque
1451 678 1527 733 illi
1578 680 1680 750 ipsi
1736 686 1867 735 sunt

1979 674 2077 743 οὐχ
2100 677 2133 744 ἡ
2163 671 2401 743 τυχοῦσα
2423 671 2541 723 τότε
2576 667 2787 739 ταραχὴ
2832 664 3070 733 ἐγένετο,
3092 660 3168 726 ὡς
3197 661 3552 736 προείρηται.

296 786 436 839 quos
474 771 673 825 Paulus
710 769 876 824 salsos
907 769 1184 838 apostolos
1215 776 1396 833 vocat,
1423 769 1708 839 operarios
1738 767 1870 823 sub·
1968 764 2080 820 Καὶ
2102 758 2246 819 οὗτοί
2290 764 2425 815 εἰσιν
2466 763 2515 814 οἱ
2565 759 2716 829 παρὰ
2751 755 2828 826 τῷ
2866 754 3064 825 Παύλῳ
3088 752 3376 827 εἰρημένοι
3398 752 3560 825 ψευδ-

298 863 475 926 dolos,
507 859 965 916 transformantes
990 875 1048 916 se
1070 860 1125 915 in
1157 860 1434 930 apostolos
1475 860 1680 916 Christi
1719 861 1763 917 ².

369 1032 438 1088 V.
479 1033 716 1090 Matthaei
751 1035 897 1091 enirn
936 1034 1230 1106 Evangelio
1267 1049 1377 1089 non
1406 1034 1639 1105 integro,
1682 1033 1778 1091 sed
1804 1049 1872 1090 ex

302 1137 458 1197 parte
495 1127 764 1181 duntaxat
798 1134 1047 1192 utuntur,
1078 1126 1336 1181 nimirum
1368 1135 1588 1197 propter
1630 1126 1877 1196 genealo-

302 1220 469 1289 giam,
506 1233 630 1287 quae
676 1218 797 1288 ejus
838 1225 923 1273 est
967 1218 1149 1273 carnis
1181 1216 1423 1289 propria,
1466 1216 1610 1287 quod
1652 1215 1875 1286 quidem

305 1308 581 1380 Evangelii
636 1310 1004 1365 testimonium
1047 1308 1300 1373 afferunt,
1353 1316 1515 1378 atque
1561 1308 1634 1364 ita
1682 1305 1879 1378 praedi-

304 1409 454 1454 cant.
487 1398 688 1470 Sufficit
714 1400 996 1468 discipulo,
1029 1400 1079 1455 si
1125 1400 1195 1454 sit
1236 1401 1372 1454 sicut
1414 1400 1663 1468 ntaqister
1697 1402 1811 1468 ejtts
1836 1399 1877 1452 ³.

308 1490 450 1561 Quid
500 1490 686 1561 igitur,
739 1490 1032 1560 inquiunt?
1086 1491 1458 1547 Circumcisus
1494 1498 1579 1547 est
1604 1488 1882 1546 lesusztu

308 1594 527 1650 queque
562 1581 691 1649 ipse
724 1581 1136 1638 circumcidere.
1166 1581 1422 1638 Christus
1464 1597 1528 1637 ex
1575 1583 1710 1652 legis
1743 1597 1883 1652 prae·

310 1671 520 1743 scripto
547 1672 716 1726 vitam
741 1671 976 1727 instituit
1001 1689 1015 1726 ι
1041 1680 1097 1727 ιιι
1124 1672 1291 1744 igitur
1315 1671 1504 1728 eadem
1538 1672 1725 1729 facito.
1746 1672 1885 1727 Hinc

312 1762 560 1818 nonnulli
591 1762 672 1818 sic
710 1763 908 1820 abillis
932 1771 1192 1834 tanquam
1227 1765 1509 1821 venenatis
1542 1763 1888 1835 serpentibus

312 1851 527 1921 abrepti
557 1851 952 1908 verisimilibus
980 1851 1195 1906 illorum
1228 1851 1533 1907 rationibus
1578 1851 1889 1907 assentiun-

1970 855 2275 913 απόστολοι,
2322 854 2549 923 ἐργάται
2590 849 2783 914 δόλιοι,
2829 842 3438 916 μετασχηματιζόμενοι
3473 846 3559 910 εἰς

1972 943 2298 1006 ἀποστόλους
2326 940 2585 1014 Χριστοῦ.

2044 1037 2122 1090 E'.
2171 1034 2425 1106 Χρῶνται
2455 1032 2565 1102 γὰρ
2606 1030 2684 1101 τῷ
2721 1027 2863 1084 κατὰ
2907 1025 3182 1081 Ματθαίον
3227 1020 3560 1095 Εὐαγγελίῳ

1975 1127 2084 1181 ἀπὸ
2120 1127 2341 1198 μέρους,
2378 1125 2471 1177 καὶ
2526 1122 2648 1192 οὐχὶ
2678 1121 2783 1191 ὅλῳ
2806 1137 2821 1151 ·
2857 1117 2995 1172 ἀλλὰ
3033 1115 3124 1172 διὰ
3165 1115 3268 1186 τὴν
3306 1115 3563 1185 γενεαλο-

1977 1215 2104 1284 γίαν
2141 1214 2241 1286 τὴν
2276 1212 2559 1284 ἔνσαρκον,
2594 1211 2689 1265 καὶ
2731 1208 2933 1278 ταύτην
2978 1204 3284 1278 μαρτυρίαν
3326 1202 3563 1277 φέρουσι

1978 1304 2087 1359 ἀπὸ
2127 1302 2223 1357 τοῦ
2266 1301 2619 1370 Εὐαγγελίου,
2651 1299 2812 1353 πάλιν
2840 1296 3113 1364 λέγοντες,
3156 1295 3238 1349 ὅτι
3286 1293 3570 1365 'Apxetdr

1980 1390 2061 1460 τῷ
2077 1391 2337 1464 μαθητῇ,
2367 1392 2468 1445 ἵνα
2500 1389 2739 1460 γένηται
2760 1388 2843 1452 ὡς
2866 1388 2899 1440 ο·
2918 1383 3311 1451 διδάσκαλος.
3343 1383 3414 1437 Τί
3431 1378 3532 1439 οὖν
3547 1425 3566 1451 ,

1984 1483 2139 1553 φασί;
2163 1481 2518 1554 Περιετμήθη
2539 1481 2569 1532 ό
2600 1478 2824 1549 Ἰησοῦς·
2858 1473 3227 1547 περιτμὴθητι
3252 1473 3353 1528 καὶ
3375 1473 3567 1538 αὑτός.

1984 1573 2216 1647 Χριστὸς
2248 1570 2390 1627 κατὰ
2418 1570 2600 1643 νόμον,
2634 1569 2817 1639 φασὶν,
2847 1564 3248 1631 ἐπολιτεύσατο,
3276 1564 3377 1618 καὶ
3402 1563 3571 1628 αὐτὸς

1986 1668 2055 1720 τὰ
2090 1665 2180 1719 ίσα
2210 1665 2457 1734 ποίησον.
2491 1660 2654 1715 Ὅθεν
2699 1658 2794 1713 καί
2826 1673 2971 1720 τινες
2994 1659 3060 1710 ὲκ
3086 1654 3318 1720 τούτων,
3355 1654 3435 1720 ὡς
3463 1657 3575 1712 ὑπὸ

1987 1757 2326 1831 δηλητηρίων
2354 1751 2822 1826 ὑφαρπαχθέντες,
2865 1748 3141 1802 πείθονται
3182 1748 3304 1810 ταῖς
3336 1747 3573 1803 πιθανο-

1988 1849 2196 1918 λογίαις
2232 1847 2324 1902 διά
2360 1847 2421 1900 τὸ
2455 1845 2547 1900 τὸν
2590 1843 2824 1914 Χριστὸν
2875 1838 3327 1912 περιτετμῆσθαι.
3361 1838 3474 1897 Τὸν
3513 1839 3577 1895 Gk

312 1949 427 2006 tur,
458 1954 525 1995 ex
559 1954 625 1995 co
676 1940 912 1996 maxime
940 1942 1088 2010 quod
1118 1948 1172 1994 et
1211 1939 1464 1997 Christus
1511 1941 1890 1996 circumcisio·
1924 1939 1967 1994 Β
1991 1939 2202 1996 Παῦλον
2230 1935 2501 2002 ἀθετοῦσι,
2535 1936 2624 1991 διὰ
2651 1935 2713 1989 τὸ
2750 1935 2823 2006 μὴ
2850 1929 3134 1987 πείθεσθαι
3169 1932 3237 2002 τῇ
3267 1934 3574 2004 περιτομῇ.

315 2045 438 2085 nem
484 2031 807 2100 susceperit.
858 2031 1013 2098 Quod
1059 2031 1126 2087 ad
1171 2030 1400 2086 Paulum
1444 2033 1699 2103 pertinet,
1745 2033 1892 2087 hunc

315 2123 538 2194 penitus
564 2123 885 2193 explodunt,
921 2134 1205 2194 propterea
1237 2124 1380 2196 quod
1416 2124 1891 2180 circumcisionem

317 2213 608 2275 abdicarit.
651 2221 707 2270 et
732 2214 987 2272 eumdem
1030 2215 1238 2271 idcirco
1269 2217 1544 2286 rejiciunt,
1575 2215 1721 2286 quod
1750 2215 1893 2272 istud

317 2303 683 2372 usurpaverit.
710 2301 1018 2373 Quicunque
1048 2303 1103 2358 in
1138 2303 1243 2375 teqe
1264 2302 1641 2374 justificamini
1668 2317 1701 2356 a
1722 2302 1898 2372 qratia

314 2393 658 2461 exeuntum
704 2402 782 2462 et,
839 2393 903 2450 Si
950 2394 1428 2458 circumcidamini.
1477 2393 1721 2450 Christus
1765 2392 1899 2448 nisit

319 2485 461 2541 nobis
488 2485 720 2555 proderit
735 2487 787 2542 ⁸.

396 2571 481 2629 Vl.
524 2576 607 2631 Ad
650 2576 765 2630 haec
804 2575 1103 2635 cerinthus
1141 2577 1308 2634 homo
1347 2577 1600 2640 stolidus.
1641 2591 1707 2631 ac
1744 2572 1901 2631 stoli-

319 2663 516 2722 dorum
560 2667 845 2737 magister,
868 2666 1052 2724 dicere
1097 2668 1231 2723 nihil
1280 2676 1368 2725 est
1403 2669 1635 2734 veritus,
1675 2681 1898 2738 passum

321 2755 541 2828 quidem
585 2771 650 2811 ac
681 2757 1005 2813 crucifixum
1045 2774 1169 2816 esse
1202 2759 1504 2826 Christum,
1544 2759 1787 2817 nondum
1820 2766 1902 2815 ta-

320 2859 447 2902 men
491 2860 522 2899 a
573 2847 806 2904 mortuis
852 2848 1177 2915 excitatum,
1226 2863 1292 2904 ac
1348 2856 1464 2904 tum
1512 2849 1733 2905 demum
1775 2863 1900 2903 cun

324 2935 530 2991 mortui
564 2943 850 3007 resurgent
884 2952 1076 2994 omnes
1104 2938 1479 2995 excitandum.
1515 2939 1704 3009 ltaque
1753 2939 1904 3006 eius·

325 3027 472 3083 modi
504 3027 719 3083 illorum
759 3037 815 3085 et
848 3029 1014 3094 dieta,
1042 3037 1099 3084 et
1139 3029 1396 3099 dogmata
1439 3029 1717 3085 cohaerere
1748 3029 1904 3083 nullo

325 3118 488 3174 ruodo
515 3128 770 3189 possunt.
810 3119 1163 3192 lndidemque
1185 3119 1395 3177 Paulus
1425 3120 1508 3176 sic
1556 3136 1653 3177 eos
1688 3119 1781 3190 qui
1818 3134 1907 3176 re·

326 3217 676 3263 surrecturos
701 3217 949 3264 mortuos
976 3208 1282 3265 diffiderent
1307 3208 1601 3278 redarguit.
1627 3207 1689 3266 Si
1710 3210 1906 3264 mortui

2007 2031 2167 2087 Ἀλλά
2188 2033 2283 2085 καὶ
2305 2029 2650 2085 ὲκὸάλλουσιν
2670 2027 2855 2090 αὑτὸν,
2884 2022 3048 2079 διὰτὸ
3066 2023 3368 2095 εἰρηκέναι·
3399 2023 3578 2079 Ὅσοι

1994 2124 2064 2177 ἐν
2087 2123 2248 2192 νόμῳ
2271 2120 2634 2183 δικαιοῦσθε,
2664 2117 2776 2186 τῆς
2802 2116 3044 2187 χάριτος
3076 2113 3432 2180 ἐξεπέσατε·
3475 2115 3581 2169 καὶ

1995 2213 2100 2277 ὃτι,
2164 2211 2306 2265 Ἐὰν
2361 2207 2812 2281 περιτέμνησθε,
2867 2204 3124 2275 Χριστὸς
3176 2201 3336 2276 ὑμᾶς
3391 2203 3588 2261 οὐδὲν

1996 2303 2318 2374 ὠφελήσει.

2071 2575 2145 2629 Ζ’.
2180 2564 2348 2635 Οὗτος
2374 2569 2432 2624 δὲ
2456 2570 2485 2624 ὁ
2505 2565 2775 2640 Κήρινθος
2809 2563 3038 2634 ἀνόητος
3060 2562 3157 2618 καὶ
3180 2562 3422 2633 ἀνοήτων
3435 2562 3596 2623 διδά-

2004 2662 2202 2727 σκαλος
2229 2661 2427 2732 φάσκει
2457 2657 2619 2713 πάλιν
2644 2655 2945 2727 τολμήσας.
2984 2654 3222 2727 Χριστὸν
3251 2653 3587 2710 πεπονθέναι

2003 2756 2098 2811 καὶ
2125 2752 2525 2825 ἐσταυρῶσθαι,
2571 2750 2740 2822 μήπω
2771 2748 2829 2801 δὲ
2869 2745 3188 2819 ὲγηγίρθαι.
3239 2743 3469 2798 utiam
3511 2743 3575 2796 δὲ

2002 2843 2346 2910 ἀνίστασθαι,
2377 2845 2504 2899 ὅταν
2534 2845 2567 2914 ὴ
2594 2839 2823 2895 καθόλου
2859 2838 3080 2910 γένηται
3107 2832 3305 2904 νεκρῶν
3324 2830 3565 2885 ἀνάστα-

2006 2955 2113 3001 σις.
2167 2936 2472 2990 ’Δσύστατα
2514 2934 2693 2987 τοίνυν
2734 2930 2912 2986 ταῦτα
2953 2929 3078 3001 παρ’
3125 2925 3348 2988 ὶκείνοις
3387 2921 3465 2977 τά.
3503 2938 3574 2977 τε

2006 3029 2227 3101 ῥήματα
2260 3027 2357 3082 καὶ
2387 3027 2651 3098 νοήματα.
2687 3024 2853 3077 Ὅθεν
2882 3023 2978 3076 καὶ
2997 3023 3028 3076 ό
3052 3017 3261 3083 Παῦλος
3287 3012 3587 3089 taz-azmot-

2009 3132 2171 3189 μενος
2191 3119 2305 3181 τοῖς
2337 3116 2434 3187 μὲν
2462 3113 2754 3168 ἀπιποῦσι
2784 3115 2852 3185 τῇ
2896 3109 3186 3165 ἀναστάσει
3223 3106 3332 3163 τῶν
3367 3103 3588 3177 νεαρῶν

2006 3211 2073 3281 τῇ
2115 3205 2381 3279 μελλούσῃ
2409 3206 2647 3270 ἔσεσθαι,
2671 3204 2838 3274 λέγει·
2880 3205 2947 3259 Et
2967 3199 3164 3269 νεκροί
3181 3199 3292 3254 οὐκ
3311 3196 3574 3269 ἐγείρον-

326 3313 429 3351 non
465 3307 763 3368 resur-qum,
807 3315 970 3370 neque
1004 3297 1248 3356 Christus
1291 3302 1579 3356 resurrexit
1597 3301 1642 3356 ⁸.
1673 3299 1907 3356 Eodem·
1933 3286 1977 3344 (ἶ
2009 3317 2125 3367 ται,
2147 3296 2289 3354 οὐδὲ
2311 3296 2566 3368 Χριστὸς
2591 3295 2921 3366 ἐγήγερται·
2951 3294 3044 3349 καὶ
3069 3291 3151 3355 τὸ.
3173 3288 3464 3363 &W
3485 3298 3596 3343 m

327 3403 436 3460 que
470 3392 705 3459 pertinet
749 3390 881 3445 illud
913 3410 926 3446 ι
966 3390 1203 3447 Edamtts
1228 3400 1279 3447 et
1312 3392 1572 3461 bibamus,
1607 3408 1728 3448 cras
1769 3392 1909 3447 enim

328 3480 671 3537 moriemur-⁷.
714 3481 873 3554 114
900 3481 1038 3536 Turn
1075 3483 1220 3538 istud
1253 3501 1270 3539 ι
1310 3481 1495 3539 Nolite
1531 3500 1752 3540 errare:
1777 3482 1912 3540 Cor·

328 3580 576 3641 rumpunt
608 3572 770 3627 bonos
816 3589 987 3628 mores
1026 3574 1289 3645 colloquia
1309 3576 1538 3644 ρναυαῑ.
1581 3576 1662 3630 Ac
1690 3591 1911 3632 rursum

328 3679 454 3732 eos,
501 3665 593 3735 qui
638 3664 918 3721 Christum
968 3665 1150 3721 adhuc
1200 3667 1571 3722 resurrexisse
1613 3675 1910 3738 negarent,

327 3753 435 3810 hoc
500 3754 662 3807 modo
708 3755 1028 3810 convincit:
1066 3754 1127 3809 Si
1160 3751 1403 3810 Christus
1446 3772 1549 3810 nou
1599 3759 1909 3823 resurrexit,

330 3861 466 3899 vana
506 3854 584 3900 est
625 3846 937 3914 praedicatio
978 3856 1197 3908 nostra:
1226 3847 1404 3901 inanis
1446 3856 1495 3900 et
1531 3848 1659 3915 fides
1703 3859 1912 3904 restra:

330 3936 624 3989 invenimur
651 3944 827 3990 autem
867 3944 916 3990 et
961 3936 1089 4006 [alsi
1121 3945 1275 3991 testes
1309 3936 1428 4001 Dei,
1467 3939 1718 4007 quoniam
1746 3939 1915 3993 susci·

332 4029 463 4083 tavit
503 4027 790 4094 Christum,
834 4044 987 4098 quem
1017 4045 1122 4082 non
1151 4029 1483 4085 suscitavit’.
1517 4028 1727 4095 Quibus
1770 4030 1914 4086 indi·

330 4127 449 4182 cat,
505 4117 786 4174 Christum
844 4133 875 4173 a
937 4121 1171 4175 mortuis
1220 4121 1518 4174 excitatum
1585 4120 1914 4190 praedicasse

330 4209 554 4279 quidem
601 4188 1211 4282 apostolos,'quasdam
1249 4223 1379 4264 vero
1417 4209 1655 4264 haereses
1698 4209 1914 4266 tametsi

331 4301 642 4357 surrexisse
700 4299 979 4356 Christum
1033 4307 1386 4365 assererent,
1437 4307 1781 4355 mortuorum
1832 4308 1917 4356 ta-

333 4406 458 4445 men
494 4392 952 4448 resurrectionem
995 4406 1249 4462 negasse.
1300 4389 1512 4446 Etenim
1561 4391 1618 4446 in
1660 4391 1762 4448 hac
1798 4392 1915 4463 ipsa

334 4479 556 4550 regione
602 4480 764 4545 Asiae,
798 4495 1013 4536 necnon
1073 4488 1129 4536 et
1176 4480 1229 4534 in
1262 4476 1474 4536 Galatia
1517 4481 1733 4537 illorum
1768 4481 1918 4552 ejus·

2009 3389 2250 3458 πίωμεν·
2274 3389 2481 3458 αὔριον
2493 3385 2603 3457 γὰρ
2617 3386 3094 3456 ἀποθνήσκομεν·
3109 3381 3206 3437 καὶ
3220 3380 3302 3446 rb,
3319 3379 3418 3449 Μὴ
3441 3381 3600 3435 κλα-

2009 3480 2220 3537 νᾶσθε·
2242 3482 2591 3551 φθείρουσιν
2610 3477 2725 3547 ἢθη
2755 3479 2989 3548 χρηστὰ
3011 3475 3240 3546 ὁμιλίαι
3255 3469 3457 3527 κακαί·
3481 3468 3596 3527 αἱ·

2010 3573 2095 3630 λιν
2113 3574 2170 3628 δὲ
2198 3576 2313 3637 τοῖς
2332 3572 2552 3643 λέγουσι
2574 3572 2666 3625 τὸν
2693 3569 2922 3642 Χριστὸν
2960 3569 3191 3638 μηδέπω
3221 3561 3598 3637 ὲγηγερμάγαν

2011 3665 2274 3731 ὡσαύτως
2300 3666 2391 3720 τὸν
2422 3664 2644 3735 ἔλεγχον
2690 3660 2960 3732 ἐπιφέρει,
2991 3659 3190 3728 λέγων·
3237 3661 3305 3713 Et
3339 3654 3600 3728 Χριστύ(

2012 3758 2125 3813 οὐκ
2165 3757 2493 3828 ἐγήγερται,
2525 3755 2783 3826 μάταιον
2817 3752 2884 3811 τὸ
2921 3749 3201 3821 κήρυγμα
3243 3748 3439 3819 ὼιῶν,
3482 3762 3598 3819 μα·-

2014 3848 2151 3903 rata
2176 3848 2274 3903 καὶ
2296 3850 2335 3918 ἡ
2358 3849 2563 3913 πίστις
2591 3843 2778 3916 ὑμῶν·
2804 3843 3200 3913 εὑρισκόμεθα
3223 3839 3293 3894 δὲ
3325 3839 3425 3893 καί
3447 3841 3595 3908 ψευ-

2014 3940 2377 4010 δομάρτιρες
2408 3939 2515 3994 τοῦ
2547 3938 2719 4004 Θεοῦ,
2745 3937 2832 3991 ὅτι
2856 3935 3054 4007 ἤγειρε
3079 3933 3185 3988 τὸν
3209 3928 3492 4001 Χριστὸν,
3522 3929 3598 3985 ὃν

2014 4033 2126 4086 οὐκ
2170 4031 2426 4102 ἤγειρεν·
2456 4032 2532 4095 ὡς
2564 4030 2675 4085 τῶν
2727 4030 2827 4102 μὲν
2863 4028 3177 4084 ἀποστόλων
3215 4024 3601 4096 κηρυττόντων

2016 4122 2250 4193 Χριστὸν
2301 4122 2615 4193 ὲγηγέρθαι,
2674 4121 2833 4176 τινῶν
2894 4119 2953 4175 δὲ
3007 4119 3269 4190 αἱρέσεων
3319 4113 3604 4186 λεγουσῶν

2016 4208 2252 4279 Χριστὸν
2294 4211 2392 4281 μὲν
2436 4210 2754 4282 ὲγηγέρθαι,
2793 4211 3022 4281 νεκροὺς
3062 4208 3121 4262 δὲ
3152 4206 3228 4279 μὴ
3258 4203 3600 4276 ἐγείρεσθαι.

2030 4301 2118 4353 Ἐν
2143 4298 2314 4374 ταύτῃ
2339 4301 2445 4371 γὰρ
2472 4305 2538 4374 τῇ
2579 4303 2821 4376 πατρίδι,
2850 4302 2994 4373 φημὶ
3021 4301 3080 4354 δὲ
3129 4301 3305 4372 ’Δσίᾳ,
3335 4297 3476 4353 ἀλλά
3504 4297 3602 4359 καὶ

2017 4389 2077 4442 ἐν
2099 4392 2167 4461 τῇ
2198 4391 2436 4464 Γαλατίᾳ
2460 4394 2600 4447 πάνυ
2624 4393 2842 4464 ἠκμασε
2874 4393 2936 4447 τὺ
2968 4391 3173 4447 τούτων
3201 4389 3599 4456 διδασκαλεῖον,

2020 4483 2077 4535 ὲν
2097 4477 2178 4545 οἷς
2202 4481 2296 4537 καί
2319 4501 2371 4537 τι
2402 4483 2751 4554 παραδόσεως
2777 4486 3010 4557 πρᾶγμα
3034 4478 3198 4554 ἦλθεν
3217 4484 3300 4545 είς
3321 4483 3499 4554 ἡμᾶς·
3522 4480 3601 4545 ὡς

335 4569 482 4627 modi
529 4571 716 4627 schola
772 4574 1094 4642 cumprimis
1137 4587 1203 4628 ac
1243 4572 1533 4643 disciplina
1594 4571 1797 4630 floruit.
1840 4573 1917 4630 De
1949 4612 1997 4672 ο
2020 4574 2179 4628 τινῶν
2210 4574 2308 4646 μὲν
2330 4578 2459 4647 παρ’
2481 4577 2663 4642 αὐτοῖς
2688 4575 3107 4650 προφθανόντων
3127 4573 3445 4644 τελευτῆσαι
3465 4574 3600 4628 ἀνευ

334 4678 445 4733 quo
490 4662 638 4720 istud
683 4677 714 4718 a
765 4663 1070 4734 majoribus
1100 4663 1363 4720 traditum
1407 4665 1740 4736 accepimus,
1779 4680 1915 4721 non·

336 4755 518 4811 nullos
541 4772 608 4811 ex
636 4770 704 4812 eo
730 4770 927 4829 genere
957 4756 1094 4812 citra
1126 4757 1461 4826 baptismum
1492 4757 1826 4825 excessisse,
1849 4771 1916 4812 ac

334 4863 436 4919 pro
466 4849 532 4904 iis
564 4849 702 4904 alios
745 4848 1076 4920 baptismum
1112 4847 1431 4904 eorumdem
1467 4847 1777 4917 suscepisse
1822 4863 1917 4903 no·

337 4930 506 5004 mine,
542 4956 612 4997 ne
639 4955 763 4996 cum
805 4950 1049 4995 extrema
1079 4940 1294 4995 demum
1325 4939 1728 4996 resurrectione
1754 4954 1914 4994 revo-

337 5033 446 5086 cati
474 5032 542 5087 ad
575 5032 741 5086 vitam
787 5039 994 5097 essent,
1035 5030 1389 5101 praetermissi
1432 5029 1688 5102 baptismi
1727 5044 1919 5100 poenas

337 5119 728 5190 dependerent,
756 5130 919 5190 atque
947 5120 1070 5190 ejus
1098 5122 1193 5190 qui
1237 5121 1500 5177 mundum
1532 5121 1781 5177 condidit
1816 5119 1920 5174 do·

338 5213 624 5269 minatioui
673 5214 985 5269 subessent.
1029 5211 1199 5282 Cujus
1242 5213 1320 5267 rei
1377 5211 1548 5283 gratia
1595 5221 1917 5284 usurpatum

338 5303 476 5360 illud
507 5306 578 5360 ab
611 5306 873 5376 Apostolo
898 5304 1086 5361 eadem
1110 5305 1179 5361 ad
1202 5320 1303 5360 nos
1332 5305 1609 5360 auditione
1643 5306 1910 5374 perlatum

334 5403 467 5452 cst.
454 5415 467 5428 ·
502 5393 563 5450 Si
596 5397 808 5452 omnino
838 5399 1034 5453 mortui
1061 5413 1165 5452 ιιοιι
1194 5406 1492 5467 resurqunt,
1521 5395 1647 5465 quid
1675 5395 1914 5468 estquod

2024 4664 2417 4736 βαπτίσματος,
2451 4666 2644 4731 ἄλλους
2675 4667 2733 4722 δὲ
2761 4669 2876 4724 ἀντ’
2908 4667 3090 4722 αὐτῶν
3130 4668 3209 4730 είς
3244 4664 3418 4735 ὄνομα
3453 4662 3602 4717 ὲκεί-

2022 4773 2128 4810 νων
2155 4757 2528 4828 βαπτίζεσθαι,
2559 4760 2697 4833 ὑπὲρ
2729 4760 2824 4814 τοῦ
2862 4759 2937 4833 μὴ
2970 4761 3027 4813 ὲν
3051 4761 3119 4831 τῇ
3148 4756 3444 4812 ἀναστάσει
3466 4755 3603 4809 ἀνα-

2024 4848 2253 4912 στάντας
2282 4850 2479 4913 αὐτοὺς
2502 4848 2657 4923 δίκην
2684 4850 2867 4905 δοῦναι
2894 4850 3181 4923 τιμωρίας,
3214 4847 3498 4919 βάπτισμα
3523 4847 3601 4921 μὴ

2022 4937 2332 5011 εἰληφότας,
2355 4940 2611 5009 ’γίνεσθαι
2657 4942 2715 4995 δὲ
2764 4942 3109 5015 ὑποχειρίους
3138 4941 3239 5012 τῆς
3268 4937 3364 4995 τοῦ
3392 4956 3603 5010 κοσμο··

2020 5031 2174 5087 ποιοῦ
2204 5031 2470 5100 ἐξουσίας.
2505 5034 2616 5087 Καὶ
2634 5033 2825 5089 τούτου
2854 5034 3017 5089 ἕνεκα
3044 5035 3077 5105 ἡ
3107 5033 3403 5105 παράδοσις
3423 5030 3538 5103 (94)
3563 5031 3601 5101 ἡ

2019 5121 2249 5177 ἐλθοῦσα
2286 5124 2367 5187 εἰς
2408 5125 2556 5194 ἡμᾶς
2583 5141 2715 5196 φησι
2744 5125 2836 5180 τὸν
2868 5126 3032 5180 αὑτὸν
3070 5125 3225 5194 ἅγιον
3272 5121 3604 5178 Ἀπόστολον

2019 5213 2319 5285 εἰρηκέναι·
2359 5216 2430 5269 Et
2457 5215 2613 5284 ὅλως
2642 5217 2843 5287 νεκροὶ
2878 5221 2993 5274 οὐκ
3023 5217 3372 5289 ἐγείρονται,
3407 5216 3467 5270 τί
3495 5215 3603 5271 καὶ

2013 5303 2402 5368 βαπτίζονται
2428 5307 2580 5376 ὑπὲρ
2598 5307 2796 5363 αὐτῶν
2810 5326 2830 5375 ,·
2858 5308 3055 5372 Καλῶς
3079 5309 3138 5362 δὲ
3169 5309 3319 5364 ἀλλοι
3344 5309 3405 5362 τὸ
3433 5309 3604 5380 ῥητὸν

2023 5397 2440 5470 ἑρμηνεύοντες,
2472 5402 2635 5470 φασὶν
2666 5403 2749 5457 ὅτι
2794 5403 2846 5457 oi.
2876 5401 3163 5473 μέλλοντες
3194 5401 3472 5473 τελευτᾷν,
3500 5404 3602 5458 ἐὰν

332 5542 343 5551 ’
411 5553 577 5610 ¹Act.
613 5572 702 5623 xv
738 5556 790 5610 1
864 5555 1117 5610 ²11(.or.
1153 5571 1227 5622 xl,
1260 5556 1315 5612 3.
1391 5554 1629 5612 ’Manln
1664 5573 1717 5621 x,
1749 5555 1841 5610 25.
1919 5555 2140 5614 Ι’(ἷιιΙιιῑ
2176 5579 2228 5626 v,
2257 5560 2307 5617 ί.
2384 5560 2560 5618 'ibim
2592 5562 2648 5618 2.
2728 5559 2954 5619 ⁸1C0r.
2983 5578 3074 5627 xv,
3117 5560 3205 5618 16.
3290 5561 3472 5616 ’luith
3501 5559 3593 5615 32

339 5623 520 5681 ‘ibim
551 5627 642 5682 55.
718 5626 885 5682 ’ibid
940 5627 1030 5693 tt,
1062 5627 1150 5681 15.

416 5779 529 5850 (94)
566 5780 676 5837 Καὶ
729 5780 944 5836 τούτου
984 5780 1166 5836 ἕνεκα
1206 5783 1243 5849 ἡ
1297 5781 1647 5853 παράδοσις.
1701 5780 1911 5839 Tertul.

345 5848 441 5907 lib.
479 5851 554 5906 De
589 5868 758 5907 resur.
791 5861 844 5906 et
873 5868 901 5906 ι·
931 5863 1096 5907 contr.
1116 5851 1260 5909 Mar.
1287 5855 1492 5911 adeum
1519 5851 1737 5908 modum
1767 5851 1911 5921 Apo-

2022 5781 2147 5905 stoli
2182 5783 2360 5838 locum
2402 5779 2554 5836 illum
2586 5777 2939 5850 explicatzde
2970 5794 3079 5851 quo
3102 5779 3438 5850 interpretes
3458 5788 3605 5832 con-

2026 5867 2088 5905 Sll
2114 5866 2164 5908 Θ.
