3850 6517
246 432 348 496 6oe

873 423 1245 514 Anvmtsqs
1282 425 1626 487 ttAERssssss
1663 426 1793 488 un.
1832 429 1875 487 1.
1917 425 2085 490 ΤΟΜ.
2124 432 2266 488 tt.-
2305 430 2578 490 ttAEttES.
2618 432 2790 490 XXX.

3387 434 3494 495 ΗΟ

244 545 505 621 ὡρίζετο·
529 541 596 597 ἐκ
622 539 815 613 χρόνου
840 539 900 595 δέ
926 555 1073 603 τινος
1122 541 1219 595 καὶ
1248 541 1410 615 δεῦρο
1449 546 1497 598 οἱ
1531 544 1720 609 αὺτοῦ,
1752 545 1830 609 ὡς
1858 554 1901 609 Α
1933 544 2135 603 Verum
2169 548 2457 619 aliquanto
2508 547 2580 604 ab
2617 548 2747 603 hinc
2781 555 3023 618 tempore
3067 546 3125 602 in
3174 546 3499 605 hodiernum

243 642 325 704 τίς
350 635 654 693 ἀσύστατον
680 633 778 688 καὶ
800 633 1084 704 ἀμήχανον
1110 632 1409 704 τρέψαντες
1434 635 1525 689 τὸν
1550 637 1680 690 ἴδιον
1700 635 1824 691 νοῦν

242 730 392 789 mm
420 727 599 792 ἂλλως
645 724 779 797 παρ’
804 724 991 789 αὐτοῖς
1035 724 1273 795 Χριστοῦ
1312 725 1647 797 διηγοῦνται.
1671 728 1825 799 Τάχα

241 820 299 875 δὲ
336 813 494 890 οἶμαι
538 814 650 871 ἀπὸ
688 813 786 867 τοῦ
832 811 1171 883 συναφθῆναι
1220 814 1406 879 αὐτοῖς
1459 816 1708 882 Ἠλξαῖον
1729 818 1825 872 τὸν

243 907 718 983 ψευδοπροφήτην,
747 902 841 959 τὸν
866 905 1017 976 παρὰ
1042 906 1157 969 τοῖς
1195 905 1492 977 Ἀμψηνοῖς
1524 909 1541 940 ¹
1581 908 1677 961 καὶ
1711 909 1828 964 Ὀσ-

245 1001 431 1072 αηνοτς
486 996 584 1053 καὶ
637 994 1006 1058 Ἔλκεσσαίοις
1060 994 1439 1067 καλουμένοις,
1495 996 1573 1061 ὡς
1617 999 1825 1064 ἐκεῖνος

245 1087 551 1160 φαντασίαν
602 1084 724 1140 τινά
764 1085 898 1157 περὶ
931 1083 1170 1156 Χριστοῦ
1226 1086 1513 1157 διηγεῖται,
1561 1088 1656 1141 καὶ
1693 1088 1824 1160 περὶ

247 1180 563 1251 Πνεύματος
587 1176 767 1246 ἁγίου.
797 1175 958 1239 Τινὲς
982 1176 1093 1246 γὰρ
1117 1174 1178 1240 ἐξ
1203 1176 1390 1230 αὐτῶν
1410 1178 1506 1231 καὶ
1537 1177 1707 1250 ’Δδάμ
1728 1178 1825 1233 τὸν

250 1269 486 1342 Χριστὸν
502 1263 644 1321 εἶναι
670 1265 913 1334 λέγουσι,
938 1264 1035 1319 τὸν
1058 1264 1279 1336 πρῶτον
1300 1264 1609 1321 πλασθέντα
1637 1283 1699 1320 τε
1726 1268 1823 1321 καὶ

248 1357 631 1431 ἐμφυσηθέντα
660 1355 772 1409 ἀπὸ
793 1354 896 1426 τῆς
922 1354 1018 1410 τοῦ
1050 1354 1188 1410 Θεοῦ
1214 1356 1519 1421 ἐπιπνοίας.
1549 1357 1735 1412 ’Δλλοι
1763 1358 1822 1412 δὲ

246 1449 307 1503 ὲν
321 1448 506 1511 αὐτοῖς
535 1444 791 1514 λέγωσιν
826 1441 1032 1498 ἀνωθεν
1071 1444 1172 1515 μὲν
1198 1443 1348 1509 ὅντα,
1384 1445 1491 1517 πρὸ
1516 1448 1733 1501 πάντων
1763 1446 1823 1501 δὲ

247 1537 537 1594 κτισθέντα
580 1534 798 1607 πνεῦμα
845 1533 1000 1600 ὄντα,
1032 1534 1130 1589 καὶ
1161 1536 1303 1608 ὑπὲρ
1364 1538 1629 1607 ἀγγέλους
1669 1538 1821 1603 ὄντα,

250 1628 470 1682 πάντων
496 1642 558 1679 τε
602 1622 942 1696 κυριεύοντα,
991 1616 1088 1676 καῖ’
1142 1624 1382 1696 Χριστὸν
1425 1625 1701 1694 λέγεσθαι,
1732 1626 1826 1681 τὸν

251 1716 432 1769 ἐκεῖσε
452 1713 511 1767 δὲ
540 1711 713 1767 αίῶνα
751 1710 1157 1783 κεκληρῶσθαι.
1184 1713 1483 1785 Ἔρχεσθαι
1507 1714 1564 1768 δὲ
1591 1714 1827 1769 ἐνταῦθα

247 1806 341 1859 ὅτε
393 1803 663 1875 βούλεται,
713 1803 791 1867 ὡς
833 1803 932 1857 καὶ
972 1805 1032 1858 ὲν
1078 1802 1161 1874 τῷ
1206 1803 1379 1875 ’Δδάμ
1405 1800 1559 1877 ἦλθε,
1590 1805 1829 1871 καὶτοῖς

1926 653 2101 709 usque
2126 639 2293 704 diem,
2325 639 2419 709 qui
2449 640 2571 709 ejus
2602 654 2844 695 errorem
2877 639 3050 694 secuti
3101 646 3250 704 sunt,
3301 639 3500 695 animis

1921 742 2112 783 eornm
2175 727 2233 782 in
2299 727 2541 783 absurda
2597 741 2663 781 ac
2721 726 2978 797 perplexa
3030 726 3187 795 12⁷
3247 724 3497 796 quaedam

1922 817 2204 887 abreptis,
2233 815 2351 871 'alii
2404 816 2565 869 aliter
2609 814 2678 871 de
2725 815 2947 870 Christo
2996 815 3368 884 pronuntiant.
3423 814 3500 868 Ae

1922 908 2193 979 suspicari
2238 920 2375 961 sane
2423 904 2571 971 licet,
2600 905 2670 959 ab
2713 918 2782 958 eo
2835 911 3081 972 tempore
3124 918 3234 975 quo
3288 919 3346 959 se
3390 902 3501 957 illis

1922 999 2140 1055 Elxaeus
2168 997 2418 1068 adjunxit
2450 995 2623 1051 salsus
2648 994 2871 1064 qnidam
2905 996 3192 1065 propheta,
3229 997 3321 1065 qui
3358 993 3499 1066 apud

1925 1084 2260 1157 Sampsenos
2287 1091 2344 1139 et
2371 1082 2617 1138 Ossenos
2645 1094 2812 1153 atque
2839 1082 3141 1137 Elcessaeos
3171 1084 3403 1146 exstitit,
3432 1082 3503 1138 ab

1918 1173 2116 1230 eodem
2171 1172 2396 1229 edoctos
2445 1171 2743 1227 confictum
2775 1171 2845 1228 de
2894 1172 3120 1227 Christo
3170 1187 3236 1227 ac
3292 1172 3504 1243 Spiritu

1919 1274 2115 1322 sancto
2143 1263 2330 1319 nescio
2356 1262 2490 1334 quid
2527 1261 2745 1318 effutire
2772 1264 3032 1333 coepisse.
3073 1261 3331 1318 Nonnulli
3357 1262 3504 1318 enim

1918 1370 1989 1410 ex
2028 1354 2097 1410 iis
2125 1353 2396 1410 Adamum
2442 1351 2619 1408 fuisse
2664 1353 2946 1409 Christum
2994 1353 3315 1424 praedicant,
3348 1354 3502 1409 illum

1919 1440 2143 1512 inquam
2164 1438 2453 1506 Adamum,
2481 1440 2576 1511 qui
2608 1440 2820 1510 primus
2846 1455 2876 1493 a
2905 1438 3016 1495 Deo
3048 1438 3321 1496 formatus
3362 1440 3508 1509 eins-

1919 1530 2046 1586 deni
2077 1538 2165 1587 est
2192 1531 2468 1586 animatus
2495 1529 2700 1585 amatu.
2729 1529 2836 1585 Alii
2860 1545 2893 1586 e
2915 1530 3057 1585 coelo
3079 1529 3358 1585 Christum
3383 1542 3508 1587 esse

1920 1617 2280 1681 confitentur,
2322 1617 2420 1674 sed
2464 1625 2593 1673 ante
2624 1618 2808 1673 omnia
2835 1625 3106 1681 creatum,
3137 1631 3204 1673 ac
3243 1618 3503 1688 spiritum

1923 1727 2050 1768 esse
2066 1709 2383 1781 quemdam,
2413 1711 2727 1782 angelisque
2754 1716 3036 1780 praestare,
3068 1718 3234 1779 atque
3261 1710 3506 1764 omnium

1929 1816 2117 1857 rerum
2171 1800 2512 1856 dominatum
2562 1807 2771 1866 tenere,
2831 1800 3092 1871 appellari
3133 1814 3299 1870 porro
3349 1799 3506 1856 Chri-

247 1893 615 1967 πατριάρχαις
669 1891 924 1961 ἐφαίνετο
973 1890 1295 1962 ἐνδυόμενος
1343 1893 1407 1946 τὸ
1455 1893 1617 1966 σῶμα
1636 1910 1652 1925 ·
1689 1893 1830 1965 πρὸς
1858 1921 1903 1977 Β
1931 1902 2097 1952 stum.
2131 1893 2236 1961 Qui
2265 1909 2390 1949 cum
2422 1899 2740 1963 perpetuam
2768 1893 2881 1947 illic
2913 1892 3306 1947 habitationem
3338 1890 3507 1952 norti-

257 1986 510 2059 ’Δδραάμ
555 2001 620 2039 τε
663 1983 835 2038 ἐλθὼν
876 1983 973 2038 καὶ
1015 1982 1206 2037 Ἰσαὰκ
1235 1982 1332 2037 καὶ
1370 1984 1585 2049 Ἰακὼὸ,
1616 1985 1829 2049 όαύτδς

245 2078 332 2132 ἐπ’
385 2077 634 2148 ἐσχάτων
689 2075 796 2131 τῶν
850 2074 1073 2147 ἡμερῶν
1100 2069 1255 2146 ἦλθε,
1285 2075 1381 2129 καὶ
1406 2076 1541 2130 αὐτὸ
1577 2074 1641 2129 τὸ
1668 2075 1830 2146 σῶμα

241 2170 336 2224 τοῦ
366 2168 540 2239 ’Δδάμ
559 2167 864 2234 ἐνεδύσατο,
884 2167 980 2221 καὶ
1000 2164 1159 2238 ὤφθη
1182 2166 1487 2239 ἄνθρωπος,
1516 2167 1611 2220 καὶ
1632 2168 1829 2219 ἐσταυ-

244 2260 419 2333 ρώθη,
448 2261 541 2314 καὶ
557 2259 779 2331 ἀνέστη,
797 2258 895 2313 καὶ
924 2257 1172 2331 ἀνῆλθεν.
1198 2259 1366 2314 Πάλιν
1390 2259 1449 2314 δὲ
1476 2259 1568 2313 ὅτε
1603 2257 1829 2329 βούλον·

240 2366 333 2404 ται
382 2350 652 2418 λέγωσιν,
679 2349 836 2420 Οὐχὶ,
867 2348 1006 2405 ἀλλὰ
1027 2351 1109 2413 τίς
1153 2350 1320 2405 αὐτὸν
1343 2346 1476 2422 ἦλθε
1495 2348 1827 2421 τδΠνεῦμα,

246 2440 385 2508 ὅπερ
414 2439 564 2492 ἐστὶν
592 2440 624 2492 ό
647 2439 901 2509 Χριστὸς,
929 2440 1026 2494 καὶ
1060 2439 1351 2495 ἐνεδύσατο
1389 2440 1556 2495 αὐτὸν
1587 2440 1683 2494 τὸν
1722 2440 1831 2510 Ἰη-

254 2528 387 2581 σοῦν
415 2528 765 2598 καλούμενον.
813 2531 925 2584 Καὶ
973 2529 1143 2602 πολλὴ
1170 2533 1300 2603 παρ’
1324 2532 1510 2596 αὐτοῖς
1537 2532 1826 2600 σκότωσις,

252 2615 439 2670 ἄλλοθι
484 2615 659 2681 ἄλλως
707 2619 802 2672 καὶ
843 2619 1022 2682 ἄλλως
1055 2621 1217 2673 αὐτὸν
1248 2622 1677 2692 ὑποτιθεμένοις.
1715 2622 1830 2676 Καὶ

249 2706 504 2777 δέχονται
527 2705 627 2777 μὲν
649 2706 743 2760 καὶ
767 2704 1002 2759 astet-:b
1020 2705 1167 2762 κατὰ
1177 2705 1454 2760 Ματθαῖον
1479 2707 1825 2775 Εὐαγγέλιον·

243 2796 425 2867 τούτῳ
472 2797 582 2868 γὰρ
620 2797 715 2850 καὶ
763 2796 944 2861 αὐτοὶ,
1000 2794 1081 2860 ὥς
1137 2796 1231 2849 καὶ
1279 2796 1331 2850 oi
1377 2796 1519 2851 κατὰ
1561 2795 1832 2868 Κήρινθον

240 2887 485 2958 χρῶνται
518 2887 666 2959 μόνῳ
695 2904 708 2919 ·
738 2884 967 2941 καλοῦσι
991 2886 1051 2939 δὲ
1076 2885 1213 2939 αὐτὸ
1242 2886 1385 2940 κατὰ
1420 2885 1725 2958 Ἐὅραίους,
1754 2885 1830 2951 ὥς

241 2977 315 3032 τὰ
336 2978 515 3050 ἀληθῆ
544 2980 691 3033 ἐστιν
715 2980 914 3044 εἰπεῖν,
940 2978 1021 3031 δτι
1045 2976 1328 3042 Ματθαίος
1352 2977 1518 3049 μόνος
1546 2977 1828 3049 Ἐὀραίστὶ

244 3067 341 3121 καὶ
406 3068 717 3139 Ἐδραῖκοῖς
773 3066 1092 3137 γράμμασιν
1146 3067 1206 3119 ἐν
1255 3068 1323 3137 τῇ
1366 3064 1540 3139 Καινῇ
1582 3066 1829 3141 Διαθήκῃ

244 3157 541 3230 ἐποιήσατο
590 3158 690 3229 τὴν
741 3157 837 3211 τοῦ
872 3156 1206 3227 Εὖαγγελίου
1238 3155 1456 3210 έκθεσίν
1486 3173 1547 3210 τε
1595 3158 1694 3211 καὶ
1724 3158 1830 3228 κή-

1930 1996 2022 2044 tus
2061 1987 2152 2052 sit,
2199 1987 2415 2056 quoties
2458 1986 2679 2042 libuerit
2727 1987 2785 2041 in
2831 1987 2949 2042 baec
2982 1986 3168 2041 intima
3213 1987 3508 2052 delabitur,

1930 2073 2387 2143 quemadmodum
2421 2074 2477 2129 in
2510 2073 2720 2128 Adamo
2746 2072 3028 2130 descendit
3060 2083 3117 2129 et
3176 2074 3509 2144 patriarchis

1927 2178 2159 2235 corpore
2185 2163 2560 2220 circumfusus
2591 2164 2879 2234 apparuit;
2910 2164 3058 2220 velut
3086 2180 3210 2220 cnm
3241 2166 3309 2220 ad
3333 2165 3485 2221 Abra

1929 2255 2178 2321 hamum,
2208 2253 2479 2318 Isaacnm,
2505 2262 2560 2310 et
2582 2253 2846 2310 Iacobum
2890 2256 3045 2311 adiit.
3096 2255 3242 2311 idem
3275 2255 3508 2327 dentque

1889 2390 1903 2406 .
1927 2348 2230 2420 postremis
2260 2347 2603 2418 temporibus
2650 2348 2821 2412 venit,
2865 2346 3061 2402 Adami
3111 2361 3342 2417 corpore
3378 2361 3507 2403 con-

1929 2446 2134 2502 tectus,
2161 2446 2217 2494 et
2244 2438 2412 2492 homo
2438 2437 2590 2492 visus
2623 2444 2729 2502 est,
2779 2437 2837 2491 in
2889 2451 3110 2492 crucem
3140 2438 3391 2493 sublatos
3418 2453 3506 2495 ro·-

1929 2527 2190 2595 surrexit,
2216 2534 2271 2582 et
2301 2526 2546 2583 ascendit
2577 2526 2632 2581 in
2662 2528 2885 2582 coelum.
2923 2525 3140 2585 Rursus
3166 2529 3257 2584 ubi
3291 2529 3507 2585 libuerit

1930 2618 2008 2672 ita
2042 2632 2167 2674 sese
2205 2632 2321 2673 rem
2355 2618 2556 2673 habere
2586 2625 2823 2686 negant;
2876 2618 2932 2670 in
2978 2631 3212 2687 eumque
3244 2618 3508 2672 duntaxat

1930 2723 2055 2764 sese
2088 2716 2340 2761 sanctum
2367 2704 2635 2761 infudisse
2663 2705 2954 2775 Spiritum,
2980 2707 3073 2776 qui
3097 2716 3183 2761 est
3208 2722 3330 2777 ipse
3354 2706 3509 2763 Chri-

1930 2805 2084 2862 stus,
2152 2810 2388 2866 eumque
2447 2795 2541 2865 qni
2588 2792 2751 2849 lesus
2810 2803 3040 2851 vocatus
3097 2804 3183 2851 est
3238 2798 3507 2855 induisse.

1930 2886 2296 2953 Quamobrem
2327 2883 2655 2939 densissima
2688 2882 2934 2952 quaedam
2963 2883 3071 2938 illis
3099 2890 3182 2939 est
3214 2885 3389 2941 offusa
3416 2901 3508 2941 ca-

1931 2977 2059 3047 ligo,
2092 2974 2226 3030 dum
2256 2971 2396 3031 alias
2426 2973 2586 3028 aliter
2628 2972 2699 3028 de
2730 2971 2952 3029 Christo
2973 2975 3231 3045 opinione
3258 2991 3359 3031 sua
3391 2985 3509 3031 sta-

1934 3074 2117 3123 tuunt.
2167 3067 2346 3137 Atque
2401 3066 2759 3137 Evangelium
2809 3065 2886 3120 illi
2937 3067 3158 3135 quidem
3207 3068 3509 3123 secumdum

1933 3158 2248 3214 Matthaeum
2275 3157 2595 3223 admittunt,
2626 3174 2737 3229 quo
2768 3158 2887 3213 solo
2918 3157 3395 3216 cerinthianorum
3423 3160 3509 3217 vel

244 3263 446 3320 ρυγμι.
483 3249 625 3320 Ἤδη
650 3249 709 3303 δέ
732 3264 838 3303 που
861 3248 956 3301 καί
975 3264 1122 3311 τινες
1154 3246 1316 3300 πάλιν
1341 3246 1569 3317 ἔφασαν,
1592 3248 1687 3301 καὶ
1716 3247 1825 3301 ἀπὸ
1849 3239 1896 3296 G
1937 3249 2427 3304 Merinthianorum
2474 3248 2650 3303 instar
2695 3256 2945 3314 utuntur,
2989 3251 3154 3322 idque
3198 3252 3378 3322 ipsum
3423 3268 3508 3310 se-

151 3319 162 3327 *
244 3338 343 3409 τῆς
375 3337 692 3411 Ἑλληνικῆς
715 3338 992 3393 διαλέκτου
1025 3337 1120 3392 καὶ
1148 3338 1211 3392 τὸ
1240 3338 1382 3393 κατὰ
1429 3338 1687 3410 Ἰωάννην
1727 3354 1827 3409 με-

250 3427 520 3499 ταληφθὶν
542 3429 799 3501 Ἔδραῖδα
828 3428 1166 3502 ὲμφέρεσθαι
1197 3430 1257 3482 ἐν
1285 3431 1398 3494 τοῖς
1416 3430 1526 3483 τῶν
1561 3428 1829 3485 Ἰουδαίων

252 3512 696 3583 γαζοφυλακίοις,
739 3519 881 3588 φημὶ
910 3518 970 3572 δὲ
1000 3521 1116 3582 τοῖς
1171 3520 1230 3572 ὲν
1270 3518 1572 3587 Τιδεριάδι,
1604 3520 1700 3573 καὶ
1744 3520 1833 3573 ὲν-

242 3599 566 3657 ammas
583 3603 646 3656 ἐν
669 3604 1031 3676 ἀποκρύφοις,
1052 3605 1129 3670 ὥς
1141 3624 1285 3671 τινες
1301 3606 1412 3660 τῶν
1431 3609 1541 3661 ἀπὸ
1553 3608 1825 3663 Ἰουδαίων

242 3691 690 3748 πεπιστευκότων
737 3695 1095 3768 ὑφηγήσαντο
1128 3700 1263 3768 ἡμῖν
1307 3697 1453 3751 κατὰ
1499 3698 1826 3771 λεπτότητα.

242 3784 318 3837 θύ
347 3782 454 3854 μὴν
481 3784 617 3838 ἀλλὰ
653 3787 748 3840 καὶ
797 3788 909 3841 τῶν
956 3787 1220 3856 Πράξεων
1253 3787 1361 3840 τῶν
1388 3788 1704 3842 ἀποστόλων
1732 3788 1832 3861 τὴν

245 3875 424 3947 βίὸλον
456 3877 723 3941 ὡσαύτως
751 3879 862 3932 ἀπὸ
898 3877 1155 3941 Ἑλλάδος
1191 3876 1444 3947 γλώσσης
1468 3879 1548 3941 είς
1575 3878 1831 3950 Ἐδραῖδα

246 3966 681 4037 μεταόληθεῖσαν
707 3968 867 4036 λόγος
892 3966 1031 4036 ἔχει,
1063 3967 1158 4021 καὶ
1184 3967 1364 4019 ἐκεῖσε
1396 3967 1609 4023 κεῖσθαι
1626 3968 1687 4021 ὲν
1717 3971 1831 4034 τοῖς

244 4058 699 4126 γαζοφυλακίοις,
729 4059 806 4123 ὡς
850 4058 948 4112 καὶ
990 4058 1099 4112 ἀπὸ
1123 4058 1318 4114 τούτου
1340 4060 1468 4125 τοὺς
1491 4061 1825 4130 ἀναγνόντας

256 4146 549 4209 Ἰουδαίους
596 4147 725 4211 τοὺς
778 4147 911 4218 ἡμῖν
959 4139 1419 4221 ὑφηγησαμένους
1470 4152 1551 4215 εἰς
1591 4151 1826 4223 Χριστὸν

245 4237 697 4293 πεπιστευκέναι.

1931 3339 2174 3395 cundum
2214 3339 2474 3395 Hebraeos
2508 3339 2806 3409 appellant.
2858 3340 3073 3394 Etenim
3105 3355 3232 3396 vere
3265 3341 3399 3396 illud
3428 3339 3507 3397 ai·

1929 3432 2147 3486 firmare
2178 3445 2496 3500 possumus,
2524 3444 2690 3483 unum
2736 3444 2805 3484 ex
2847 3429 3103 3485 omnihus
3143 3428 3279 3485 Novi
3316 3430 3506 3488 Testa-

1925 3521 2094 3576 menti
2129 3521 2492 3592 scriptoribus
2536 3519 2847 3576 llatthaeum
2880 3519 3163 3585 Hebraice,
3199 3536 3264 3576 ac
3311 3521 3507 3580 litteris

1927 3611 2211 3669 Hebraicis
2250 3614 2624 3684 evangelicam
2658 3613 2944 3668 historiam
2975 3614 3236 3670 texuisse.
3270 3613 3381 3669 Nec
3414 3615 3506 3670 de·

1929 3701 2081 3759 [uere
2108 3704 2203 3774 qui
2241 3704 2310 3760 de
2338 3703 2569 3760 Ioannis
2598 3703 2894 3774 Evangelio
2928 3704 3340 3768 confirmarent,
3372 3704 3506 3760 illud

1929 3790 2195 3847 llehraice
2222 3793 2546 3847 translatum
2589 3790 2879 3845 Tiberiade
2912 3791 2964 3844 in
2991 3789 3306 3846 Judaeornm
3346 3806 3506 3863 gazo-

1927 3882 2190 3953 phylaciis
2219 3882 2515 3947 asservari,
2547 3889 2604 3936 et
2644 3881 2699 3935 in
2749 3882 3139 3937 secretioribus
3181 3882 3506 3954 quibusdam

1926 3971 2303 4042 penetralibus
2340 3967 2565 4026 recondi
2598 3988 2612 4024 2
2645 3972 2699 4025 id
2737 3973 2884 4041 quod
2928 3973 3178 4027 nonnulli
3223 3975 3377 4039 milii,
3411 3974 3504 4044 qui

1931 4079 1992 4118 se
2023 4062 2092 4116 ad
2116 4061 2324 4116 Christi
2353 4061 2512 4115 tidem
2537 4076 2569 4117 e
2591 4058 2880 4115 ludaismo
2905 4064 3320 4129 transtulerant,
3343 4077 3502 4117 accu-

1927 4154 2208 4210 ratissime
2257 4152 2630 4207 declararunt.
2679 4150 2793 4206 lmo
2821 4158 2876 4206 et
2926 4154 3293 4222 apostolorum
3336 4151 3503 4209 Actus

1930 4242 1989 4298 in
2049 4241 2380 4298 Hebraicum
2450 4255 2759 4297 sermonem
2835 4240 3058 4311 perinde
3127 4255 3424 4298 conversos
3474 4256 3504 4299 e

245 4328 434 4383 Graeco
474 4328 670 4385 iisdem
714 4329 774 4385 in
822 4329 1099 4389 thesauris
1136 4332 1326 4389 baberi
1366 4334 1662 4392 multorum
1707 4348 1963 4391 sermone
1991 4334 2305 4405 percrebuit
2347 4333 2492 4404 :qui
2541 4334 2700 4389 nobis
2764 4333 2869 4388 ista
2923 4333 3221 4388 narrabant
3268 4333 3502 4391 indidem

246 4418 572 4475 Christianae
609 4422 1004 4491 amplectendae
1046 4422 1170 4481 fidei
1212 4426 1562 4483 occasionem
1597 4435 1951 4497 acceperunt.

315 4511 390 4564 Δ’.
422 4505 533 4565 Ἦν
568 4511 625 4565 δέ
658 4530 743 4577 τις
767 4515 949 4570 αὐτῶν
981 4515 1264 4588 Ἰώσηπος,
1285 4519 1430 4590 οὑχὸ
1452 4520 1821 4591 συγγραφεὺς,
1852 4525 1903 4585 D
2012 4517 2104 4574 tv.
2149 4518 2278 4574 Fuit
2322 4534 2390 4574 ex
2440 4518 2661 4572 illorum
2700 4531 2929 4572 numero
2972 4516 3244 4590 «Iosephus
3283 4521 3501 4592 quidam

246 4602 343 4656 καὶ
386 4603 819 4677 ἱστοριογράφος,
846 4609 942 4661 καὶ
967 4609 1197 4674 παλαιὸς
1234 4611 1466 4676 ἐκεῖνος,
1506 4611 1622 4664 ἀλλ’
1649 4613 1679 4665 ὁ
1713 4612 1824 4666 ἀπὸ

244 4692 580 4767 Τιδεριάδος,
603 4697 633 4750 ό
659 4697 719 4751 έν
746 4698 957 4771 χρόνοις
973 4698 1069 4751 τοῦ
1087 4702 1393 4773 μακαρίτου
1412 4703 1821 4758 Κωνσταντίνου

243 4780 339 4835 τοῦ
367 4781 803 4852 βασιλεύσαντος,
831 4785 926 4839 τοῦ
950 4787 1206 4859 γέροντος
1227 4804 1242 4819 ·
1267 4789 1328 4855 δς
1373 4792 1470 4845 καὶ
1498 4793 1630 4865 παρ’
1651 4794 1819 4849 αὐτοῦ

243 4870 340 4926 τοῦ
374 4871 640 4943 βασιλέως
686 4875 996 4948 ἀξιώματος
1041 4880 1298 4952 κομήτων
1333 4881 1513 4956 ἔτυχε,
1548 4886 1644 4939 καὶ
1665 4885 1820 4951 ἐξου-

245 4963 369 5018 σίαν
394 4965 615 5034 εἴληφεν
649 4969 706 5020 ὲν
737 4970 804 5039 τῇ
839 4968 976 5040 αὐτῇ
1004 4970 1279 5043 Τιῦεριάδι
1325 4974 1653 5047 Ἐκκλησίαν
1683 4975 1818 5049 Χρι·

244 5053 357 5123 στῷ
411 5054 648 5128 ἱδρῦσαι,
695 5059 791 5111 καὶ
820 5060 880 5111 ὲν
926 5063 1330 5136 Διοκαισαρείᾳ,
1372 5067 1468 5120 καὶ
1497 5068 1557 5121 ὲν
1589 5070 1818 5142 Καπερ-

242 5143 439 5213 ναοῦμ,
474 5146 568 5199 καὶ
597 5149 719 5211 ταῖς
750 5139 937 5213 ἄλλαις
955 5167 970 5182 ·
1009 5150 1067 5215 ὃς
1092 5153 1189 5207 καὶ
1219 5154 1392 5212 πολλὰ
1429 5158 1697 5213 πέπονθεν
1726 5160 1818 5214 ὑπ’

242 5231 425 5287 αὐτῶν
463 5234 572 5288 τῶν
636 5236 924 5304 Ἰουδαίων,
979 5242 1110 5313 πρὶν
1149 5242 1183 5313 ἢ
1215 5244 1294 5315 τῷ
1318 5247 1537 5301 Βασιλεῖ
1587 5252 1818 5320 ἐμφανι-

243 5322 461 5393 σθῆναι.
518 5320 688 5392 υῦτος
736 5328 847 5401 γάρ
895 5332 926 5384 ὀ
980 5332 1241 5403 Ἰώσηπος
1283 5338 1393 5391 τῶν
1449 5341 1579 5411 παρ’
1637 5342 1819 5407 αὐτοῖς

241 5412 633 5487 ἀξιωματικῶν
686 5420 895 5493 ἀνδρῶν
952 5423 1265 5498 ἐναρίθμιος
1294 5423 1384 5499 ἦν.
1423 5430 1547 5485 Εἰσὶ
1584 5432 1641 5487 δὲ
1672 5426 1818 5490 οὗτοι

242 5505 386 5575 μετὰ
430 5505 525 5560 τὸν
572 5509 917 5582 πατριάρχην
970 5514 1082 5584 (ld)
1127 5512 1413 5573 ἀπόστολοι
1458 5518 1782 5590 καλούμενοι
1799 5536 1814 5550 ·

315 5640 331 5669 ¹
372 5636 431 5692 F.
458 5640 789 5712 Σαμψηνοίς.

312 5743 425 5829 (lsi)
471 5750 603 5804 Είσὶ
644 5750 714 5804 δὲ
755 5748 919 5807 οὗτοι
954 5754 1105 5823 μετὰ
1128 5755 1234 5810 τὸν
1255 5756 1641 5827 πατριάρχην.
1682 5760 1815 5816 Tam

242 5819 681 5886 patriarcharum
710 5861 725 5887 ,
780 5838 941 5892 quain
996 5828 1366 5895 apostolorum
1413 5828 1706 5899 dignitates
1753 5847 1820 5887 ac

1890 4625 2035 4667 'non
2064 4611 2311 4668 historiae
2339 4608 2431 4663 ille
2468 4609 2703 4678 scriptor
2739 4608 2903 4678 128
2947 4612 3231 4681 antiquus,
3277 4614 3371 4666 sed
3411 4612 3499 4666 Ti-

1923 4704 2270 4759 beriadensis
2302 4703 2461 4764 alter,
2495 4700 2588 4770 qui
2635 4700 2805 4754 beatae
2850 4703 3130 4756 niemoriae
3157 4702 3506 4761 Constantini

1922 4796 2158 4851 senioris
2187 4793 2535 4866 imperatoris
2576 4798 2737 4847 aetatc
2778 4790 2914 4845 vixit
2943 4807 2958 4844 :
2992 4804 3023 4843 a
3061 4805 3172 4860 quo
3202 4792 3366 4845 etiam
3398 4792 3509 4847 Co·

1922 4886 2167 4941 mitivam
2198 4886 2429 4956 accepit,
2462 4901 2586 4941 cum
2615 4900 2678 4940 ea
2717 4889 3010 4953 potestate,
3038 4890 3100 4938 ut
3132 4895 3256 4938 cum
3288 4884 3343 4938 in
3370 4884 3511 4941 urbe

1922 4980 2040 5049 ipsa
2054 4976 2381 5045 Tiberiadis,
2410 4986 2525 5032 tum
2567 4976 2943 5037 Diocaesareae,
2969 4975 3378 5046 Capharnauini
3436 4990 3502 5034 ae

1920 5068 2119 5124 vicinis
2166 5069 2292 5123 aliis
2342 5069 2399 5122 in
2432 5068 2647 5139 oppidis
2691 5067 2971 5123 Ecclesias
3004 5067 3057 5120 in
3091 5065 3299 5122 Christi
3329 5067 3504 5123 hono-

1921 5175 2037 5215 rem
2063 5167 2389 5215 exstrueret.
2427 5160 2530 5226 Qui
2563 5160 2781 5231 quidem
2811 5158 3129 5228 priusquam
3161 5157 3226 5212 ad
3257 5159 3498 5228 impera·

1921 5250 2060 5305 toris
2099 5250 2352 5305 notitiam
2402 5250 2761 5320 pervenisset,
2807 5246 3213 5316 quamplurima
3259 5249 3327 5302 ab
3364 5250 3499 5322 ipsis

1918 5335 2124 5392 Judaeis
2147 5347 2234 5393 est
2261 5353 2479 5408 passus,
2525 5338 2736 5393 Etenim
2765 5335 2857 5389 hic
2885 5336 3004 5405 ipse
3035 5333 3308 5407 Iosephus
3333 5356 3397 5395 ex
3430 5341 3499 5398 il-

1920 5428 2098 5484 lorum
2124 5439 2245 5485 erat
2273 5430 2486 5494 ordine,
2520 5430 2612 5501 qni
2649 5430 2790 5500 apud
2823 5426 3040 5484 Judaeos
3075 5430 3374 5502 principem
3422 5434 3498 5488 lo·

1918 5535 2044 5574 cum
2084 5520 2372 5590 dignitatis
2411 5519 2659 5574 obtinent
2688 5532 2871 5588 :quos
2917 5518 3138 5590 quidem
3191 5522 3491 5576 secundum

1918 5765 2182 5820 vocabula
2214 5765 2358 5835 apud
2398 5765 2617 5823 Judaeos
2641 5764 2862 5822 nonnisi
2891 5776 3013 5838 post
3038 5767 3190 5821 urbis
3214 5765 3485 5822 excidium

1920 5846 2179 5906 usurpata
2223 5837 2498 5892 videntur.
2536 5837 2609 5893 De
2639 5836 2970 5908 patriarchis
3012 5839 3066 5892 in
3113 5833 3324 5892 Theod.
3359 5840 3485 5892 cod.
