3850 6517
306 541 448 603 ¹083

979 530 1350 589 ADVERSUS
1385 529 1729 588 nAERESEs
1763 528 1891 585 Lm.
1936 526 2002 585 ll.
2033 528 2197 586 Tou.
2239 528 2279 584 l.
2322 561 2388 571 —-
2431 530 2702 587 uAEnEs.
2741 528 2876 584 ΗΧ.

3417 521 3558 584 103⁴

374 653 433 705 ι’.
478 647 571 700 Ἐν
600 644 710 716 γάρ
737 642 817 714 τῷ
856 640 1103 712 μέλλοντι
1145 642 1324 706 αἰῶνι,
1357 642 1496 715 μετὰ
1539 641 1637 714 τὴν
1666 642 1875 715 ἀνθρώ·
1904 648 1953 706 A
2047 644 2118 699 X.
2149 643 2361 700 Etenim
2411 643 2467 728 in
2501 644 2687 698 futuro
2715 641 2916 699 saeculo
2938 648 3061 711 post
3087 639 3323 695 bominis
3349 639 3558 695 obitum

306 758 412 797 «mu
478 736 831 806 ἀπαλλαγὴν,
883 734 944 786 οὐ
1006 732 1261 804 νηστείας
1316 734 1618 806 πορισμὸς,
1668 735 1731 789 οὐ
1787 751 1893 806 μεᾰ

305 832 532 896 τανοίας
583 830 795 899 κλῆσις,
846 827 948 880 οὐκ
1002 825 1370 898 ὲλεημοσὺνης
1421 827 1711 892 ἐπίδειξις·
1771 826 1886 880 ἀλλ’

305 921 434 977 οὔτε
455 917 815 990 ἐγκλημάτων
850 916 1010 988 ἔργα,
1041 916 1103 968 οὺ
1140 915 1394 985 πόλεμος,
1424 916 1487 969 οὐ
1524 915 1761 987 μοιχεία,
1788 916 1890 970 οὐκ

308 1014 588 1082 ἀσέλγεια,
611 1010 725 1063 ἀλλ’
750 1008 873 1062 οὔτε
891 1006 1208 1076 δικαιοσύνη
1232 1006 1327 1059 καὶ
1356 1007 1633 1077 μετάνοια.
1667 1008 1754 1071 Ὠς
1777 1007 1887 1079 γὰρ

309 1103 452 1177 μετὰ
483 1100 741 1173 θερισμὸν
776 1099 872 1153 τοῦ
904 1101 1137 1170 στάχυος
1172 1101 1273 1153 οὐκ
1300 1099 1380 1153 ἔνι
1424 1097 1761 1171 παχυνθῆναι
1796 1099 1891 1152 τὸν

308 1194 530 1258 κόκκον,
580 1192 681 1245 οὐκ
725 1190 1094 1262 ἀνεμοφθόρον
1133 1190 1408 1260 γενέσθαι,
1454 1190 1555 1243 οὐκ
1596 1189 1676 1243 ἔνι
1719 1190 1891 1259 εὐπά-

310 1283 436 1339 θειά
462 1301 547 1348 τις
575 1282 757 1354 ἑτέρα.
799 1280 962 1335 ’Δλλά
982 1282 1058 1353 μὴ
1095 1281 1224 1351 λέγε
1266 1298 1358 1351 μοι
1379 1283 1479 1352 τῆς
1507 1280 1794 1352 ἀποθήκης
1818 1282 1889 1335 τά

312 1373 634 1445 φθάρματα,
706 1371 955 1426 τουτέστι
1026 1372 1121 1426 καὶ
1182 1371 1469 1443 σκώληκας
1522 1374 1619 1428 καὶ
1679 1376 1846 1445 σῆτας
1869 1392 1885 1408 ·

310 1462 489 1516 ταῦτα
516 1461 624 1531 γάρ
655 1459 746 1513 διὰ
768 1459 836 1513 τά
864 1460 924 1515 ὲν
962 1458 1042 1531 τῷ
1077 1458 1235 1513 αἰῶνι
1280 1460 1509 1530 γίνεται.
1545 1461 1618 1516 Τὸ
1645 1462 1703 1515 δὲ
1726 1464 1890 1517 ἀπει-

312 1550 653 1622 κονισμένον,
683 1552 779 1605 καὶ
809 1550 869 1603 ὲν
899 1549 1097 1614 πύλαις
1119 1551 1254 1621 ἡμῖν
1283 1552 1594 1623 εἰρημένον,
1626 1552 1723 1606 καὶ
1751 1553 1889 1607 ἀπο*

314 1642 459 1713 θήκη
497 1640 924 1712 ησφαλισμένον,
967 1639 1202 1705 πίστεώς
1248 1643 1397 1697 ἐστιν
1446 1643 1751 1716 ὑπόδειγμα
1794 1647 1890 1700 καὶ

313 1731 697 1803 δπογραμμός.
750 1733 941 1787 Ἔνθα
987 1731 1126 1786 οὔτε
1169 1732 1393 1802 λῃσταί
1448 1734 1888 1803 διορύττουσιν,

312 1821 456 1877 οὔτε
506 1822 692 1891 σῆτες
732 1819 1147 1892 ἀφανίζουσιν,
1176 1824 1255 1888 ὡς
1299 1824 1404 1895 ἔφη
1454 1827 1484 1879 ὁ
1530 1825 1671 1891 θεῖος
1709 1827 1889 1897 λόγος.

314 1910 456 1967 Οὔτε
477 1914 590 1984 μὴν
638 1913 905 1984 πορισμὸς
947 1913 1251 1979 εὐσεὸείας,
1300 1914 1423 1969 οὔτε
1458 1920 1765 1987 μετανοίας,
1815 1920 1895 1984 ὡς

316 2000 473 2072 ῐφην,
518 2002 656 2072 μετὰ
696 2001 943 2059 θάνατον.
995 2003 1069 2056 Οὐ
1129 2003 1238 2075 γάρ
1284 2005 1535 2077 Λάζαρος
1592 2009 1894 2081 ἀπέρχεται

317 2091 454 2165 πρὸς
473 2093 565 2147 τὸν
593 2093 845 2148 πλούσιον
866 2096 999 2160 ἐκεῖ,
1020 2092 1145 2148 οὔτε
1173 2096 1203 2149 ὀ
1226 2094 1480 2161 πλούσιος
1503 2097 1637 2169 πρὸς
1664 2100 1757 2152 τὸν
1780 2100 1897 2154 Λά-

318 2182 482 2255 ζαρον
508 2200 523 2215 ·
570 2181 694 2237 οὔτε
736 2182 983 2256 Ἀδραάμ
1026 2184 1346 2239 ἀποστέλλει
1389 2186 1636 2240 σκύλλων
1669 2188 1759 2243 τὸν
1798 2190 1899 2243 πέ-

315 2289 455 2344 νητα
485 2273 786 2343 πλουτῆσαι
832 2273 1087 2345 ὕστερον·
1123 2274 1250 2329 οὔτε
1287 2278 1319 2329 ὁ
1347 2276 1603 2343 πλούσιος
1623 2271 1700 2332 ὧν
1721 2281 1896 2334 αίτεῖ-

319 2378 430 2428 ται,
475 2363 680 2434 καίπερ
726 2364 865 2433 μετὰ
914 2365 1143 2428 ἱκεσίας,
1186 2365 1276 2419 τὸν
1322 2365 1590 2438 ἐλεήμονα
1648 2369 1900 2443 Ἀδραάμ

321 2452 709 2524 παρακαλέσας
755 2454 798 2507 ¹.
842 2451 1235 2524 Ἐσφράγισται
1283 2455 1390 2527 γάρ
1413 2458 1482 2511 τὰ
1518 2462 1767 2529 ταμιεῖα,
1801 2478 1900 2516 πε-

320 2541 426 2613 πλή
435 2558 600 2613 ρωται
624 2544 653 2595 ὁ
672 2541 882 2614 χρόνος,
908 2543 1003 2596 καὶ
1021 2545 1049 2596 ὀ
1070 2541 1223 2612 ἀγὼν
1244 2544 1520 2618 ἐτελέσθη,
1542 2548 1637 2601 καὶ
1653 2549 1896 2623 ἑκενώθη

318 2634 381 2687 τὸ
410 2635 659 2706 σκάμμα,
691 2630 786 2689 καί
815 2638 867 2689 ol
898 2636 1154 2707 στέφανοι
1186 2637 1447 2709 ἐδόθησαν
1463 2655 1479 2670 ·
1504 2640 1600 2694 καὶ
1623 2641 1899 2710 ἀγωνισά-

322 2743 472 2795 μενοι
499 2726 873 2781 ἀνεπαύσαντο
900 2728 921 2760 ²
945 2744 961 2760 ·
994 2728 1087 2781 καὶ
1125 2727 1177 2783 o!
1213 2729 1289 2800 μὴ
1320 2728 1623 2797 φθάσαντες
1661 2730 1894 2800 ὲξῆκαν·

320 2814 417 2868 καὶ
451 2816 500 2868 ol
526 2815 600 2886 μὴ
631 2816 1030 2886 ἀγωνισάμενοι
1058 2815 1242 2896 ορκέτι
1271 2816 1592 2890 εὐποροῦσι·
1632 2818 1731 2874 καὶ
1761 2820 1813 2874 οἱ
1838 2820 1899 2875 έν

322 2905 404 2978 τῷ
437 2908 722 2980 σκάμματι
744 2906 1067 2984 ἡττηθέντες
1089 2906 1453 2979 ὲξεδλὴθησαν
1469 2924 1484 2939 ·
1513 2908 1699 2962 καὶτὰ
1720 2909 1901 2967 πάντα

325 2999 519 3070 σαφῶς
541 2999 880 3053 τετελείωται
909 2998 1048 3071 μετὰ
1068 2998 1166 3068 τὴν
1190 2999 1441 3053 ἐντεῦθεν
1462 2985 1899 3071 siliquis-1:81⁸

319 3085 379 3141 δὲ
404 3088 575 3143 ὄντων
606 3092 665 3143 ὲν
688 3090 767 3161 τῷ
808 3089 980 3164 άγιῖῃι
1013 3088 1250 3153 πάντων,
1272 3089 1368 3143 καὶ
1407 3089 1552 3161 μετὰ
1582 3090 1790 3145 πτῶσιν
1818 3092 1898 3147 ἔνι

322 3178 637 3244 ἀνάστασις,
686 3181 766 3233 ἔτι
807 3179 986 3245 ἐλπὶς,
1026 3178 1111 3233 ἔτι
1155 3178 1443 3251 θεραπεία,
1481 3179 1563 3233 ἔτι
1604 3181 1894 3252 ὁμολογία·

1988 737 2175 792 nullus
2204 734 2441 807 amplius
2476 734 2671 803 ieiunii
2724 740 2969 803 quaestus
2991 739 3112 799 est;
3145 745 3254 785 non
3292 731 3557 801 poeniten-

1990 829 2079 883 tiae
2114 828 2367 893 vocati03
2415 840 2526 881 non
2575 825 2934 896 eleemosynae
2973 823 3132 894 502
3171 822 3415 878 ostensio
3448 828 3557 877 est.

1992 917 2101 973 Sed
2134 933 2314 988 neque
2336 917 2661 972 criminibus
2688 916 2816 969 ullis
2845 916 3023 981 locus,
3054 930 3163 969 non
3193 914 3418 978 bellum,
3446 928 3562 968 non

1990 1009 2340 1073 adulterium.
2371 1024 2481 1063 non
2514 1006 2788 1070 libidines,
2827 1022 3004 1078 neque
3035 1022 3067 1062 e
3097 1008 3376 1062 contrario
3398 1004 3564 1074 justi·
3600 1055 3607 1065 ,

1988 1103 2066 1155 tia
2089 1102 2174 1156 vel
2200 1101 2541 1171 poenitentia.
2590 1098 2724 1154 Nam
2773 1098 2917 1155 sieut
2958 1099 3206 1154 demessa
3232 1098 3402 1167 spica,
3432 1111 3562 1167 gra·

1989 1208 2121 1247 num
2147 1206 2251 1247 nee
2292 1199 2511 1262 turgere
2542 1190 2823 1261 deinceps,
2866 1204 3043 1261 neque
3079 1197 3243 1244 vento
3283 1187 3560 1258 corrumpi
3617 1230 3620 1233 .

1992 1289 2159 1353 atque
2205 1296 2553 1346 evanescere,
2594 1296 2701 1336 nec
2747 1279 2886 1335 affici
2929 1280 3165 1350 amplius
3207 1287 3403 1349 potest.
3452 1277 3564 1333 Nec

1990 1371 2252 1441 estquod
2282 1371 2431 1425 illam
2464 1370 2601 1424 mihi
2637 1369 3007 1439 corruptelam
3049 1369 3303 1438 objicias,
3343 1383 3465 1439 quae
3503 1372 3562 1421 in

1991 1459 2207 1516 horreis
2247 1460 2491 1517 accidit:
2527 1460 2833 1532 cujusmodi
2859 1466 2989 1515 sunt
3024 1473 3234 1513 vermes
3291 1473 3356 1513 ae
3383 1458 3561 1513 tineae.

1991 1550 2118 1607 Raec
2147 1551 2292 1607 enim
2335 1553 2405 1608 ad
2436 1566 2503 1608 ea
2529 1566 2654 1623 quae
2692 1550 2749 1606 in
2790 1550 2989 1607 saeculo
3033 1559 3319 1620 geruntur,
3364 1550 3560 1605 adum-

1992 1639 2204 1696 branda
2269 1649 2538 1711 spectant.
2601 1640 2760 1707 Quod
2816 1647 3000 1694 autem
3059 1639 3415 1695 similitudine
3470 1640 3563 1694 illa

1993 1731 2328 1796 declaratur,
2372 1738 2429 1787 et
2461 1732 2516 1785 in
2546 1731 2721 1802 portis
2747 1746 2869 1787 esse
2894 1730 3118 1797 dicitur,
3155 1738 3317 1802 atque
3345 1731 3398 1786 in
3431 1730 3564 1786 bor-

1993 1819 2104 1875 reis
2131 1819 2436 1884 eonditum‚
2472 1821 2540 1875 ad
2571 1821 2878 1890 exemplum
2924 1819 3080 1883 fidei,
3134 1836 3199 1875 ac
3247 1822 3566 1878 delineatio-

1994 1925 2118 1965 nem
2149 1910 2405 1966 rel'ertur.
2442 1909 2546 1965 Ubi
2572 1928 2734 1981 neque
2753 1910 2896 1979 [ιιι-ιι
2921 1912 3199 1980 effodiunt,
3228 1929 3391 1983 neque
3412 1913 3564 1967 tinem

1995 2010 2375 2070 corrumpunt,
2405 2010 2466 2056 ut
2499 2002 2764 2072 scriptum
2796 2009 2882 2057 est
2902 2002 2942 2056 ⁸.
2997 2000 3100 2076 Sed
3134 2018 3312 2072 neque
3347 2003 3565 2073 pietatis

1996 2092 2169 2146 ullum
2219 2092 2432 2147 lucrum
2481 2102 2594 2156 est,
2649 2099 2743 2147 aut
2776 2094 3124 2163 poenitentiae‚
3174 2095 3254 2149 uti
3301 2094 3562 2158 diximus.

1996 2190 2121 2252 post
2184 2192 2435 2240 mortem.
2497 2183 2618 2239 Non
2677 2185 2825 2240 enim
2886 2183 3129 2240 Lazarus
3186 2185 3298 2239 illie
3357 2186 3425 2241 ad
3488 2184 3567 2240 di·

1996 2275 2163 2329 vitem
2221 2275 2441 2345 pergin
2519 2290 2700 2345 neque
2757 2275 2912 2331 dives
2970 2274 3040 2329 ad
3105 2274 3397 2330 Lazarum.
3460 2274 3567 2331 Ne-

1998 2378 2105 2435 que
2157 2363 2432 2419 Abrabam
2482 2380 2773 2436 pauperem
2830 2365 3027 2429 mittit,
3084 2374 3178 2419 aut
3228 2366 3281 2421 ei
3324 2366 3566 2421 laborem

1999 2454 2230 2520 indicit,
2276 2463 2337 2509 ut
2376 2464 2567 2525 postea
2612 2456 2870 2511 ditescat.
2910 2453 3098 2525 Neque
3139 2453 3292 2510 dives
3332 2468 3398 2510 ea
3444 2470 3567 2524 quae

1999 2546 2370 2616 postulaverat
2395 2584 2412 2609 ,
2498 2546 2752 2616 impetrat
2794 2564 2808 2600 ι
2861 2545 3077 2600 tametsi
3153 2543 3566 2599 misericordem

1997 2634 2372 2692 Abrabamum
2446 2636 2660 2706 magnis
2732 2635 2986 2705 precibus
3041 2635 3314 2689 obsecrat.
3381 2632 3565 2705 Siqui-

1998 2723 2122 2782 dem
2172 2725 2459 2796 obsignata
2518 2734 2643 2781 sunt
2696 2724 3109 2795 promptuaria,
3158 2732 3322 2795 atque
3382 2727 3563 2796 esple-

1998 2824 2117 2873 tum
2149 2824 2366 2888 tempus
2399 2825 2506 2883 est,
2535 2825 2814 2872 certamen
2841 2817 3172 2876 conlectum.
3201 2831 3434 2871 vacuum
3454 2824 3567 2871 sta-

1999 2911 2182 2977 dium4
2221 2908 2530 2964 distributae
2577 2922 2815 2971 coronm,
2857 2908 3071 2962 athletae
3109 2907 3278 2977 quieti
3316 2922 3377 2963 se
3412 2907 3582 2964 dede·

2004 3011 2158 3057 runt.
2187 3000 2372 3071 Atqui
2414 3009 2687 3055 certamen
2719 3015 2825 3053 non
2853 3000 3169 3069 attigerunt,
3207 2999 3412 3054 nullam
3447 3014 3564 3053 am·

2000 3092 2145 3162 plius
2165 3090 2286 3160 ejus
2320 3090 2531 3159 copiam
2562 3089 2799 3155 habent;
2835 3098 2890 3143 et
2917 3089 3010 3159 qui
3036 3090 3090 3144 iu
3118 3090 3297 3146 stadio
3320 3090 3564 3160 superati

2001 3190 2151 3243 sunt,
2181 3179 2342 3251 ejecti
2373 3179 2615 3234 ruerunt.
2655 3177 2897 3249 Denique
2939 3179 3120 3235 omnia
3153 3180 3337 3250 plane,
3366 3181 3457 3235 ubi
3489 3196 3557 3237 ex

317 3268 420 3324 κάν
448 3272 498 3324 εί
543 3271 620 3342 μὴ
658 3269 996 3336 τελειότατα,
1044 3268 1163 3322 ἀλλ’
1190 3264 1286 3323 οὖν
1326 3285 1391 3338 γε
1438 3269 1549 3323 τῶν
1578 3271 1754 3326 ἄλλων
1792 3274 1896 3327 οὐκ
1920 3294 1973 3356 c
1999 3272 2105 3327 bae
2134 3273 2245 3327 vita
2271 3271 2574 3326 discessum
2615 3276 2721 3333 est,
2763 3270 3010 3325 absoluta
3055 3283 3182 3326 suut
3208 3285 3272 3326 ac
3295 3271 3557 3341 perlecta.

315 3360 687 3434 ἀπηγόρευται
717 3363 751 3432 η
787 3359 1048 3434 σωτηρία.

2003 3364 2258 3432 Quaudiu
2322 3363 2540 3433 quidem
2601 3362 2656 3416 in
2723 3363 3023 3418 certamine
3087 3362 3266 3419 adbuc
3320 3364 3565 3420 universi

316 3453 647 3517 consistunt,
684 3453 769 3509 vel
793 3463 918 3525 post
948 3468 1138 3509 casum
1183 3468 1412 3525 surgere
1455 3454 1607 3521 licet,
1652 3472 1892 3532 spesque
1924 3459 2104 3518 adbuc
2142 3465 2423 3531 superest;
2453 3458 2633 3512 adbuc
2687 3455 2986 3513 remedium
3047 3466 3214 3528 atque
3267 3458 3562 3516 consessio.

316 3544 399 3603 Ao
443 3547 571 3604 licet
621 3563 727 3622 non
808 3548 1250 3620 perfectissimus
1317 3548 1409 3603 ille
1455 3557 1638 3608 status
1694 3552 1805 3619 sit,
1885 3555 2242 3613 nihilominus
2319 3551 2553 3607 aliorum
2621 3564 2965 3621 nequaquam
3036 3550 3332 3620 desperata
3415 3553 3567 3610 salus

325 3646 430 3696 est,
785 3685 790 3690 .

386 3730 491 3785 μ’.
524 3731 684 3781 Πᾶσα
710 3728 773 3779 &k
812 3727 1047 3796 αἰρεσις,
1088 3726 1197 3779 ἀπὸ
1248 3728 1349 3798 τῆς
1398 3729 1657 3802 ἀληθείας
1698 3735 1901 3801 ἐξοκεί-

312 3823 477 3884 λασα,
509 3819 568 3871 ἰν
593 3815 770 3886 σκότῳ
789 3814 1111 3886 τυφλώττει,
1129 3817 1224 3872 καὶ
1251 3820 1557 3889 μυωπάζει,
1596 3822 1758 3895 ἕτερα
1781 3825 1897 3879 ἀνθ’

318 3908 520 3977 ἑτέρων
536 3906 904 3978 διανοουμένη.
934 3906 1173 3960 Ἐοίκασι
1192 3907 1299 3980 γὰρ
1318 3901 1463 3964 οὗτοι
1477 3914 1618 3968 τισὶν
1632 3914 1894 3986 ἀτέχνοις,

319 3995 416 4050 καὶ
449 3995 524 4066 μὴ
556 3995 882 4062 γινώσκουσι
912 3995 1151 4067 ἑκάστης
1177 3998 1481 4071 ποιότητος,
1510 4003 1604 4056 καὶ
1626 4006 1892 4077 χρήσεως,

320 4084 417 4136 καὶ
449 4085 655 4154 κόσμου
689 4085 916 4138 ἑκάστου
956 4086 1173 4155 μέλους.
1212 4088 1323 4142 Καὶ
1344 4088 1423 4153 ὡς
1450 4092 1625 4146 εἰπεῖν
1653 4093 1895 4165 ληρῶδές

319 4190 373 4227 τι
398 4176 479 4237 είς
500 4173 529 4227 ὃ
556 4175 929 4246 προδάλλομαι
956 4176 1155 4246 λέγειν,
1185 4178 1369 4250 ὅμοιον
1395 4181 1497 4252 τῆς
1522 4184 1702 4238 αὐτῶν
1728 4187 1894 4258 ἀνοη-

323 4264 464 4327 σίας.
529 4265 618 4328 Ὠς
666 4264 1007 4336 περιτιθέασι
1050 4267 1120 4322 τά
1176 4269 1496 4342 ὑποδήματα
1525 4274 1639 4346 (16)
1687 4280 1755 4348 τῇ
1803 4294 1896 4331 κε-

319 4354 485 4426 φαλῇ,
523 4356 618 4409 τὸν
647 4354 706 4409 δὲ
738 4356 1002 4425 στέφανον
1025 4360 1141 4423 τοῖς
1171 4358 1321 4425 ποσὶ,
1345 4362 1437 4415 καὶ
1468 4363 1643 4419 κλοιὸν
1666 4367 1896 4439 χρύσεον

316 4443 446 4514 περὶ
480 4443 579 4513 τὴν
626 4442 908 4514 γαστέρα·
942 4444 1011 4497 τὰ
1056 4444 1115 4498 δὲ
1165 4444 1323 4512 ἀλλα,
1367 4448 1524 4504 πέδια
1571 4451 1648 4514 ὡς
1699 4455 1895 4517 εἰπεῖν,

314 4532 404 4600 τά,
433 4531 491 4597 ἐξ
527 4534 756 4603 ἱματίων
803 4535 1145 4605 γεγενημένα
1182 4538 1335 4608 παρά
1372 4554 1513 4592 τισιν
1562 4539 1757 4596 όδώνια
1802 4544 1884 4598 κέ·

315 4619 510 4691 κληται
542 4620 574 4689 ἢ
617 4620 836 4692 βράκαι,
871 4623 1029 4692 χερσὶ
1078 4625 1439 4695 περιτιθέασι,
1473 4627 1788 4695 δακτυλίους
1829 4634 1889 4687 δὲ
1920 4596 1966 4652 D

2080 3735 2170 3793 xt.
2213 3736 2284 3791 At
2309 3735 2491 3792 omnis
2519 3735 2743 3790 baeresis
2771 3734 2863 3789 ubi
2921 3748 2957 3789 a
2998 3735 3230 3793 veritate
3266 3741 3432 3795 semel
3471 3757 3567 3797 ex·

2007 3828 2165 3893 cidit,
2220 3829 2439 3885 eoeeutit
2482 3828 2538 3883 in
2580 3826 2851 3891 tenebris,
2884 3834 2939 3882 et
2975 3827 3356 3892 hallucinatur,
3404 3840 3569 3903 atque

2004 3919 2108 3974 alia
2137 3934 2237 3988 pro
2267 3919 2391 3976 aliis
2422 3924 2603 3974 mente
2626 3917 2889 3987 concipit.
2918 3915 3054 3972 Nam
3085 3919 3163 3973 illi
3195 3922 3422 3977 rudibus
3452 3925 3569 3993 qui·

2000 4005 2233 4062 busdam
2287 4013 2451 4075 atque
2492 4006 2761 4077 imperitis
2798 4007 3005 4063 similes
3048 4016 3196 4073 sunt,
3243 4011 3338 4080 qui
3372 4014 3567 4067 unius-

1998 4096 2265 4165 cujusque
2313 4094 2543 4151 membri
2590 4095 2982 4162 conditionem,
3032 4106 3198 4169 atque
3259 4115 3454 4165 usum,
3511 4114 3567 4158 et

1997 4194 2249 4242 ornatum
2272 4186 2545 4243 nesciunt.
2571 4185 2733 4242 Juvat
2758 4202 2926 4257 porro
2956 4189 3254 4247 absurdum
3282 4196 3562 4263 quiddam,

1997 4284 2055 4331 et
2086 4277 2304 4332 illorum
2335 4278 2576 4332 amentia
2610 4278 2813 4343 simile,
2852 4279 2919 4333 ad
2952 4280 3005 4334 id
3028 4282 3172 4351 quod
3195 4284 3444 4342 volumus
3471 4303 3562 4343 ex-

1996 4367 2339 4437 primendum
2371 4368 2588 4423 afferre.
2624 4367 2857 4425 Perinde
2887 4385 3018 4441 ergo
3045 4373 3123 4427 illi
3152 4373 3378 4441 faciunt,
3412 4392 3478 4433 ae
3514 4381 3562 4435 si

1996 4459 2162 4528 capiti
2216 4458 2437 4512 calceos
2487 4459 2771 4523 inducant,
2820 4468 2873 4515 et
2915 4476 3172 4517 coronam
3222 4468 3470 4537 pedibus.
3505 4478 3563 4527 et

1998 4546 2173 4602 ventri
2215 4555 2464 4617 torquem
2508 4564 2764 4615 aureum;
2811 4560 3002 4606 caetera
3060 4570 3206 4618 vero.
3253 4561 3559 4627 cuiusmodi

1994 4648 2124 4693 suut
2168 4639 2384 4709 pedulia
2432 4648 2774 4705 ornamenta,
2846 4659 2987 4713 quos
3043 4650 3292 4703 nonnulli
3352 4654 3559 4710 udones

314 4713 430 4775 τοῖς
472 4712 645 4765 ποσίν.
692 4711 849 4767 Οὕτω
889 4713 999 4785 γὰρ
1026 4717 1061 4784 ὴ
1105 4714 1214 4767 τῶν
1260 4715 1484 4785 ἄγνοιαν
1537 4724 1891 4793 κεκτημένων
1987 4738 2208 4796 vocant,
2252 4740 2347 4786 aut
2385 4730 2632 4797 braccas,
2676 4734 2926 4789 manibus
2968 4736 3323 4807 circumdent,
3380 4760 3558 4801 annu·

319 4802 566 4873 σφαλερὰ
596 4804 690 4855 καὶ
714 4804 945 4867 ἄτακτος
965 4804 1217 4895 διαταγή.
1244 4805 1328 4860 Τά
1347 4808 1456 4881 γὰρ
1483 4811 1576 4863 ἐπὶ
1604 4812 1702 4883 τῆς
1733 4814 1892 4884 ίερω·
1991 4818 2074 4874 los
2132 4822 2381 4891 pedibuS.
2435 4820 2585 4879 Talis
2616 4833 2702 4880 est
2746 4826 2817 4880 ab
2870 4828 3134 4897 imperitis
3173 4831 3282 4888 illis
3309 4835 3556 4891 instituta

318 4892 484 4963 σύνης
521 4894 899 4963 ὴσφαλισμένα
935 4895 1065 4966 περὶ
1105 4896 1357 4968 δευτέρω
1400 4900 1603 4971 γάμου,
1656 4903 1749 4956 καὶ
1780 4904 1889 4958 τῶν
1991 4909 2155 4973 ratio,
2212 4912 2420 4966 erroris
2470 4914 3006 4988 perturbationisque
3059 4919 3395 4989 plenissima.
3424 4926 3556 4992 Quae

393 5044 411 5074 ¹
439 5041 600 5099 Decst
623 5044 848 5114 aliquid.
922 5048 945 5077 ⁸
969 5062 1061 5114 w.
1092 5047 1467 5120 ἀνεπάγησαν.
1546 5052 1568 5084 ⁸
1588 5052 1778 5111 nauh.
1815 5072 1890 5125 vt,
1918 5058 2012 5115 20.

2046 5234 2123 5289 μα
2186 5220 2382 5288 τωδῶν,
2425 5223 2743 5296 ὑποδήματα
2793 5225 2963 5297 βαθέα
3009 5228 3043 5301 ἢ
3112 5229 3382 5300 βασιλικά.
3447 5237 3550 5293 Ubi

1982 5287 2326 5369 ἀναξυρίδας,
2363 5307 2484 5375 quae
2513 5294 2792 5351 femoralia
2824 5306 2972 5363 sunt,
3007 5300 3371 5357 calceamenta
3410 5322 3549 5375 quo--

1980 5372 2087 5425 que
2113 5360 2350 5441 facit,‘et
2375 5363 2593 5432 quidem
2624 5363 2810 5435 βαθέα,
2855 5376 2916 5420 ut
2950 5384 2979 5421 a
3030 5370 3195 5425 soleis
3225 5373 3546 5445 distinguat,

1981 5428 2330 5552 ‘'iffnffi‘inssff
2366 5433 2906 5565 E?{”'¹¹2?33⁹⁰2³¹?·
2942 5435 3111 5560 ⁹33⁰
3139 5444 3289 5563 “⁰⁰¹2
3316 5445 3390 5566 ³1⁵¹
3416 5446 3546 5517 '³¹²³‘

2041 5568 2285 5635 ρματίων
2317 5518 2611 5639 πίίᾳυόῗιαᾱο
2659 5520 2763 5640 legi
2792 5521 3281 5635 gegffimu'ffinossed
3294 5516 3546 5638 ρίόῗῖαέεοε,

313 5696 499 5739 menta
544 5686 677 5739 sint.
731 5684 921 5741 Pollux
958 5687 1050 5743 lib.
1103 5704 1164 5747 n.
1214 5706 1333 5760 cap.
1381 5690 1417 5745 t
1466 5691 1653 5746 ποδεία
1689 5703 1795 5750 scri
1838 5700 1880 5752 it
1981 5641 2848 5825 Ξιιειιεῃθὲειεῧίιιιιζιέἰίῗῗιιιῖιυίεὶεεῗιῑιιιῗ
2875 5660 3579 5788 ιῖιτιῗηξῖιιιιῗιῖῗιεωιιιιιιέιιὲῗίζῖὓ

311 5758 1881 5915 ἱιᾞξοὲἕοέῗ.ρ“εἶέ“κῖἒῖειῗῗοέἶὶιὲἑ“ἶι’ξέἱζῖὲὲἓῖἓέ
1981 5776 3027 5914 ὣξέἑὲὲῖ“ιῗὲῗίεῗωω“ἑῗέε’ἲῗηὲἰῗ
3058 5787 3537 5926 3:2335232122253
3572 5794 3580 5804 ’

311 5892 475 5946 alibi:
504 5893 1436 5967 Αναξυρίδες,φημινάλια.βρακία
1449 5900 1877 5973 βαρθαρικὰ,ἔν·
1982 5920 2092 5981 tur,
2128 5929 2236 5969 uon
2273 5916 2638 5974 obvolvuntur
2667 5921 2853 5991 pedes.
3013 5894 3029 5920 ⁹

676 5990 950 6053 Parnoi..
990 5990 1105 6052 Gn.
1159 5992 1315 6053 xm.

392 5199 503 5273 (¹6)
553 5201 645 5267 Ὠς
672 5202 1030 5269 περιτιθέασι
1056 5204 1129 5259 τὰ
1155 5206 1527 5276 ὑποδήματα.
1566 5208 1685 5265 Νοη
1710 5211 1825 5268 haee
1850 5229 1884 5270 a
1981 5216 2042 5271 δυ

318 5267 573 5325 Catharis
602 5279 860 5340 usurpata
923 5284 1209 5343 raepostera
1236 5279 1463 5333 vestitus
1486 5280 1646 5343 ratio,
1678 5290 1735 5335 ut
1765 5287 1887 5351 qui·

318 5337 445 5393 dam
480 5342 775 5420 cristinia,
807 5288 920 5395 suf
932 5340 1000 5395 ad
1022 5344 1318 5422 superioris
1339 5348 1607 5416 dogmatis
1633 5349 1885 5407 absurdi-

317 5415 491 5462 tatem
523 5410 895 5465 illustrandam
926 5425 990 5465 ea
1038 5412 1337 5468 scurilitudo
1380 5415 1633 5471 refertur.
1679 5420 1882 5477 Obser-

317 5479 557 5540 vandum
614 5493 741 5533 vero
794 5479 951 5533 πόδια
980 5480 1076 5548 (ita
1108 5482 1255 5536 enim
1307 5485 1410 5538 hoc
1458 5486 1577 5539 loco
1625 5488 1729 5558 leg.
1781 5505 1881 5560 pro

316 5545 499 5611 τέδια)
528 5562 650 5600 cum
688 5547 923 5611 ὀδωνίοις
947 5559 1002 5604 et
1036 5548 1267 5621 βράκαις
1312 5554 1622 5621 promiscue
1666 5559 1880 5628 accipi,-

313 5616 420 5670 etsi
460 5615 677 5687 proprie
728 5616 885 5670 πόδια
935 5618 1164 5689 pedum,
1202 5620 1403 5692 βράκαι
1441 5622 1700 5678 seminum
1736 5634 1755 5679 t
1827 5644 1885 5682 u·

3079 6020 3153 6084 33
