3850 6517
293 461 375 519 93
1587 471 1642 527 S.
1684 471 2022 529 Emptum!
2064 472 2244 529 VlTA.
3463 475 3532 530 lu

294 579 449 652 οἴκῳ,
483 580 575 634 καὶ
611 578 744 635 λάθε
771 580 1009 647 δαπάνας
1037 583 1096 638 ἐν
1118 582 1195 656 τῷ
1217 585 1351 656 οἴκῳ
1379 582 1491 656 σῷῖ
1518 585 1612 637 καὶ
1639 585 1765 639 ὅταν
1788 585 1857 640 τὰ
1966 601 2089 656 quae
2124 585 2422 655 acceperis.
2451 585 2543 642 Sic
2569 596 2748 641 autem
2808 586 2933 645 fecit
2996 602 3137 644 uxor
3169 560 3529 644 Faustiniani.

296 671 524 743 ἐκφόρια
552 670 883 743 πληρώσειή
917 673 1010 743 γῆ,
1036 672 1156 726 τότε
1180 675 1323 745 άπερ
1348 673 1557 738 έλαδες,
1584 673 1859 746 παρέξεις.
1894 675 2006 729 Καὶ
2036 675 2291 748 ἐποίησεν
2317 678 2384 745 τῇ
2416 674 2633 743 γυναικὶ
2656 674 2828 740 οὕτως
2859 677 2957 745 (α).
3391 738 3406 745 ‚

365 763 493 818 NE'.
518 758 629 817 Ἦν
652 763 709 817 δέ
737 780 820 827 τις
849 762 1092 828 διάκονος
1116 766 1174 818 ἐν
1199 764 1278 836 τῷ
1310 765 1662 836 ἐπισκοπείῳ,
1695 765 1858 818 2261-
1888 772 1940 828 Α
2029 765 2142 821 m.
2172 766 2301 821 Erat
2330 767 2393 824 ,in
2420 765 2729 835 episcopatu
2758 766 2978 835 quidam
3018 767 3299 835 diaconus,
3350 767 3532 822 nomi·-

221 893 224 896 .
296 870 395 916 νος·
426 853 689 923 ὀνόματι,
728 853 866 924 ἔχων
927 855 1264 927 ἐπιτήδευμα
1313 855 1407 910 τοῦ
1473 855 1864 928 καλλιγράφου.

296 933 469 1006 Οὗτος
496 943 671 1013 πρᾶος
694 942 958 1014 ὑπῆρχεν,
992 943 1086 995 καὶ
1118 941 1263 1014 ὀρθῷ
1298 942 1397 1013 βίῳ
1434 942 1865 1012 κεκοσμημένος.

299 1027 479 1103 Ἦμεν
512 1033 568 1086 δὲ
587 1034 635 1086 οί
657 1033 857 1097 πάντες
890 1034 1113 1106 μοναχοὶ
1138 1037 1194 1088 ἐν
1216 1034 1293 1107 τῷ
1317 1034 1648 1103 ἐπισκοπείῳ
1680 1032 1869 1104 ὁγδοή-

302 1138 496 1174 κοντα·
529 1116 681 1185 οῦτος
726 1125 756 1177 ό
788 1124 1011 1187 Σαθίνος
1038 1123 1327 1194 διέπρεπεν
1382 1123 1442 1176 ἐν
1493 1123 1658 1176 πᾶσιν
1713 1122 1879 1192 ἡμῖν.-

301 1210 498 1266 Τοῦτον
527 1214 840 1282 Ἐπιφάνιος
860 1215 1189 1288 κατέστησεν
1211 1216 1445 1270 ἐκδικεῖν
1472 1212 1542 1267 τὰ
1568 1212 1869 1285 πράγματα

301 1303 398 1374 τῆς
429 1304 773 1374 Ἐκκλησίας.
825 1304 964 1360 Ποτὲ
1007 1301 1100 1361 οὗν
1154 1305 1246 1359 δύο
1271 1304 1481 1376 ἀνδρῶν
1533 1302 1868 1375 κρινομένων

300 1393 449 1464 παρὰ
482 1392 727 1457 Σαδίνου,
754 1393 874 1458 ἐνὸς
898 1393 1172 1471 πλουσίου,
1206 1393 1299 1448 καὶ
1343 1393 1462 1457 ἐνὸς
1498 1391 1750 1462 πένητος,
1799 1385 1867 1466 ἦν

298 1485 330 1535 ό
350 1483 600 1548 πλούσιος
635 1485 831 1555 μᾶλλον
867 1483 1006 1555 ἔχων
1024 1483 1095 1538 τὰ
1123 1484 1309 1541 δίκαια
1334 1482 1481 1556 ὑπὲρ,
1506 1483 1598 1537 τὸν
1637 1482 1866 1554 πένητα.

299 1573 408 1627 Τοῦ
435 1568 528 1628 οὗν
557 1574 868 1644 Ἐπιφανίου
898 1575 1132 1638 ἑστῶτος
1161 1576 1227 1628 ἐν
1248 1574 1399 1646 τόπῳ
1420 1571 1744 1644 ἀποκρύφῳ,
1776 1571 1870 1625 καὶ

299 1663 661 1730 δπακούοντος
690 1665 791 1736 τῆς
818 1664 996 1738 δίκης,
1041 1665 1270 1736 ηκουσεν
1319 1664 1546 1718 Σαθίνου
1596 1661 1869 1726 ἐλεοῦντος

303 1756 521 1830 μᾶλλον,
556 1757 650 1810 καὶ
680 1753 938 1828 ρέποντος
969 1757 1064 1810 ἐπὶ
1081 1756 1173 1809 τὸν
1195 1755 1405 1827 πένητα
1444 1757 1503 1809 ἐν
1546 1757 1616 1826 τῇ
1671 1752 1866 1824 κρίσει.

309 1844 369 1899 '0
395 1843 525 1913 γοῦν
550 1844 863 1914 Ἐπιφάνιος
883 1844 1054 1899 ἐλθὼν
1077 1845 1137 1898 ἐν
1165 1843 1244 1916 τῷ
1279 1845 1450 1916 μέσῳ,
1481 1840 1632 1897 εἶπεν
1658 1841 1870 1912 Σαόίνῳ

300 1935 521 2008 εὐμενεῖ
547 1937 628 2009 τῷ
660 1937 968 2009 προσώπῳ·
1009 1935 1269 2002 'Amet-z,
1319 1935 1507 1991 τέκνον
1531 1975 1545 1998 ,
1576 1932 1870 2004 καλλιγρα-

299 2046 411 2098 φει,
441 2029 535 2083 καὶ
563 2029 668 2100 μνη
677 2045 783 2100 μην
810 2028 950 2099 ἔχων
974 2028 1082 2084 τῶν
1112 2027 1273 2082 θείων
1306 2026 1554 2099 Γραφῶν,
1591 2025 1744 2093 γίνου
1775 2024 1866 2077 τέ-

1975 870 2045 911 nc
2070 855 2327 920 Sabinus,
2354 855 2512 925 cujus
2534 854 2773 910 studium
2800 861 2917 909 erat
2939 855 3166 925 pulchre
3190 847 3448 912 scribere.
3482 855 3542 912 la

1974 955 2100 1003 erat·
2124 945 2459 1009 moderatus,
2514 955 2568 1000 et
2620 953 2767 1003 tecta
2799 945 2908 1000 vita
2964 945 3246 1015 praeditus.
3302 945 3535 1003 Eramus

1974 1044 2156 1092 autem
2184 1037 2240 1090 iu
2273 1036 2585 1105 episcopatu
2613 1050 2810 1091 omnes
2855 1035 3107 1090 monachi
3155 1036 3449 1106 octogiuta.
3482 1037 3538 1098 ls

1975 1135 2105 1176 vcro
2136 1120 2373 1176 Sabinus
2402 1122 2701 1178 excellebat
2736 1122 2875 1177 inter
2905 1135 3115 1178 omnes.
3146 1121 3282 1178 Eum
3330 1124 3534 1180 consti·

1976 1210 2079 1264 tuit
2102 1210 2436 1280 Epiphanius
2464 1213 2698 1282 primum
2725 1213 2993 1279 ecdicum,
3023 1213 3124 1267 hoc
3144 1222 3247 1281 est,
3277 1213 3530 1269 defenso.-

1977 1315 2091 1354 rem
2128 1298 2405 1356 Ecclesiae.
2437 1301 2575 1356 Cum
2609 1315 2738 1357 vero
2792 1301 3083 1371 aliquando
3135 1301 3244 1357 duo
3286 1303 3546 1358 hominos

1974 1390 2118 1460 apud
2148 1389 2408 1446 Sabinum
2432 1391 2641 1461 judicio
2669 1391 3091 1458 contenderent,
3109 1407 3250 1447 unus
3275 1392 3446 1460 dives,
3478 1400 3537 1448 et

1975 1490 2119 1530 unus
2147 1491 2373 1546 pauper,
2408 1477 2599 1534 melior
2636 1488 2753 1536 erat
2786 1479 2970 1535 divitis
2994 1494 3178 1545 causa,
3206 1495 3367 1549 quam
3397 1496 3534 1550 pau-

1975 1567 2144 1639 peris.
2169 1566 2308 1624 Cum
2343 1569 2505 1639 igitur
2532 1569 2867 1640 Epiphanius
2893 1570 3106 1627 occulto
3136 1571 3192 1627 iu
3226 1571 3345 1626 loco
3383 1579 3540 1628 stans

1970 1659 2235 1729 iudicium
2283 1659 2529 1726 audiret,
2583 1661 2754 1716 sensit
2806 1658 3070 1716 Sabinum
3132 1662 3187 1716 in
3240 1675 3530 1732 pauperem

1975 1750 2152 1820 magis
2187 1749 2544 1820 propendere,
2586 1752 2812 1822 ejuisque
2843 1753 3113 1809 misereri.
3161 1751 3297 1808 Cum
3356 1753 3537 1823 itaque

1976 1842 2029 1895 in
2085 1842 2323 1898 medium
2392 1843 2627 1900 venisset
2678 1842 3038 1914 Epiphanius,
3084 1845 3282 1901 Sabino
3325 1843 3548 1914 placido

1978 1935 2125 1991 v-nltu
2163 1935 2300 1990 dixit
2327 1952 2341 1988 ε
2374 1933 2544 2002 Vade,
2573 1935 2669 2000 flli,
2697 1946 2753 1993 et
2770 1937 2947 1994 scribe
2979 1946 3122 1993 recte
3143 1955 3158 2006 ;
3180 1948 3235 1994 et
3263 1941 3544 1991 memento

1976 2026 2264 2082 verborum
2306 2026 2640 2094 divinorum,
2692 2037 2748 2085 et
2809 2030 2887 2088 sis
2919 2029 3191 2100 perlectus
3222 2034 3277 2090 in
3308 2035 3538 2110 iudicio,

299 2121 441 2184 λειος
463 2120 593 2191 περὶ
629 2119 726 2192 τὴν
746 2119 904 2192 δίκην
921 2138 937 2154 ·
959 2120 1054 2174 καὶ
1084 2119 1178 2174 ἔσο
1199 2118 1413 2173 ἁκούων
1441 2117 1536 2172 τοῦ
1577 2117 1868 2188 εὐεργέτου
1900 2110 1948 2163 Β
1973 2128 2027 2174 et
2062 2117 2254 2173 audias
2281 2117 2690 2178 benefactorem.
2713 2121 3043 2192 loquentem,
3071 2134 3126 2181 et
3163 2126 3429 2186 dicentem
3445 2136 3489 2168 ⁹·
3518 2149 3535 2188 ε

299 2213 762 2283 προσφωνοῦντος,
792 2216 885 2270 καὶ
903 2215 1152 2284 λέγοντος
1172 2231 1187 2246 ·
1214 2212 1312 2281 Μὴ
1332 2211 1608 2279 ὲλεήσεις
1632 2207 1870 2276 πτωχὸν

297 2303 366 2355 ἐν
391 2303 606 2372 κρίσει,
633 2305 823 2375 καὶμὴ
834 2305 1028 2375 ,πάσης
1040 2306 1368 2376 πρόσωπον
1383 2301 1712 2358 δυνάστου.
1738 2298 1870 2353 Ἀπὸ

299 2396 422 2450 τότε
450 2393 544 2450 οῦν
567 2397 881 2466 Ἐπιφάνιος
911 2399 1043 2453 πᾶσι
1069 2398 1183 2461 τοῖς
1210 2393 1666 2467 προσερχομένοις
1687 2389 1868 2447 ἐδίκα-

306 2487 422 2551 ζεν.
464 2488 600 2541 Ἀπὸ
624 2489 735 2558 γὰρ
768 2491 978 2559 πρωῒας
1024 2491 1132 2553 ἓως
1183 2488 1331 2560 ὧρας
1361 2487 1558 2556 ἐνάτης
1601 2483 1869 2552 ἐπήκουεν

309 2575 420 2629 τῶν
443 2577 797 2648 κρινομένων,
818 2579 914 2631 καὶ
940 2578 1048 2632 &rub
1072 2578 1263 2648 ἐνάτης
1290 2579 1395 2646 ἓως
1414 2573 1559 2648 πρωῒ
1580 2573 1681 2632 οὐκ
1707 2571 1870 2625 ἐθεω-

305 2667 458 2739 ρεῒτό
481 2684 588 2721 τινι
617 2666 728 2722 τῶν
755 2667 1084 2740 ἀνθρώπων.
1396 2693 1410 2706 .

364 2757 512 2824 NG'.
543 2753 649 2810 Ἦν
684 2757 745 2812 δέ
797 2775 883 2822 τις
909 2756 1021 2812 τῶν
1052 2754 1295 2825 ἀδελφῶν
1323 2757 1380 2810 ἐν
1405 2753 1482 2828 τῷ
1510 2752 1863 2822 ἐπισκοπείῳ,

295 2847 487 2921 ἰταμὸς
519 2847 599 2920 τῷ
623 2847 921 2922 προσώπῳ,
946 2847 1149 2920 τέχνην
1175 2847 1313 2917 ἔχων
1331 2846 1425 2899 καὶ
1447 2845 1609 2908 αὐτὸς
1645 2843 1745 2916 τὴν
1772 2839 1869 2894 τοῦ

298 2939 664 3012 καλλιγράφου
684 2956 704 2975 ·
740 2940 835 2995 καὶ
850 2940 1019 3011 δνομα
1047 2937 1200 3009 αὐτῷ
1230 2937 1523 3005 Ῥουφῖνος.
1547 2929 1716 2996 Οὗτος
1741 2947 1869 2984 συν-

296 3031 539 3104 απήγετο
597 3029 985 3101 Φαυστινιανῷ,
1018 3028 1112 3083 καὶ
1146 3025 1266 3081 καθ’
1294 3025 1510 3098 ἡμέραν
1535 3023 1721 3095 ὗῦρεις
1741 3021 1870 3074 πολ-

292 3120 389 3186 λάς
413 3121 678 3194 ἐπέφερεν
699 3119 1027 3191 Ἐπιφανίῳ.
1075 3117 1135 3171 '0
1164 3116 1223 3171 δὲ
1246 3115 1566 3185 Ἐπιφάνιος
1591 3114 1726 3185 μετὰ
1743 3115 1870 3169 πολ-

291 3211 390 3282 λῆς
442 3214 748 3285 πραότητος
776 3209 1146 3266 ’κατέστελλεν
1171 3207 1234 3261 τὸ
1261 3208 1461 3278 Θράσος
1509 3204 1694 3291 αὐτοῦ.
1761 3206 1871 3259 Καὶ

297 3304 417 3363 καθ’
439 3303 690 3364 ὑπόθεσιν
708 3304 765 3358 δὲ
790 3298 1179 3363 Φαυστινιανοῦ
1211 3301 1306 3354 καὶ
1332 3298 1612 3369 ἐνέργειαν
1637 3296 1730 3350 τοῦ
1756 3295 1871 3350 δαί-

304 3410 462 3473 μονος
490 3393 584 3450 τοῦ
613 3395 792 3456 αὐτοῖς
835 3390 1206 3465 ἐνεργοῦντος,
1255 3387 1517 3461 ἐζήτησεν
1548 3380 1702 3451 οὗτος
1731 3387 1870 3440 ἀπο-

300 3487 504 3543 κτεῖναι
539 3482 632 3539 τὸν
655 3481 995 3552 Ἐπιφάνιον,
1014 3477 1338 3551 συνθέμενος
1373 3476 1764 3539 Φαυστινιανὸς
1795 3474 1874 3546 τῷ

301 3577 543 3653 μοναχῷ,
569 3576 746 3654 λέγων
769 3576 905 3648 πρὸς
933 3575 1097 3630 αὑτὸν
1126 3576 1156 3629 ὀ
1186 3569 1556 3643 κακοδαίμων,
1584 3569 1669 3623 δτι
1692 3586 1708 3600 ·
1748 3567 1874 3623 Ἐὰν

294 3666 641 3742 ἀποκτείνῃς,
677 3667 832 3739 φησὶ,
864 3664 1054 3720 τοῦτον
1083 3663 1175 3725 τὸν
1205 3661 1482 3733 ἐπιθέτην,
1510 3660 1575 3714 σὺ
1598 3659 1704 3732 ἔσῃ
1738 3657 1875 3714 καθ-

297 3759 497 3829 ήμενος
534 3758 628 3810 ἐπὶ
675 3754 769 3810 τοῦ
813 3754 1028 3825 θρόνου.
1072 3746 1239 3813 Οὗτος
1289 3749 1357 3805 δὲ,
1395 3750 1424 3803 ό
1481 3749 1759 3815 Ῥουφῖνος
1804 3742 1875 3817 ἦν

295 3847 519 3917 ἔσχατος
543 3845 792 3906 διάκονος
813 3842 912 3917 τῆς
940 3837 1278 3904 Ἐκκλησίας
1298 3852 1313 3866 ·
1340 3835 1470 3888 ὅθεν.
1500 3835 1660 3896 αὐτὸς
1689 3834 1876 3889 εἴωθεν

297 3936 622 4004 ἐπικοσμεῖν
647 3933 741 3984 τδν
765 3930 956 3998 θρόνον
1005 3922 1102 3977 τοῦ
1139 3923 1470 3986 ἐπισκόπου.
1490 3921 1684 3977 Λαόὼν
1731 3920 1823 3979 οὖν
1847 3926 1877 3979 ό

304 4023 514 4093 θρασὺς
544 4021 643 4072 καὶ
665 4016 878 4080 ἀλαζὼν
930 4016 1204 4086 μάχαιραν
1230 4013 1409 4079 ὀξεῖαν
1453 4012 1645 4085 ἔθηκεν
1689 4013 1876 4086 ὀρθίαν

310 4112 408 4166 ἐπὶ
460 4109 522 4164 τὸ
572 4107 814 4178 κάθισμα
862 4106 961 4161 τοῦ
986 4105 1195 4177 θρόνου,
1245 4104 1336 4158 καὶ
1365 4105 1546 4159 ἐπάνω
1589 4104 1790 4177 ταύτης
1811 4105 1877 4160 τὸ

314 4187 619 4271 ἐφάπλωμα
646 4198 754 4252 τοῦ,
778 4197 985 4268 θρόνου.
1020 4194 1128 4249 Τοῦ
1145 4195 1202 4250 δὲ
1225 4194 1541 4264 Ἐπιφανίου
1591 4196 1876 4267 μέλλοντος

310 4291 576 4363 καθῆσθαι
607 4291 703 4344 ἐπὶ
723 4288 815 4343 τοῦ
845 4288 1059 4361 θρόνου,
1085 4282 1240 4340 εἶπεν
1265 4285 1402 4358 πρὸς
1434 4287 1524 4343 τὸν
1555 4287 1618 4340 τὸ
1661 4286 1876 4358 ένεδρον

304 4384 632 4455 ποιήσαντα·
661 4378 851 4454 Ἆρον,
885 4381 1045 4453 φησὶ,
1066 4379 1278 4442 τέκνον,
1310 4379 1374 4433 τὸ
1419 4380 1715 4451 σκέπασμα
1764 4378 1885 4434 ἀπὸ,

299 4474 396 4531 τοῦ
421 4474 640 4548 θρόνου.
658 4472 766 4527 Τοῦ
794 4472 850 4526 δὲ
866 4473 1001 4545 πρὸς
1014 4471 1107 4526 τὸν
1129 4469 1286 4541 λόγον
1302 4470 1620 4538 Ἐπιφανίου
1647 4468 1722 4541 μὴ
1778 4471 1877 4522 ἐπ-

301 4563 738 4628 ακολουθοῦντος,
756 4561 1259 4631 λαόὼνἘπιφάνιος
1283 4560 1347 4614 τὸ
1374 4559 1638 4632 κάλυμμα
1659 4558 1724 4612 τὸ
1755 4560 1877 4612 ἐπι·

301 4651 575 4706 καλύπτον
596 4651 694 4720 τὴν
736 4650 1027 4722 μάχαιραν,
1070 4647 1266 4712 ἔπεσεν
1292 4650 1327 4721 ἡ
1360 4647 1606 4720 μάχαιρα
1638 4648 1720 4711 εἰς
1749 4648 1874 4713 τοὺς

1977 2207 2109 2263 Noli
2149 2210 2386 2264 misereri
2432 2211 2682 2279 pauperis
2720 2211 3041 2282 injudicio,
3074 2226 3125 2271 et
3173 2235 3239 2273 ne
3290 2223 3548 2292 respicias

1975 2313 2254 2367 personam
2306 2300 2551 2367 potentis.
2582 2301 2667 2357 Ab
2694 2315 2760 2357 eo
2791 2301 2974 2373 itaque
3016 2316 3260 2376 tompore
3283 2313 3542 2370 omnibus

1974 2389 2068 2458 qui
2119 2387 2404 2444 veniebant
2452 2389 2717 2459 judicium
2772 2394 3031 2450 reddebat
3084 2396 3437 2469 Epiphanius.
3488 2404 3535 2458 Α

1977 2478 2243 2534 matutina
2300 2479 2445 2535 enim
2481 2495 2655 2550 usque
2698 2483 2765 2537 ad
2809 2484 2995 2540 boram
3032 2501 3233 2544 nonam
3286 2493 3555 2555 audiebat,

1975 2584 2091 2633 eos,
2121 2569 2216 2639 qui
2247 2569 2644 2640 disceptabant.
2676 2573 2761 2629 Ab
2785 2575 2934 2631 hora.
2951 2592 3245 2636 veranum
3277 2598 3454 2654 usque
3469 2585 3549 2643 ad·

1975 2668 2188 2730 tempus
2218 2662 2543 2718 matutinum
2568 2679 2602 2718 a
2637 2666 2787 2721 nullo
2825 2668 3108 2724 videbatur
3140 2674 3412 2743 amplius..

2046 2748 2181 2804 Lvl.
2212 2748 2345 2805 Erat
2367 2759 2547 2806 autem
2586 2766 2652 2807 ex
2692 2751 2975 2823 fratribus,
3006 2757 3099 2828 qui
3148 2769 3304 2815 erant
3337 2761 3390 2816 in
3424 2762 3543 2833 cpi-

1976 2848 2228 2910 scopatu,
2275 2841 2496 2912 quidam
2528 2841 2763 2900 Rufinus
2788 2847 3027 2914 nomine,
3076 2849 3235 2920 cujus
3284 2866 3375 2908 ars
3419 2863 3543 2909 erat

1977 2941 2121 2985 recte
2145 2932 2408 2997 scribere,
2447 2933 2598 2989 vultu
2634 2934 2938 3006 impudens.
2969 2935 3087 2993 Una
3112 2954 3237 2994 cum
3259 2954 3325 2995 eo
3353 2940 3537 2998 insur-

1975 3021 2133 3091 gebat
2163 3021 2573 3092 Faustinianus,
2605 3034 2659 3080 et
2688 3029 2934 3096 quotidie
2978 3029 3164 3086 multis
3191 3033 3537 3090 contumeliis

1975 3098 2245 3166 alliciebat
2283 3111 2665 3182 Epiphaninm.
2702 3113 3033 3186 Epiphanius
3061 3133 3193 3175 vero
3227 3135 3351 3176 cum
3384 3139 3537 3178 sum-

1976 3216 2063 3255 ma
2095 3196 2659 3273 mansuetudine’ejus
2692 3208 3017 3277 reprimebat
3057 3210 3363 3268 audaciam.
3398 3211 3538 3283 Sug-

1974 3292 2216 3358 gestione
2254 3300 2435 3348 autem
2482 3295 2844 3363 Faustiniani,
2893 3307 2948 3353 et
2992 3299 3255 3357 daemouis
3314 3302 3408 3372 qui
3456 3302 3558 3358 cis.

1976 3396 2134 3452 opem
2167 3381 2393 3449 terebat,
2427 3387 2473 3443 is
2508 3389 2759 3458 quaesivit
2800 3390 3102 3448 interlicere
3154 3392 3541 3464 Epiphaniutn,

1976 3489 2099 3530 cum
2157 3473 2548 3534 Faustinianus
2576 3480 2689 3534 haec
2717 3482 2878 3536 verba
2910 3483 3232 3538 contulisset
3260 3498 3384 3538 cum
3418 3498 3537 3539 mo·

1976 3567 2172 3632 nacho,
2205 3575 2261 3623 et
2304 3568 2355 3623 ei
2388 3567 2589 3624 diceret
2622 3569 2965 3626 cacodaenion
2994 3590 3007 3626 :
3042 3570 3101 3627 Si
3135 3573 3353 3628 occidas
3389 3588 3533 3644 pra:-

1974 3658 2197 3725 douern,
2231 3659 2449 3716 'sedebis
2504 3674 2668 3730 supra
2717 3662 2996 3717 thronum.
3061 3662 3159 3718 llic
3191 3672 3370 3719 autem
3426 3674 3536 3720 tam

1977 3748 2177 3814 audax,
2198 3757 2262 3804 'et
2293 3756 2403 3804 tam
2439 3749 2705 3814 insolens,
2753 3761 2871 3806 erat
2918 3762 3224 3820 postremus
3274 3752 3539 3808 diaconus

1978 3837 2274 3901 Ecclesiae:
2318 3839 2385 3893 ad
2414 3853 2576 3909 quem
2620 3840 2922 3909 pertinebat
2957 3854 3155 3895 ornare
3192 3840 3449 3896 thronum
3480 3856 3539 3897 e-

1976 3930 2207 4000 piscopi.
2234 3929 2372 3985 Cum
2401 3943 2533 3985 vero
2560 3929 2795 3998 gladium
2833 3940 3052 3987 acutum
3080 3933 3380 4004 accepisset
3419 3947 3539 3988 sce-

1976 4022 2203 4088 leratus,
2229 4020 2412 4091 posuit
2433 4035 2559 4077 eum
2592 4029 2793 4077 tectum
2823 4023 2875 4077 in
2920 4038 2985 4079 eo
3014 4024 3155 4091 loco,
3188 4025 3279 4079 ubi
3322 4025 3539 4080 sedetur

1977 4126 2142 4181 supra
2170 4112 2448 4179 thronum,
2466 4121 2520 4169 et
2546 4127 2712 4183 supra
2737 4128 2860 4169 eum
2880 4123 3056 4171 vestes
3077 4115 3367 4187 stragulas.
3397 4114 3536 4171 Cum

1976 4202 2140 4272 igitur
2173 4201 2511 4274 Epiphanius
2549 4203 2616 4258 ad
2658 4203 2840 4258 sedem
2891 4206 3224 4272 ascenderet,
3275 4206 3414 4262 dixit
3461 4208 3534 4274 ei,

1973 4293 2069 4362 qui
2106 4291 2311 4349 lecerat
2363 4292 2636 4350 insidias:
2671 4293 2842 4361 Tolle,
2898 4294 2995 4358 ssli,
3050 4295 3197 4353 sedis
3253 4306 3536 4368 tegumen-

1975 4391 2110 4437 tum.
2142 4382 2279 4439 Cum
2308 4384 2357 4440 is
2385 4393 2565 4440 autem
2593 4400 2702 4440 non
2751 4396 2966 4456 pareret
3009 4387 3189 4442 verbis
3225 4384 3534 4457 Epiphanii.

1975 4475 2183 4545 accepit
2207 4475 2551 4546 Epiphanius
2580 4485 2970 4546 tegumentum,
3008 4478 3154 4549 quod
3187 4478 3393 4549 tegebat
3426 4478 3540 4548 gla-

1973 4562 2147 4620 dium.
2181 4565 2410 4622 Gladius
2432 4581 2562 4622 vero
2596 4569 2794 4624 cecidit
2825 4569 2879 4622 in
2909 4571 3071 4638 pedes
3107 4567 3286 4624 Rufini
3338 4569 3540 4639 (caco-

1972 4655 2233 4714 doemonis
2292 4657 2497 4729 potius,
2555 4652 2760 4728 qu‘am)
2817 4660 3057 4721 diaconi,
3112 4665 3165 4714 et
3215 4661 3415 4715 inllxus
3456 4671 3541 4717 est

303 4740 470 4806 πόδας
499 4743 777 4813 Ῥουφίνου
803 4740 898 4796 τοῦ
929 4741 1054 4814 [μὴ]
1077 4740 1321 4801 διακόνου
1341 4780 1357 4803 .
1398 4740 1494 4794 καὶ
1525 4740 1766 4813 δνεπὰγη
1793 4742 1877 4806 εἰς
1901 4772 1949 4828 D
1973 4747 2095 4819 ejus
2139 4749 2265 4821 pedi
2315 4749 2558 4806 dextero.
2615 4748 2867 4822 Dixitque
2912 4748 3246 4820 Epiphanius
3297 4749 3495 4806 Rulino
3521 4770 3544 4809 ·.

306 4833 409 4889 τὸν.
449 4833 620 4898 δεξιὸν
675 4831 839 4888 αὐτοῦ
868 4832 1023 4894 πόδα.
1077 4826 1246 4900 Εἶπεν
1269 4832 1329 4886 δὲ
1372 4828 1687 4899 Ἐπιφάνιος
1732 4830 1870 4902 πρὸς

315 4924 592 4993 Ῥουφῖνον
614 4939 634 4957 ·
681 4924 918 4988 Παῦσαι,
947 4923 1101 4995 φησὶ,
1127 4921 1231 4992 τῆς
1255 4919 1480 4986 ἀταξίας
1512 4938 1628 4984 σου,
1659 4921 1866 4986 τέκνον,

307 5015 515 5086 μήποτε
543 5014 645 5069 καὶ
665 5014 1038 5086 κινδυνεύσῃς,
1071 5014 1131 5068 ού
1192 5012 1338 5084 μετὰ,
1374 5013 1587 5084 χρόνον.
1645 5010 1868 5077 Ἔξελθε

302 5103 482 5158 τοίνυν
504 5103 615 5158 ἀπὸ
639 5102 742 5173 τῆς
768 5102 1065 5174 ἐκκλησίας
1079 5105 1178 5156 ·-ού
1206 5103 1316 5176 γὰρ
1347 5097 1407 5156 εῑ·
1437 5101 1587 5167 ἄξιος
1634 5103 1869 5175 μεταλα-

304 5194 420 5249 6εἶν
471 5194 580 5248 τῶν
623 5193 783 5259 θείων
815 5193 1149 5273 μυστηρίων.
1189 5192 1450 5260 Ἐξελθὼν
1493 5193 1552 5247 δὲ
1593 5195 1871 5264 Ῥουφῖνος

303 5285 413 5338 ἀπὸ
437 5284 539 5355 τῆς
562 5284 889 5356 ἐκκλησίας,
911 5283 1152 5355 ἀπῆλθεν
1186 5284 1255 5344 ἐν,
1284 5283 1363 5357 τῷ
1387 5285 1743 5360 ἐπισκοπείῳ,
1775 5288 1870 5342 καὶ

1974 4839 2142 4897 Cessa
2174 4842 2451 4913 deinceps,
2484 4859 2525 4899 o
2547 4843 2642 4910 fili,
2678 4844 2749 4899 ab
2788 4842 3100 4912 insolentia,
3130 4858 3201 4899 ne
3246 4843 3432 4900 venias
3482 4842 3543 4901 iu.

1973 4932 2302 5002 periculum,
2334 4949 2441 4990 non
2470 4947 2596 5005 post
2620 4935 2844 5007 longum
2882 4945 3114 5007 tempus.
3146 4937 3245 4991 Exi
3281 4935 3446 5008 igitur
3470 4938 3545 4991 ab

1973 5021 2200 5077 ecclesia
2234 5040 2250 5091 ς
2291 5039 2468 5094 neque
2512 5027 2656 5080 enim
2694 5028 2891 5099 dignus
2936 5044 2996 5084 es
3035 5026 3418 5083 communione
3444 5042 3538 5083 sa-

1977 5128 2195 5169 crorum
2222 5118 2627 5187 mysteriorum.
2665 5119 2895 5174 Rufinus
2940 5128 3120 5174 autern
3167 5133 3420 5190 egressus
3445 5135 3546 5190 ec·-=

1976 5205 2163 5270 clesia,
2198 5208 2253 5263 in
2280 5208 2616 5283 episcopium
2669 5211 2827 5276 abiit,
2862 5218 2916 5265 et
2944 5211 2997 5265 in
3024 5211 3163 5267 lecto
3200 5225 3261 5268 se
3306 5225 3543 5284 compo-

1977 5312 2132 5360 nens.
2159 5308 2282 5369 post
2305 5300 2541 5356 triduum
2571 5312 2818 5358 mortuus
2844 5311 2949 5358 est.

304 5376 419 5442 θεὶς
442 5377 634 5431 ἑαυτὸν
664 5377 757 5430 ἐπὶ
783 5376 882 5448 τῆς
913 5376 1134 5451 κλίνης,
1156 5377 1291 5449 μετὰ
1311 5382 1460 5451 τρεῖς
1488 5380 1703 5452 ἡμέρας
1740 5385 2035 5444 κατέλυσεν
2068 5390 2159 5445 τὸν
2185 5393 2317 5465 βίον.

375 5470 504 5524 ΝΖ’.
532 5470 671 5523 Κατ’
695 5470 899 5524 ἐκεῖνον
917 5470 975 5525 δέ
995 5471 1088 5524 τὸν
1113 5469 1321 5541 καιρὸν,
1347 5470 1439 5524 τοῦ
1471 5472 1732 5542 βασιλέως
1745 5477 1873 5530 Θεο-

305 5557 512 5624 δοσίου,
565 5558 664 5613 οὐκ
698 5554 812 5613 οἶδα
851 5558 994 5613 κατὰ
1026 5558 1185 5611 ποίαν
1214 5558 1484 5631 πρόφασιν
1536 5559 1872 5629 άλγήσαντος

383 5690 430 5723 ⁸·
464 5687 640 5745 Exod.
671 5705 827 5758 xxm,
859 5690 926 5759 53
958 5689 1086 5743 [ων.
1122 5704 1238 5755 xix,
1267 5690 1353 5744 15.

384 5839 464 5913 (a)
501 5839 654 5912 Legit
682 5841 944 5916 interpres
977 5844 1070 5897 καὶ
1096 5843 1405 5914 ἐποίησενη
1428 5840 1561 5912 γυνη
1589 5838 1784 5905 οὕτως.

2052 5484 2208 5543 ΙΝΙΙ.
2248 5487 2351 5543 Ρει·
2379 5486 2509 5543 illud
2537 5495 2751 5558 tempus
2779 5501 2903 5543 curn
2942 5487 3280 5545 Theodosius
3307 5488 3537 5557 impera·

1977 5585 2064 5632 tor
2091 5579 2274 5635 nescio
2310 5593 2416 5647 qua
2448 5579 2736 5635 occasione
2762 5580 3031 5637 laboraret
3055 5580 3300 5650 pedibus,
3331 5577 3536 5634 inferne
