3850 6517
250 443 357 502 137

986 435 1329 494 Epwmtun
1369 437 1817 496 nssscnw'rutt
1862 441 1955 494 AD
1995 442 2430 505 AcactmtAET
2468 442 2773 524 mutuli.

246 579 350 633 της
368 558 516 625 ὀδοῦ,
551 557 646 612 καὶ
676 556 1076 627 νεοκατηχήτου
1106 555 1279 619 ὄντος,
1315 555 1697 628 ἐπετρέψαμεν
1719 559 1818 628 τὴν
1851 568 1891 620 Α
1923 560 2080 615 l'amae
2105 561 2480 632 magnitudine
2527 561 2841 617 stimulatus
2863 602 2878 626 ,
2914 559 2980 615 ad
3031 567 3084 618 te
3134 560 3350 632 pietatis
3397 570 3505 619 tuae

246 651 519 723 τοσαύτην
566 649 725 722 ἡμῶν
777 647 981 718 τόλμαν
1025 647 1135 700 τῶν
1174 647 1513 718 ἁμαρτωλῶν
1554 650 1691 720 πρὸς
1731 651 1823 704 τὸν

251 745 503 818 μαθητήν
549 759 611 796 σε
660 740 755 794 τοῦ
789 740 1058 810 Σωτῆρος.
1091 742 1156 792 Ὃ
1195 739 1253 792 δὲ
1284 738 1542 811 ἀξιοῦμεν
1579 740 1686 793 τῶν
1729 743 1828 814 ρη-

247 836 449 891 θέντων
478 850 558 887 σοι
586 832 723 904 πρός
753 847 905 893 τινας
929 830 1210 898 ἀδελφοὺς,
1243 829 1324 893 είς
1366 830 1614 882 παιδείαν
1651 829 1826 902 δωρή-

250 925 445 980 σασθαι
473 926 612 995 ὅπερ
639 923 723 977 σοὶ
745 923 843 994 μὲν
867 921 945 993 τῷ
971 922 1164 992 δικαίῳ
1201 921 1440 992 ἀὸαρὲς,
1464 923 1594 993 ἡμῖν
1626 922 1685 975 δὲ
1718 925 1830 986 τοῖς

250 1017 595 1090 ἁμαρτωλοῖς
643 1014 1038 1087 μεταλαῦοῦσιν
1084 1013 1454 1085 εὐφρανθῆναι
1503 1016 1561 1069 ὲν
1616 1014 1824 1089 Κυρίῳ.

261 1104 695 1179 Ἐμπλησθέντες
714 1103 824 1176 γάρ
855 1119 949 1156 σου
983 1102 1092 1156 τῶν
1127 1103 1514 1174 πνευματικῶν
1544 1104 1825 1176 ῥημάτων,

247 1193 715 1267 επικουφιζόμεθα
749 1194 858 1247 τῶν
896 1194 1138 1264 ἀνομιῶν
1175 1192 1352 1264 ἡμῶν.
1394 1193 1738 1265 Ἦκούσαμεν
1771 1195 1829 1250 δὲ

247 1288 608 1362 ἐπικληθέντα
653 1287 895 1358 ὀνόματα
936 1285 1042 1340 ὑπὸ
1084 1286 1182 1355 τῆς
1219 1287 1320 1356 σῆς
1363 1287 1674 1358 τιμιότητος
1705 1289 1828 1351 ταῖς

249 1383 542 1453 αἱρέσεσιν,
577 1373 652 1435 ὧν
686 1380 922 1449 ἑκάστης
961 1376 1255 1449 θρησκείας
1297 1375 1556 1449 ἀξιοῦμεν
1586 1379 1685 1450 τὴν
1730 1378 1828 1451 σὴν

249 1471 557 1528 θεοσέὅειαν
583 1469 882 1542 διαρρήδην
902 1469 1034 1537 ἡμῖν
1057 1466 1295 1537 δηλῶσαι
1320 1469 1418 1540 τὴν
1442 1466 1675 1538 αἰρεσιν.
1705 1467 1827 1537 Ἷση

246 1564 355 1635 γὰρ
371 1564 625 1617 ἁπάντων
649 1563 683 1632 ἡ
708 1559 904 1631 δωρεά.
926 1560 1036 1613 Καὶ
1055 1559 1113 1610 σὲ
1129 1558 1389 1630 ἀξιοῦμεν
1415 1557 1577 1630 εὐχὴν
1599 1559 1828 1629 ποιήσα-
1863 1586 1869 1593 -

248 1653 395 1712 σθαι,
428 1653 488 1704 σὲ
510 1651 604 1703 τὸν
627 1650 835 1702 δίκαιον
864 1648 943 1718 τῷ
977 1649 1187 1719 Κυρίῳ,
1220 1649 1359 1720 ὑπὲρ
1382 1648 1598 1701 πάντων
1626 1649 1733 1702 τῶν
1768 1666 1827 1702 σε

247 1741 578 1805 ποθούντων,
609 1740 701 1792 καὶ
725 1737 1091 1808 ἐκδεχομένων
1141 1738 1241 1808 τὴν
1269 1737 1422 1808 παρὰ
1464 1737 1558 1791 σοῦ
1597 1738 1824 1809 δωρεάν.

260 1835 346 1887 Ἐν
378 1833 604 1904 νηστείᾳ
645 1832 740 1882 καὶ
773 1830 905 1900 εὐχῇ
944 1831 1110 1898 ἐσμεν
1155 1828 1245 1881 τὸν
1272 1829 1448 1883 κοινὸν
1485 1828 1640 1900 ἡμῶν
1677 1829 1828 1882 ἀδελ-

1931 650 2202 706 desiderio
2251 650 2593 716 traheretur,
2639 651 2890 721 idemque
2936 649 3267 706 monasterio
3318 659 3510 707 nostro

1930 748 2079 796 esset
2116 740 2428 811 ascriptus3
2461 740 2737 795 hontinem
2772 741 2945 805 nacti,
2976 741 3070 813 qui
3104 741 3509 812 longinquitate

1932 840 2081 888 tanta
2110 833 2322 889 itineris
2350 841 2540 888 nostra
2562 833 2681 889 vice
2711 832 3034 903 iungeretur
3052 874 3070 900 ,
3107 834 3303 889 rudem
3328 831 3507 888 adhuc

1916 914 1984 978 ‘et
2014 923 2280 990 tironem;
2315 923 2445 979 huic
2494 923 2596 994 ipsi
2639 932 3022 994 peccatorum;
3072 923 3317 978 omnium
3358 920 3512 979 vid'e-

1932 1012 2056 1068 licet
2090 1021 2373 1077 nostrum,
2416 1013 2839 1084 postulationem
2885 1014 2953 1068 ad
3001 1022 3052 1068 te
3088 1010 3295 1068 Christi
3340 1011 3511 1069 disci·

1931 1103 2118 1173 pulum
2165 1102 2584 1174 perferendam3
2631 1104 2795 1174 paulo
2834 1119 2954 1158 eam
2994 1103 3214 1173 quidem
3250 1102 3511 1159 audacio·

1930 1209 2067 1262 rem,
2099 1193 2497 1249 mandavimus
2531 1194 2817 1250 Petitionis
2861 1209 3025 1265 porro
3067 1202 3270 1249 nostra·
3299 1209 3512 1251 summa

1930 1287 2047 1343 ltaec
2081 1295 2190 1355 est,
2220 1299 2278 1343 ut
2306 1304 2427 1359 quae
2467 1289 2748 1344 nonnullis
2785 1287 3052 1343 iratribus
3098 1286 3321 1350 dixisti,
3352 1302 3416 1343 ea
3443 1287 3513 1343 ad

1931 1387 2179 1435 nostram
2212 1380 2613 1435 institutionem
2645 1378 2911 1449 impertiri
2936 1393 3041 1433 non
3072 1378 3336 1449 graveris.
3356 1375 3515 1444 Quod

1931 1465 2119 1525 ut‘tibi
2144 1470 2352 1525 homini
2392 1470 2548 1541 J'usto
2596 1470 2889 1525 molestum
2922 1485 3030 1522 non
3070 1469 3210 1524 erit:
3247 1469 3320 1522 ita
3352 1467 3515 1524 nobis

1930 1563 2313 1633 peccatoribus
2335 1602 2349 1625 ,
2395 1561 2442 1617 si
2474 1561 2771 1630 impetrare
2823 1560 3202 1630 potuerimus,
3239 1559 3514 1628 ingentem

1931 1650 1986 1705 in
2036 1649 2263 1707 Domino
2328 1652 2569 1708 lautitiam
2632 1666 2695 1705 ac
2736 1652 3071 1722 voluptatem
3119 1650 3327 1705 afferet.
3376 1649 3513 1704 Cum

1927 1742 2074 1795 enim
2109 1742 2451 1811 spiritalibus
2478 1743 2587 1797 tuis
2612 1742 2959 1796 sermonibus
2986 1740 3273 1803 satiamur,
3309 1739 3514 1809 iniqui-

1930 1839 2103 1884 tatum
2166 1844 2475 1886 nostramm
2529 1848 2696 1889 onere
2743 1831 3115 1888 sublevamur.
3165 1833 3241 1886 Ac
3296 1831 3515 1887 nomina

246 1927 367 1996 φδν,
400 1925 656 1995 &extit-asa
684 1922 789 1976 ὑπὸ
812 1922 914 1990 τῆς
956 1920 1053 1990 σῆς
1090 1921 1402 1990 τιμιότητος
1434 1919 1706 1990 ἀσμένως,
1733 1920 1827 1973 καὶ
1853 1972 1898 2025 Β
1930 1925 2146 1994 quidem
2179 1926 2315 1996 ipsa,
2349 1942 2470 1996 quae
2495 1940 2525 1979 a
2555 1934 2607 1982 te
2631 1934 2760 1981 sunt
2795 1925 3098 1981 haeresibus
3120 1925 3376 1999 imposita
3401 1925 3513 1995 jam

246 2018 473 2090 κομίσαι
502 2015 599 2087 τὴν
624 2014 729 2068 ὑπὸ
749 2012 846 2066 σοῦ
867 2011 1247 2082 δεδωρημένην
1279 2011 1506 2081 δωρεὰν,
1541 2011 1634 2064 καὶ
1654 2011 1827 2074 Οὕτως
1933 2017 2258 2071 audivimus.
2299 2015 2455 2072 Nunc
2492 2017 2929 2089 uniuscujusque
2968 2024 3131 2074 sectae
3169 2017 3363 2087 dogma
3396 2033 3517 2088 per-

239 2109 568 2181 ἀναπέμψαι
601 2107 701 2171 τὰς
731 2103 794 2171 ἐξ
825 2104 980 2168 ἔθους
1017 2103 1181 2174 εὐχὰς
1213 2103 1412 2174 Πατρὶ,
1444 2103 1536 2156 καὶ
1570 2101 1700 2172 Υίῷ,
1731 2103 1824 2155 καὶ

245 2204 387 2276 ἁγίῳ
437 2200 739 2273 Πνεύματι.
785 2197 995 2259 Πάντες
1044 2196 1353 2259 ἐλπίζουσιν
1393 2197 1442 2248 oi
1493 2194 1712 2265 ἀδελφοὶ
1753 2197 1823 2267 τῇ

247 2295 352 2350 ὑπὸ
384 2295 479 2349 σοῦ
515 2294 647 2365 εὐχῇ
682 2290 824 2364 ὑπὲρ
865 2288 1046 2342 αὐτῶν
1093 2288 1389 2359 γιγνομένῃ
1441 2287 1818 2358 στηριχθῆναι.

249 2384 677 2456 Παρακαλοῦμεν
708 2382 783 2455 μὴ
819 2381 1052 2450 ὀκνῆσαι
1094 2377 1416 2450 μεταδοῦναι
1446 2378 1604 2450 χάριν
1635 2376 1820 2450 θεῖκὴν

255 2475 523 2546 ὶσχηκὸτα
551 2473 880 2528 ἀποστόλων.
918 2471 1125 2534 Πάντες
1150 2471 1200 2524 oi
1232 2469 1418 2540 μικροὶ
1448 2471 1505 2522 ἐν
1535 2470 1654 2532 ταῖς
1688 2467 1823 2538 μάν-

256 2563 412 2635 δραις
438 2563 585 2628 ὀντες
622 2564 780 2637 εὐχὴν
813 2562 891 2634 τῷ
926 2562 1196 2633 κρείττονι
1233 2561 1617 2631 ἀναπέμπουσι
1657 2576 1824 2631 μετα-

254 2655 442 2710 λαὸείν
461 2655 568 2710 ἀπὺ
595 2655 693 2726 τῆς
712 2655 810 2728 σῆς
839 2655 1146 2718 θεοσεὸείας
1186 2652 1559 2724 πνευματικὴν
1592 2652 1822 2723 δωρεάν.

262 2747 606 2820 Ἐῤῥωμένος
643 2749 705 2801 ἐν
741 2748 947 2820 Κυρίῳ,
979 2749 1074 2800 καὶ
1106 2745 1343 2816 εὔθυμος
1377 2746 1436 2798 ἐν
1464 2744 1685 2817 Χριστῷ
1712 2745 1826 2798 δια-

245 2840 459 2912 τελοίης
486 2879 502 2904 ,
547 2841 641 2893 καὶ
695 2841 755 2893 ἑν
802 2840 942 2910 ἁγίῳ
989 2838 1267 2909 Πνεύματι
1312 2837 1404 2890 τὸν
1468 2836 1691 2890 δοθέντα
1741 2853 1825 2890 σοι

249 2930 459 3003 θρόνον,
483 2933 574 2986 καὶ
611 2932 715 3004 τὴν
735 2930 923 3003 θεῖκὴν
956 2931 1164 3002 δωρεὰν
1195 2930 1294 3001 (1),
1327 2929 1488 3002 μέχρι
1513 2926 1606 2981 τοῦ
1648 2927 1709 2980 σὲ
1737 2927 1830 2980 ὲκ-

247 3020 534 3092 διχομένου
564 3021 851 3093 στεφάνου.

1932 2107 2121 2178 spicue
2148 2108 2411 2162 declarari
2461 2123 2490 2161 a
2526 2117 2614 2161 tna
2651 2110 2850 2178 pietate
2894 2109 3170 2179 cupimus.
3220 2106 3334 2163 lloc
3363 2107 3510 2164 enim

1930 2213 2220 2253 commune
2247 2213 2312 2252 ex
2367 2214 2525 2268 atquo
2560 2199 2763 2254 donum
2818 2208 2901 2255 est
2950 2198 3206 2254 omnibus
3244 2196 3515 2256 futurum.

1929 2280 2068 2340 Tum
2101 2285 2231 2340 illud
2254 2287 2414 2341 enixe
2444 2301 2721 2358 rogamus,
2757 2297 2815 2342 ut
2842 2303 2940 2359 pro
2979 2288 3279 2353 universis,
3307 2288 3402 2357 qui
3430 2287 3513 2344 tui

1926 2376 2200 2432 desiderio
2224 2384 2498 2440 tenentur,
2532 2378 2733 2448 quique
2772 2375 2902 2432 illud
2934 2392 2965 2432 a
2993 2386 3048 2434 te
3076 2393 3278 2433 munus
3322 2394 3512 2450 exspe-

1929 2475 2100 2529 ctant,
2128 2477 2210 2534 ιιι,
2234 2468 2327 2537 qui
2353 2468 2537 2537 justus
2561 2485 2641 2536 es,
2674 2468 2963 2525 Dominum
2991 2468 3252 2541 preceris,
3288 2468 3516 2526 Interim

1930 2575 2033 2615 uos
2063 2558 2117 2613 in
2144 2559 2356 2629 jejunio
2400 2568 2454 2615 et
2482 2561 2732 2615 oratione
2757 2560 2823 2615 ad
2849 2560 2983 2615 illud
3013 2559 3368 2616 obtinendum
3396 2575 3520 2631 per-

1933 2650 2179 2706 sistimus
2200 2693 2215 2718 ,
2255 2660 2313 2705 ut
2350 2650 2518 2707 irater
2550 2653 2640 2708 ille
2681 2664 2870 2710 noster
2900 2653 3137 2724 benigne
3176 2668 3204 2708 a
3238 2663 3291 2709 te
3325 2668 3519 2710 susce·

1931 2751 2079 2812 ptuS,
2102 2751 2384 2813 acceptum
2418 2744 2549 2798 illud
2577 2760 2785 2800 munus.
2802 2744 2869 2800 ad
2900 2759 3001 2800 nos
3031 2751 3271 2816 reportet
3301 2762 3317 2799 ε
3351 2751 3518 2815 atque

1935 2833 2010 2887 ita
2036 2832 2142 2889 Deo
2202 2832 2370 2898 Patri,
2407 2833 2544 2890 Filio
2584 2851 2649 2890 ac
2678 2835 2904 2907 Spiritui
2943 2844 3137 2891 sancto
3168 2837 3361 2892 solitas
3390 2851 3517 2906 pre-

1936 2939 2029 2980 ces
2068 2922 2380 2980 offeramus.
2432 2923 2634 2982 Onmes
2685 2926 2861 2982 nostri
2897 2926 3099 2983 l'ratres
3149 2926 3304 2983 valde
3344 2924 3519 2981 conli-

1937 3015 2098 3081 dunt,
2134 3015 2272 3072 fusis
2296 3033 2326 3071 a
2355 3026 2406 3073 te
2432 3035 2530 3088 pro
2561 3019 2695 3089 ipsis
2742 3019 2999 3089 precibus
3023 3034 3145 3076 sese
3190 3032 3519 3090 magnopere

246 3113 622 3170 contii-matum
651 3116 737 3170 iri.
763 3112 1000 3169 Oramus
1029 3120 1101 3177 te,
1140 3111 1312 3183 utqui
1337 3109 1576 3166 divinam
1598 3109 1975 3180 apostolorum
2034 3111 2262 3180 gratiam
2305 3117 2638 3169 consecutus
2671 3128 2751 3179 es,
2784 3113 2931 3186 quod
2996 3113 3234 3185 petimus
3293 3127 3363 3167 ne
3417 3109 3519 3165 tri-

243 3205 415 3263 buere
445 3208 748 3263 cuncteris.
776 3204 970 3261 Pusilli
1011 3217 1221 3267 omnes,
1246 3202 1339 3274 qui
1373 3202 1429 3258 iu
1476 3201 1830 3258 monasteriis
1863 3200 2090 3274 degunt,
2120 3203 2287 3259 Deum
2319 3213 2643 3276 precantur,
2699 3213 2757 3260 ut
2823 3221 2853 3260 a
2899 3213 2952 3262 te
3000 3203 3247 3277 spiritale
3312 3203 3519 3259 donum

246 3301 382 3357 illud
400 3302 704 3357 emmeant.
748 3299 938 3355 Valere
966 3308 1019 3355 te
1041 3299 1097 3353 in
1129 3296 1380 3364 Domino,
1407 3312 1469 3352 ac
1492 3297 1674 3352 laetum
1702 3295 1923 3352 assidue
1957 3297 2153 3370 degere
2182 3309 2438 3370 optamus
2467 3299 2765 3369 plurimum
2816 3319 2829 3354 :

2904 3308 2959 3358 et
2998 3299 3356 3357 commissum
3417 3294 3519 3353 tibi

247 3392 530 3453 thronum,
568 3393 622 3446 in
659 3391 867 3463 Spiritu
889 3398 1101 3459 sancto,
1131 3389 1485 3461 divinumque
1521 3388 1665 3444 tueri
1700 3402 1925 3454 munus,
1993 3389 2168 3447 donec
2222 3408 2365 3458 eam,
2416 3406 2540 3464 quae
2573 3398 2627 3448 te
2678 3401 2900 3462 manet,
2963 3408 3223 3449 coronam
3254 3392 3311 3447 in
3373 3390 3518 3448 ‹·oelo

246 3485 632 3557 consequaris.

975 3625 1930 3829 REschP'rUMm
2010 3680 2794 3825 EPlPHANn.

260 3900 332 3955 Ἥ
370 3895 803 3964 ἀντιγραφεῒσα
856 3906 901 3943 π
976 3908 1010 3954 ς
1053 3887 1196 3955 τοὺς
1246 3888 1379 3955 περὶ
1424 3890 1691 3946 amantor
1730 3893 1828 3948 καὶ
1858 3899 1902 3958 C
1936 3892 2225 3964 Epiplaonii
2272 3891 2502 3961 episcopi
2554 3889 2818 3961 epistola,
2862 3904 3023 3960 quam
3065 3890 3135 3943 ad
3179 3890 3433 3943 Acacium
3468 3899 3519 3945 et

253 3993 257 3996 ·
327 3967 573 4019 Παῦλον
611 3963 874 4030 apso-6111
891 3975 1054 4038 ρους
1101 3958 1222 4038 qao
1249 3959 1436 4014 αὑτοῦ
1481 3961 1833 4031 Ἐπιφανίου

331 4031 482 4100 πρὸς
520 4031 590 4085 τὰ
633 4031 733 4085 ὑπ’
764 4031 962 4084 αὑτων
992 4030 1154 4096 αὺτῳ
1199 4029 1501 4101 γραφέντα
1542 4033 1679 4102 περὶ
1726 4033 1835 4088 τοῦ

333 4101 484 4155 κατὰ
517 4100 803 4169 αἱρέσεων
828 4099 1051 4170 γράψαι
1085 4101 1290 4154 αὐτόν.

330 4213 553 4283 Κυριοις
575 4211 919 4282 τιμιωτάτοις
940 4209 1190 4281 ἀδελφοῖς
1212 4212 1304 4267 καὶ
1328 4213 1837 4287 συμπρεσόυτέροις

272 4305 509 4376 Ἀκακίῳ
568 4306 661 4358 καὶ
718 4302 916 4375 Παύλῳ
969 4303 1284 4374 Ἐπιφάνιος
1368 4307 1426 4359 ὲν
1473 4305 1666 4376 Κυρίῳ
1714 4305 1837 4377 χαί-

258 4414 392 4467 ρειν.
438 4397 751 4468 Προοίμιον,
784 4395 880 4448 εἴτ’
914 4391 1009 4450 οὖν
1044 4396 1235 4450 λαλιὰν
1267 4397 1601 4470 ἐπιγραφὴν,
1646 4396 1836 4469 ὥσπερ

253 4486 644 4558 διαγράφοντες
674 4486 888 4540 παλαιοὶ
909 4489 1245 4558 συγγραφεῖς
1282 4486 1366 4541 διὰ
1389 4485 1482 4540 τοῦ
1515 4487 1838 4559 αἰνίγματος

255 4576 525 4646 ύπὸφασιν
570 4577 841 4631 ἐδείκνυον
901 4575 1082 4644 πάσης
1140 4576 1514 4648 ὑποκειμένης
1574 4593 1837 4650 πραγμα-

253 4668 427 4732 τείας.
452 4668 613 4721 Ὄθεν
637 4668 732 4722 καὶ
780 4667 955 4735 αὐτοὶ,
986 4665 1066 4738 τῷ
1113 4667 1263 4739 αὐτῷ
1300 4667 1629 4740 κεχρημένοι
1663 4685 1840 4740 χαρα-

255 4760 443 4832 κτῆρι,
476 4760 944 4834 προοιμιαζόμεθα
972 4761 1122 4833 ὑμίν,
1154 4760 1454 4831 ἀγαπητοὶ,
1477 4759 1548 4813 τὰ
1567 4758 1669 4831 τῆς
1695 4758 1838 4813 κατὰ

256 4851 525 4924 αἱρέσεων
549 4854 816 4923 αἰτήσεως
838 4853 1013 4925 ὑμῶν,
1043 4852 1101 4905 ὲν
1127 4851 1293 4922 ὀλίγῳ
1319 4849 1418 4923 τὴν
1445 4849 1675 4922 δύναμιν
1708 4851 1840 4904 ἀνα-

257 4942 732 5014 κιφαλαιούμενοι.
784 4943 1006 5016 Ἐπειδὴ
1052 4942 1160 5016 γὰρ
1203 4942 1472 5015 μέλλομεν
1506 4943 1636 5015 ὑμῖν
1664 4943 1735 4998 τά
1778 4960 1838 4997 τε

259 5035 497 5108 ,φύματα
540 5035 650 5090 τῶν
675 5037 941 5109 αἱρέσεων
992 5036 1210 5108 δηλοῦν.
1239 5035 1339 5099 τάς
1384 5052 1444 5088 τε
1497 5038 1628 5109 παρ’
1654 5036 1838 5100 αὐτοῖς

257 5124 551 5197 ἀθεμίτους
611 5125 839 5199 πράξεις
888 5125 1322 5187 ἀνακαλύπτειν,
1367 5122 1555 5196 ὥσπερ
1597 5125 1707 5189 ἰοὺς
1746 5125 1840 5178 καὶ

2011 3984 2245 4040 Paulum
2279 3980 2612 4054 presbyteros
2648 3978 2718 4034 od
2767 3996 2831 4034 eo
2863 3979 3170 4049 rescripsit,
3194 3996 3311 4050 «μιαν
3337 3979 3420 4034 mi
3454 3979 3519 4037 de

2010 4077 2371 4131 luctcbrotione
2400 4075 2497 4129 illa
2531 4083 2717 4128 contra
2741 4071 2965 4126 hoerem
2996 4072 3442 4142 significaverant.

2009 4213 2257 4271 Dominis
2293 4211 2699 4268 venerabilibus
2748 4227 2810 4266 ac
2841 4210 3137 4277 fratribus,
3183 4220 3235 4268 et
3263 4211 3511 4285 collegis,

1937 4306 2136 4383 dcacio
2192 4311 2247 4360 et
2294 4303 2484 4364 Paulo,
2516 4300 2853 4373 Epiphanius
2903 4305 2956 4358 in
3003 4302 3227 4360 Christo
3258 4305 3516 4364 salutem.

1943 4396 2410 4466 Quemadmodum
2442 4395 2650 4466 antiqui
2688 4394 2987 4466 scriptores
3025 4406 3424 4453 consueverant
3460 4398 3518 4454 in

1938 4487 2351 4560 prael'ationibus
2381 4502 2445 4541 ac
2485 4485 2825 4558 proloquiis,
2857 4495 2911 4543 et
2951 4488 3408 4559 inscriptionibus
3435 4497 3519 4547 to·

1938 4581 2050 4636 tius
2071 4580 2252 4653 operis
2277 4579 2542 4655 propositi
2570 4580 2805 4650 speciem
2838 4578 3256 4637 adumbratione
3279 4581 3517 4653 quadam

1940 4672 2288 4729 informatam
2310 4669 2627 4739 ostendere3
2658 4669 2735 4725 ita
2750 4680 2804 4727 et
2820 4686 2921 4727 nos
2936 4670 3125 4728 eodem
3143 4674 3411 4732 orationis
3431 4676 3514 4732 usi

1939 4780 2137 4837 genere
2156 4763 2479 4837 prooemium
2510 4763 2614 4819 hoc
2636 4761 2997 4829 instituimus,
3027 4762 3243 4831 dilecti,
3277 4773 3371 4830 ut,
3394 4781 3517 4838 quae

1938 4859 2234 4928 postulatio
2265 4866 2446 4914 vestra
2473 4854 2599 4923 init,
2629 4872 2820 4915 eorum
2846 4873 2968 4929 quae
2991 4857 3257 4915 adversus
3281 4857 3518 4918 haereses

1941 4950 2275 5024 disputanda
2329 4959 2494 5017 sunt,
2551 4966 2768 5008 summa
2822 4950 3017 5023 paucis
3062 4952 3515 5025 complectamur.

1940 5046 2211 5116 Quoniam
2246 5047 2392 5103 enim
2430 5047 2714 5105 haereseon
2762 5045 3008 5102 omnium
3056 5046 3280 5102 nomina
3333 5046 3516 5104 decla·

1942 5139 2109 5196 tanda
2134 5140 2287 5199 vobis
2316 5141 2495 5198 hocin
2531 5142 2673 5199 libro
2693 5140 3065 5210 suscepimus,
3094 5154 3197 5196 nec
3220 5154 3331 5197 non
3355 5157 3515 5200 exse-

256 5216 556 5290 δηλητὴρια
604 5219 753 5285 ὄντα.
791 5220 889 5274 σὺν
926 5220 1112 5282 αὐτοῖς
1153 5217 1208 5272 δὲ
1243 5218 1360 5288 ἅμα
1399 5218 1494 5271 καὶ
1530 5216 1836 5280 ἅντιδότθυς
1865 5236 1910 5290 n
1939 5230 2164 5296 cranda,
2210 5246 2275 5286 ac
2321 5231 2532 5287 nefaria
2566 5232 2782 5287 illarum
2838 5228 3074 5301 flagitia,
3126 5231 3210 5287 sic
3252 5238 3513 5305 tanquam

257 5307 732 5381 ἔφαριιῡσάμενοι,
775 5309 1107 5382 ἀλεξητήρια
1161 5307 1270 5362 τῶν
1306 5307 1688 5380 δι’-διηγμένων,
1737 5307 1833 5360 καὶ
1937 5317 2367 5390 praesentissima
2386 5319 2630 5391 quaedam
2654 5317 3213 5391 venena‚patel'acere
3242 5321 3513 5385 volumus.

257 5400 752 5472 προκαταληπτικὰ
776 5401 885 5456 τῶν
915 5400 1215 5472 μελλόντων
1249 5401 1329 5464 εἰς
1356 5398 1512 5453 τοῦτο
1538 5400 1831 5471 ἐμπίπτειν
1937 5416 2103 5478 atque
2149 5407 2237 5464 his
2266 5409 2413 5465 velut
2447 5409 2688 5466 antidota
2713 5410 2958 5482 quaedam
2996 5420 3363 5482 opponentes,
3395 5425 3513 5483 quae

257 5494 372 5556 τοῖς
411 5492 722 5562 φιλοκάλοις
761 5494 1167 5566 διαγράφομεν·
1203 5491 1336 5547 αὐτὸ
1380 5489 1538 5545 τοῦτο
1585 5491 1646 5546 τὸ
1674 5491 1832 5563 [upo-
1937 5496 2021 5553 vel
2058 5495 2147 5562 iis,
2187 5497 2281 5569 qui
2317 5511 2500 5553 morsu
2523 5499 2678 5569 petiti
2707 5509 2836 5556 sunt
2865 5499 3107 5557 remedio
3128 5516 3249 5558 esse
3278 5500 3511 5572 possint.

257 5581 458 5654 οίμιον]
507 5583 811 5656 Πανάριον,
860 5584 958 5638 εἴτ’
1001 5579 1092 5637 οὗν
1131 5581 1384 5635 κιὸὡτιον
1431 5581 1692 5652 ἰατρικὸν,
1738 5582 1832 5636 καὶ
1937 5589 2023 5643 vel
2061 5603 2176 5650 eos,
2204 5586 2409 5658 quibus
2443 5604 2510 5645 ue
2537 5590 2777 5646 incidant
2803 5592 3106 5665 periculum
3140 5601 3243 5662 est,
3279 5607 3512 5664 praemu-

259 5671 674 5746 θηριοῒιηκτικὸν
716 5675 1129 5748 ἑρμηνεύοντες,
1180 5675 1314 5744 ὅπερ
1336 5673 1453 5726 ἐστὶ
1482 5672 1570 5728 διὰ
1612 5672 1833 5744 βιδλίων
1944 5679 2097 5734 niant
2140 5695 2204 5734 ac
2251 5688 2599 5748 conservent,
2635 5682 2982 5739 honestarum
3032 5698 3213 5738 rerum
3248 5683 3511 5742 studiosis

258 5765 427 5840 τριῶν
453 5767 693 5839 αἱρέσεις
725 5768 1073 5839 ὀγδοήκοντα,
1102 5767 1304 5832 αἵτινές
1334 5769 1440 5820 εἱσι
1480 5765 1707 5838 θηρίων,
1734 5765 1836 5819 εἴτ’
1944 5767 2292 5824 conscribere
2323 5787 2337 5825 ε
2369 5767 2683 5836 Panarium,
2710 5769 2823 5827 sive
2853 5771 3095 5828 arculam
3127 5769 3415 5834 medicam,
3439 5766 3506 5825 ad

334 5883 412 5946 ill
443 5881 604 5942 Deest
623 5885 846 5941 verbum
882 5884 1028 5956 quod
1055 5884 1248 5940 Latino
1280 5883 1414 5940 tueri
1445 5883 1794 5956 respondeat.
