3850 6517
199 449 305 507 5¹3

841 438 1212 497 ADVERSUS
1247 437 1590 495 RAERESES
1628 436 1759 492 Lm.
1800 435 1842 490 1.
1884 434 2052 492 Tou.
2094 434 2158 492 ΙΙ.
2198 465 2270 475 -
2302 432 2580 491 ttffiitssS.
2615 432 2816 490 xxxt.

3362 438 3468 497 mh

196 566 340 621 οὕτω
368 560 464 617 και
494 560 557 615 «ιδ
586 557 813 631 σπέρμα
853 559 1046 630 αὐτῆς,
1077 558 1107 612 ὃ
1134 558 1200 630 δὴ
1248 559 1342 612 καὶ
1383 558 1517 613 αὐτὸ
1557 556 1783 627 Ἐκκλη-
1813 560 1857 617 Α
1883 561 1989 620 est,
2021 555 2285 625 spiritalis
2305 563 2366 609 ut
2397 554 2562 609 homo
2586 554 2935 610 Conditorem
2958 550 3177 621 lateret,
3208 568 3332 611 cum
3358 573 3468 614 una

199 656 317 710 σίαν
340 650 482 708 εἷναι
506 652 781 722 λέγωσιν,
810 648 1103 704 ἀντίτυπον
1139 648 1240 720 τῆς
1279 646 1394 701 ἅνω
1436 644 1778 717 Ἐκκλησίας.

197 744 305 799 Καὶ
328 743 454 797 τότε
488 737 633 795 εἶναι
668 738 761 792 τὸν
796 738 858 790 ὲν
894 737 1077 801 αὐτοῖς
1114 734 1361 800 ἀξιοῦσιν
1391 735 1434 801 ¹,
1461 734 1604 789 ὥστε
1637 733 1782 804 ἔχειν

193 836 393 897 αὐτοὺς
433 832 536 902 τὴν
573 829 677 901 μὲν
707 827 887 900 ψυχὴν
933 827 1041 881 άπὸ
1085 826 1182 881 τοῦ
1228 823 1593 899 Δημιουργοῦ,
1626 824 1689 878 τὸ
1723 824 1783 878 δὲ

200 928 361 999 σῶμα
385 924 498 981 ἀπὸ
523 922 619 977 τοῦ
646 921 792 993 χοὸς,
827 921 924 973 καὶ
948 919 1011 974 τὸ
1056 918 1319 991 σαρκικδν
1351 916 1464 973 ἀπὸ
1497 916 1599 989 τῆς
1627 916 1783 989 ὕλης,

199 1021 290 1074 τὸν
319 1019 378 1073 δὲ
411 1012 779 1086 πνευματικὸν
823 1009 1112 1082 ἄνθρωπον
1148 1010 1261 1066 ἀπὸ
1296 1010 1398 1082 τῆς
1439 1010 1647 1083 μητρὸς
1680 1010 1782 1082 τῆς

214 1108 494 1183 'Axe-tubo.

266 1378 353 1431 K'.
395 1372 577 1447 Τριῶν
608 1366 703 1427 οὖν
735 1371 929 1435 ὅντων,
983 1369 1045 1425 τὸ
1089 1369 1189 1442 μὲν
1238 1368 1444 1433 ὑλικὸν,
1468 1367 1498 1421 δ
1534 1366 1631 1421 καὶ
1658 1365 1783 1439 άρι-

200 1466 393 1537 στερὸν
428 1463 677 1527 καλοῦσι,
702 1460 846 1516 κατὰ
870 1460 1121 1531 ἀνάγκην
1143 1458 1479 1514 ἀπόλλυσθαι
1504 1458 1779 1527 λέγωσιν,

204 1560 305 1615 &ts
357 1556 627 1630 μηδεμίαν
673 1553 1045 1620 ἐπιδείξασθαι
1085 1554 1107 1583 ⁸
1135 1552 1304 1624 πνοὴν
1341 1551 1650 1624 ἀφθαρσίας
1690 1551 1784 1606 δυ-

200 1652 466 1721 νάμενον·
509 1651 573 1704 τὸ
614 1646 676 1702 δὲ
710 1645 963 1717 ψυχικὸν,
993 1645 1023 1699 δ
1061 1645 1161 1699 καὶ
1195 1643 1366 1709 δεξιὸν
1407 1642 1784 1716 προσαγορεύ-

196 1724 373 1804 ουσιν,
414 1735 512 1792 &ts
543 1737 708 1807 μέσον
738 1734 798 1788 ὃν
827 1732 924 1788 τοῦ
955 1750 1016 1788 τε
1046 1732 1418 1803 πνευματικοῦ
1451 1734 1544 1786 καὶ
1575 1730 1783 1801 ὑλικοῦ,

196 1834 378 1885 ἐκεῖσε
405 1831 623 1901 χωρεῖν,
654 1828 792 1882 ὅπου
829 1825 897 1881 ἂν
930 1826 1026 1880 καὶ
1062 1825 1162 1897 τὴν
1195 1824 1515 1898 πρόσκλισιν
1551 1826 1787 1896 ποιήση-

1883 664 1981 718 per
2007 647 2129 718 ejus
2158 646 2396 701 afflatum
2430 662 2459 700 a
2492 645 2767 716 Sapientia
2793 657 3190 705 consereretur.
3217 646 3291 704 Ut
3319 651 3470 706 enim

1880 736 2064 807 ignota
2108 735 2185 789 illi
2218 734 2388 790 Mater
2419 733 2543 798 fuit,
2576 737 2658 790 sie
2707 736 2870 791 etiam
2920 735 3062 793 fetus
3098 737 3267 804 iliius,
3304 754 3470 810 quam

1882 826 2185 883 Ecclesiam
2229 833 2448 891 vocant,
2502 824 2763 881 Ecclesiae
2822 827 3053 885 alterius
3102 843 3170 885 ac
3229 832 3473 889 coelestis

1881 919 2175 991 imaginem
2207 931 2544 989 expressam.
2576 917 2756 987 Atque
2798 917 2944 972 hunc
2989 920 3165 989 ipsum
3197 922 3471 977 homiuem

1882 1009 2038 1065 illum
2082 1024 2206 1066 esse
2251 1016 2477 1064 censent
2519 1008 2614 1077 qui
2651 1009 2706 1063 in
2751 1008 2888 1078 ipsis
2929 1009 3161 1067 exsistat
3191 1030 3205 1066 :
3235 1013 3373 1067 adeo
3415 1022 3471 1068 ut

1882 1103 2121 1157 animam
2149 1098 2454 1166 Conditori‚
2483 1114 2686 1171 corpus
2729 1100 2923 1167 humo,
2957 1114 3182 1157 carnem
3209 1103 3471 1168 materiae,

1879 1193 2187 1263 spiritalem
2226 1190 2500 1248 hominem
2541 1190 2702 1246 Matri
2745 1191 3028 1248 Achamoh
3060 1201 3348 1264 acceptum
3385 1210 3474 1251 re-

1881 1284 2081 1340 ferant.

1951 1372 2073 1427 XX.
2103 1373 2180 1428 Ex
2230 1371 2301 1429 iis
2341 1372 2542 1440 trihus,
2592 1372 2739 1444 quod
2781 1373 3013 1431 materia
3051 1380 3290 1440 constat,
3337 1373 3474 1429 sini-

1881 1473 2168 1537 strumque
2193 1476 2419 1522 vocatur
2461 1470 2644 1536 perire
2666 1468 3001 1523 'necessario
3029 1467 3350 1538 pradicant,
3382 1473 3473 1521 ut·-

1882 1567 2007 1626 pote
2033 1555 2177 1628 quod
2227 1571 2299 1613 ne
2341 1556 2627 1612 minimum
2658 1556 2879 1627 quidem
2925 1556 3359 1613 immortalitatis
3387 1555 3474 1611 οι·-

1882 1645 2070 1701 ssatum
2099 1647 2275 1719 possit
2299 1646 2579 1717 recipere;
2605 1646 2843 1701 animale
2869 1660 3023 1710 vero,
3051 1647 3169 1703 sive
3193 1645 3471 1711 dextrum.

1884 1737 2032 1809 quod
2058 1737 2295 1793 medium
2330 1738 2471 1794 inter
2507 1737 2756 1809 spiritale
2799 1751 2865 1792 ac
2909 1737 3140 1793 materia
3179 1736 3472 1809 praedituut

1885 1827 2196 1903 interjacet,
2220 1828 2353 1883 illuc
2386 1843 2498 1899 quo
2539 1835 2737 1899 suopte
2776 1835 2913 1882 nutu
2960 1828 3313 1898 propenderit
3347 1842 3475 1899 pro-

194 1937 319 1977 ται·
347 1921 409 1975 τὸ
443 1920 500 1975 δὲ
538 1917 908 1991 πνευματικὸν
953 1916 1367 1988 ὲκπεπέμφθαι,
1404 1917 1554 1981 ὅπως
1595 1915 1781 1969 ἐνθάδε
1813 1915 1856 1970 Β
1885 1916 2078 1983 ίὶοίευί,.
2125 1916 2282 1985 Quod
2326 1925 2510 1973 autem
2550 1918 2800 1988 spiritale
2841 1919 2913 1973 sit
2968 1918 3188 1974 idcirco*
3214 1919 3378 1983 mitti,
3411 1925 3475 1973 ut

196 2012 274 2083 τῷ
308 2010 526 2083 ψυχικῷ
577 2008 808 2080 συζυγὲν
853 2010 1141 2082 μορφωθῇ,
1186 2011 1589 2081 συμπαιδευθὲν
1632 2008 1784 2081 αὐτῷ

195 2106 252 2157 ἐν
277 2106 341 2174 τῇ
383 2104 719 2174 ἀναστροφῇ.
766 2101 875 2156 Καὶ
917 2101 1063 2155 τοῦτ’
1092 2096 1234 2155 εἶναι
1269 2101 1488 2170 λέγουσι
1521 2102 1585 2154 τὸ
1621 2100 1780 2167 ἃλας,

194 2197 291 2251 καὶ
320 2196 380 2249 τὸ
416 2195 531 2265 φῶς
567 2193 662 2248 τοῦ
706 2195 938 2267 κόσμου.
973 2194 1124 2248 Ἔδει
1164 2194 1273 2266 γάρ
1308 2194 1417 2249 τῶν
1455 2192 1708 2264 ψυχικῶν
1733 2192 1779 2258 ⁸,

195 2288 290 2341 καὶ
327 2286 600 2359 αἰσθητῶν
627 2287 1034 2359 παιδευμάτων.
1066 2288 1148 2341 Δι’
1177 2280 1254 2342 ὧν
1289 2288 1385 2341 καὶ
1422 2287 1629 2357 κόσμον
1651 2300 1785 2339 κατ-

194 2377 524 2431 εσκευάσθαι
555 2377 797 2446 λέγουσι,
836 2378 933 2432 καὶ
976 2378 1067 2431 τὸν
1100 2378 1331 2451 Σωτῆρα
1375 2376 1432 2431 δὲ
1475 2377 1573 2431 ἐπὶ
1622 2374 1784 2429 τοῦτο

199 2466 634 2537 παραγεγονέναι
681 2467 742 2519 τὸ
779 2467 1010 2538 ψυχικὸν
1035 2506 1052 2532 ,
1109 2470 1232 2523 ἐπεὶ
1284 2468 1383 2524 καὶ
1432 2467 1784 2533 αὐτεξούσιόν

201 2560 373 2624 ἐστιν,
402 2559 551 2621 ὅπως
581 2556 717 2611 αὐτὸ
746 2556 918 2630 σώσῃ.
946 2550 1049 2610 Ὧν
1069 2558 1181 2630 γὰρ
1214 2560 1419 2630 ἤμελλε
1443 2558 1661 2623 σώζειν,
1681 2557 1785 2623 τὰς

198 2647 457 2722 ἀπαρχάς
490 2646 673 2703 αὐτῶν
716 2646 998 2719 εἰληφέναι
1044 2648 1368 2717 φάσκωσιν,
1389 2647 1500 2702 ἀπὸ
1538 2649 1639 2720 μὲν
1684 2648 1786 2719 τῆς

214 2739 467 2811 Ἀχαμὼθ
509 2738 572 2793 τὸ
602 2736 999 2809 πνευματικὸν,
1049 2736 1161 2792 ἀπὸ
1209 2737 1270 2791 δὲ
1305 2736 1399 2792 τοῦ
1441 2738 1785 2811 Δημιουργοῦ

196 2831 504 2885 ἐνδεδύσθαι
535 2830 629 2884 τὸν
656 2826 892 2900 ψυχικὸν
922 2828 1181 2901 Χριστὸν,
1217 2828 1328 2883 ἀπὸ
1367 2829 1426 2883 δὲ
1453 2830 1556 2901 τῆς
1582 2832 1787 2884 οἰκονο-

196 2923 326 2995 μίας
350 2922 759 2997 περιτεθεῖσθαι
791 2921 956 2994 σῶμα
989 2920 1229 2993 ψυχικὴν
1256 2920 1380 2993 ἔχον
1409 2922 1621 2983 οὐσίαν.
1658 2938 1791 2976 κατ-

197 3014 599 3085 εσκευασμένον
641 3013 701 3068 δὲ
733 3013 964 3087 ἀρρήτῳ
989 3012 1179 3085 τέχνῃ,
1222 3012 1360 3084 πρὸς
1387 3012 1450 3067 τὸ
1480 3012 1577 3067 καὶ
1619 3013 1790 3087 &open

199 3123 311 3175 τον,
351 3106 450 3161 καὶ
493 3103 853 3178 ὰψηλάφητον
907 3103 954 3171 ⁸,
1006 3104 1102 3159 ml.
1149 3103 1393 3176 παθητὸν
1434 3105 1784 3177 γεγενῆσθαι.

198 3197 308 3254 Καὶ
338 3196 525 3252 ὑλικὸν
554 3196 615 3252 δὲ
636 3197 743 3251 οὐδ’
774 3196 956 3252 ὁτιοῦν
983 3196 1263 3266 εἰληφέναι
1294 3194 1546 3266 λέγουσιν
1585 3195 1750 3251 αὐτόν
1769 3211 1785 3227 ·

199 3289 277 3361 μὴ
298 3288 409 3361 γὰρ
435 3282 578 3343 εἶναι
623 3288 728 3359 τὴν
773 3288 912 3359 ὕλην
952 3286 1202 3359 δεκτικὴν
1246 3289 1540 3359 σωτηρίας.
1587 3287 1699 3359 Τὴν
1728 3288 1786 3343 δὲ

202 3379 509 3433 συντέλειαν
561 3378 777 3433 ἔσεσθαι
798 3417 816 3444 ,
870 3379 1002 3435 ὅταν
1059 3377 1324 3450 μορφωθῇ
1376 3378 1472 3431 καὶ
1521 3377 1785 3450 τελειωθῇ

206 3467 407 3538 γνώσει
434 3469 543 3523 πᾶν
567 3467 629 3522 ‘rb
654 3468 1045 3541 πνευματικὸν,
1075 3468 1361 3525 τωτέστιν
1390 3471 1442 3525 oi
1489 3472 1806 3543 πνευματι·“

202 3560 293 3618 mi
331 3560 626 3633 ἄνθρωποι,
664 3562 717 3614 οἱ
756 3560 860 3632 τὴν
902 3560 1115 3617 τελείαν
1156 3560 1365 3631 γνῶσιν
1405 3561 1622 3633 ἔχοντες
1656 3562 1790 3635 περὶ

201 3651 335 3707 Θεοῦ
371 3652 468 3706 καὶ
494 3652 597 3723 τῆς
633 3650 912 3724 ’Δχαμώθ.
955 3652 1366 3726 Μεμυημένως
1403 3651 1469 3707 δὲ
1510 3654 1790 3725 μυστήρια

197 3739 337 3800 εἶναι
371 3742 594 3807 τούτως
628 3744 650 3775 ⁸
680 3742 1051 3799 ὑποτίθενται.
1087 3741 1521 3814 Ἐπαιδεύθησαν
1560 3744 1671 3815 γὰρ
1720 3746 1792 3799 τά

199 3833 406 3906 ψυχικά
454 3834 507 3885 οἱ
554 3832 777 3903 ψυχικοὶ
822 3832 1125 3903 ἄνθρωποι,
1154 3833 1207 3885 οἱ
1252 3832 1322 3885 δι’
1351 3832 1531 3903 ἔργων
1564 3834 1660 3887 καὶ
1700 3836 1795 3890 πί·

207 3942 372 3986 στεως
403 3924 566 3992 ψιλῆς
594 3920 995 3993 βεὸαιούμενοι,
1033 3917 1130 3972 καὶ
1177 3915 1255 3990 μὴ
1291 3917 1391 3991 τὴν
1420 3918 1633 3975 τελείαν
1652 3921 1793 3991 γνῶ-

206 4034 293 4069 σιν
326 4014 564 4085 ἔχοντες.
610 4007 764 4064 Εἶναι
806 4010 865 4063 δὲ
907 4008 1132 4073 τούτους
1164 4010 1279 4066 άπὸ
1324 4011 1425 4081 τῆς
1471 4011 1793 4085 Ἐκκλησίας

208 4107 359 4177 ἡμᾶς
385 4103 604 4173 λέγουσι
620 4119 634 4131 ·
660 4100 741 4155 διὸ
770 4101 866 4155 καὶ
891 4102 1026 4173 ἡμῖν
1058 4101 1159 4172 μὲν
1193 4100 1488 4173 ἀναγκαῖον
1517 4098 1657 4159 εἶναι
1692 4104 1792 4178 τὴν

212 4195 423 4268 ἀγαθὴν
463 4193 659 4266 πρᾶξιν
700 4193 1122 4263 ἀποφαίνονται·
1160 4194 1337 4261 ἄλλως
1374 4195 1484 4268 γάρ
1530 4181 1791 4253 άδύνατον

211 4288 484 4359 σωθῆναι·
531 4285 725 4351 αὐτοὺς
768 4286 826 4341 δὲ
860 4286 936 4359 μὴ
979 4286 1068 4341 διὰ
1104 4287 1379 4360 πράξεως,
1428 4287 1565 4343 ἀλλὰ
1608 4288 1698 4343 διὰ
1728 4288 1791 4343 τὸ

208 4380 367 4450 φύσει
391 4378 791 4450 πνευματικοὺς
819 4372 980 4444 εἴναι,
1013 4378 1190 4451 πάντη
1214 4396 1275 4433 τε
1306 4380 1404 4433 καὶ
1429 4379 1649 4445 πάντως
1687 4398 1792 4434 σω-

210 4471 470 4544 θήσεσθαι
500 4470 932 4542 δογματίζουσιν.
972 4470 1059 4534 Ὦς
1081 4470 1191 4542 γὰρ
1226 4472 1288 4525 τὸ
1319 4472 1500 4542 χοῖκὸν
1528 4473 1790 4527 ἀδύνατον

1884 2010 1977 2064 hic
2010 2025 2135 2065 cum
2169 2009 2391 2064 animali
2420 2009 2760 2080 copulatum,
2786 2025 2911 2066 cum
2942 2025 3119 2080 eoque
3160 2014 3216 2066 in
3256 2010 3474 2068 vivendi

1883 2100 2099 2156 ratione
2145 2099 2353 2170 pariter
2387 2100 2664 2155 eruditum
2710 2100 2839 2170 tingi
2896 2099 3229 2171 formarique
3277 2100 3470 2171 possit.

1884 2192 2065 2263 Atque
2098 2190 2245 2246 hunc
2278 2189 2501 2247 demum
2549 2192 2720 2247 salem
2769 2192 2944 2257 illum,
2973 2206 3040 2246 ac
3081 2190 3268 2245 muudi
3298 2190 3473 2247 lucem

1885 2296 2011 2337 esse
2054 2280 2311 2336 dictitant
2343 2297 2358 2335 ι
2400 2280 2483 2357 de⁹
2513 2279 2716 2350 quihus
2753 2279 3047 2351 Evangelia
3093 2280 3393 2351 ioquuntur
3427 2283 3472 2346 ¹.

1885 2372 2088 2430 etenim
2141 2371 2378 2431 annuale
2426 2380 2649 2428 externa
2697 2387 2958 2428 sensuum
3001 2374 3290 2444 disciplina
3334 2386 3474 2444 opu·

1884 2465 2097 2521 hahuit.
2146 2465 2320 2531 Quam
2364 2464 2436 2519 oh
2480 2479 2700 2521 causam
2747 2472 2804 2521 et
2830 2463 3095 2521 mundum
3148 2464 3474 2520 fabricatum

1884 2573 2010 2616 esse
2048 2556 2386 2613 contendunt
2425 2576 2439 2613 :
2475 2566 2642 2628 atque
2669 2557 2738 2613 ad
2768 2558 3003 2613 animale
3030 2559 3198 2618 istud.
3223 2556 3471 2630 quando·

1886 2647 2110 2719 quidem
2138 2650 2389 2704 libertate
2426 2648 2715 2719 praeditum
2745 2656 2854 2716 est,
2891 2664 3002 2719 quo
3046 2649 3096 2704 ei
3130 2649 3360 2705 salutem
3391 2647 3477 2702 as-

1886 2740 2076 2805 ten-et,
2107 2739 2444 2796 Salvatorem
2472 2756 2596 2797 esse
2633 2741 2937 2812 delapsum.
2968 2741 3103 2796 Nam
3136 2756 3324 2797 eorum
3353 2755 3478 2812 quat

1888 2847 2110 2889 servare
2154 2832 2507 2900 decreverat,.
2542 2834 2788 2888 ounnium
2828 2831 2883 2888 in
2932 2848 3055 2890 sese
3101 2833 3284 2890 serunt
3321 2833 3474 2888 illum

1887 2922 2149 2980 habuisse
2192 2922 2464 2993 primitias
2495 2941 2509 2977 ι
2542 2930 2673 2993 puta
2719 2924 2788 2978 ab
2835 2923 3140 2979 Achamoth
3177 2924 3474 2995 spiritum;

1888 3015 2181 3071 animalem
2207 3030 2239 3069 a
2269 3013 2563 3070 Conditore
2589 3014 2868 3071 Christum
2902 3033 2918 3071 :
2948 3030 3016 3071 ae
3046 3015 3344 3072 functionis
3364 3030 3479 3073 suae

1887 3106 2337 3163 administrandae
2367 3107 2542 3177 gratia
2589 3121 2790 3179 corpus
2848 3108 3072 3163 animali
3110 3116 3307 3164 natura
3344 3121 3479 3163 cou-

1888 3205 2047 3254 stans
2083 3197 2348 3265 induisse,
2392 3206 2447 3253 et
2482 3198 2699 3270 quidem
2744 3199 3050 3256 incredibili
3092 3200 3324 3270 quadam
3362 3205 3480 3255 arte

1888 3286 1969 3343 sic
1994 3286 2357 3352 elaboratum,
2393 3295 2454 3343 ut
2490 3287 2683 3355 videri,
2722 3289 3050 3345 contrectari
3091 3290 3313 3360 patique
3350 3303 3481 3359 poo-

1887 3385 1993 3433 set.
2043 3378 2227 3444 Quare
2262 3379 2396 3433 nihil
2440 3379 2616 3435 eidem
2661 3394 2786 3435 cum
2835 3379 3062 3435 materia
3114 3379 3283 3436 fuisse
3325 3394 3480 3435 com-

1885 3483 2100 3526 mune:
2136 3469 2336 3540 quippe
2391 3483 2517 3524 cum
2574 3469 2805 3524 materia
2857 3469 3259 3539 consequendae
3304 3468 3471 3526 saluti

1885 3576 2234 3632 nequaquam
2261 3562 2454 3617 idonea
2478 3562 2571 3618 sit.
2593 3559 2863 3618 Praeterea
2883 3569 3002 3618 tum
3033 3579 3215 3619 rerum
3235 3563 3477 3618 omnium

1887 3654 2051 3712 finem
2096 3664 2262 3725 atque
2310 3653 2514 3709 exitum
2568 3652 2703 3719 fore,
2755 3668 2881 3709 cum
2922 3653 3188 3723 quidquid
3235 3653 3480 3724 spiritale

1887 3756 1994 3807 est.
2025 3745 2081 3800 id
2106 3753 2191 3801 est
2217 3744 2493 3817 spiritales
2521 3743 2796 3808 homines,
2817 3744 2910 3814 qui
2944 3744 3245 3815 perfectam
3274 3743 3341 3801 de
3365 3743 3479 3800 Deo

1889 3833 2176 3894 scientiam
2203 3832 2426 3898 liabent,
2456 3838 2511 3888 et
2542 3832 2613 3888 ab
2635 3831 2944 3887 Achamoth
2971 3833 3247 3903 mysteriis
3277 3831 3479 3887 initiati

1890 3932 2040 3980 sunt.
2072 3921 2392 3993 CuJusmodi
2430 3936 2494 3976 se
2530 3936 2655 3978 esse
2698 3922 2849 3992 ipsos
2879 3929 3152 3980 asserunt.
3186 3922 3350 3994 188
3379 3920 3478 3976 Et·

1888 4014 2034 4071 enim
2068 4013 2333 4070 animales
2367 4011 2619 4069 homines
2654 4012 2878 4067 animali
2909 4013 3148 4084 quadam
3186 4012 3476 4084 disciplina

1892 4106 2172 4162 institutos
2193 4120 2340 4170 esse,
2368 4105 2462 4177 qui
2488 4104 2706 4180 quidem
2731 4106 2989 4176 operibus
3019 4119 3085 4159 ac
3108 4104 3345 4176 simplici
3371 4102 3477 4160 ilde

1890 4197 2276 4266 stabiliuntur,
2344 4213 2525 4270 neque
2583 4196 2883 4270 perfectam
2941 4197 3227 4254 scientiam
3294 4194 3475 4266 adepti

1890 4298 2041 4347 sunt.
2081 4288 2364 4361 Ejusmodi
2394 4305 2497 4347 nos
2523 4306 2664 4356 esse,
2694 4291 2785 4361 qui
2821 4290 2877 4345 in
2905 4289 3162 4345 Ecclesiae
3189 4304 3350 4360 grege
3372 4303 3479 4344 nu-

1892 4398 2199 4449 men-amun
2257 4382 2487 4453 ideoque
2543 4388 2690 4438 recte
2752 4379 2913 4438 sactis
2957 4395 3098 4452 opus
3150 4396 3274 4437 esse
3316 4380 3478 4438 nobis

1892 4476 2213 4547 praedicant,
2238 4489 2415 4543 neque
2434 4474 2594 4529 aliter
2617 4488 2778 4544 posse
2806 4488 2906 4529 nos
2937 4473 3165 4530 salutem
3194 4474 3476 4539 obtinere;

212 4561 484 4633 σωτηρίας
529 4563 817 4632 μετασχεῖν
838 4577 853 4592 ·
902 4560 964 4613 οὐ
1002 4560 1112 4633 γὰρ
1145 4556 1287 4616 εἶναι
1340 4561 1589 4631 λέγωσιν
1637 4563 1791 4618 αὐτοὶ
1817 4583 1869 4644 1)
1894 4583 1956 4624 se
1984 4580 2115 4621 vero
2142 4579 2249 4619 non
2275 4563 2440 4618 ullius
2472 4563 2706 4618 actionis
2751 4563 3036 4626 beneflcio,
3084 4562 3180 4619 sed
3210 4562 3357 4635 quod
3386 4578 3481 4618 na-

209 4651 452 4707 δεκτικὸν
475 4650 676 4723 αὐτῆς·
705 4650 878 4715 οὕτως
914 4650 1076 4705 πάλιν
1111 4651 1173 4704 τὸ
1201 4652 1577 4723 πνευματικὸν
1607 4652 1793 4708 θέλου-

214 4760 298 4797 σιν
336 4743 386 4796 οἱ
432 4742 585 4797 αὐτοὶ
616 4742 637 4773 ⁶
664 4735 803 4795 εἶναι
846 4740 1108 4796 ἀδύνατον
1141 4742 1347 4814 φθορὰν
1378 4742 1790 4810 καταδέξασθαι,

213 4832 316 4888 κᾶν
367 4833 584 4895 ὁποίαις
639 4833 1146 4903 συγκαταγένωνται
1200 4834 1484 4904 πράξεσιν.
1537 4837 1634 4891 Ὃν
1682 4836 1794 4908 γὰρ

212 4923 413 4996 τρόπον
439 4924 639 4996 χρυσὸς
671 4925 730 4977 ὲν
760 4923 1005 4997 βορδόρῳ
1030 4924 1350 4991 κατατεθεὶς
1372 4926 1474 4981 οὐκ
1497 4926 1794 4983 άποὸάλλει

223 5014 313 5087 τὴν
348 5013 611 5087 καλλονὴν
639 5013 828 5080 αὐτοῦ,
852 5015 991 5070 ἀλλὰ
1012 5016 1112 5087 τὴν
1137 5017 1276 5072 ίδίαν
1305 5018 1466 5088 φύσιν
1500 5021 1793 5091 διαφυλάτ-

214 5122 333 5172 τει,
383 5103 478 5159 τοῦ
530 5104 792 5178 βορὸὀρου
845 5105 1013 5178 μηδὲν
1053 5107 1310 5179 ἀδικῆσαι
1360 5109 1658 5183 δυναμένου
1702 5112 1795 5168 τὸν

216 5196 444 5270 χρυσόν·
475 5195 617 5252 οὕτω
653 5196 710 5251 δὲ
747 5191 841 5251 καὶ
875 5197 1072 5262 αὐτοὺς
1113 5198 1350 5269 λέγουσι,
1390 5201 1494 5256 κᾶν
1525 5203 1584 5258 ὲν
1616 5203 1796 5268 ποίαις

216 5288 430 5355 shut<
458 5289 689 5363 πράξεσι
716 5289 1143 5358 καταγένωνται,
1174 5292 1339 5363 μηδὲν
1382 5295 1581 5359 αὐτοὺς
1617 5312 1797 5367 παρα-

217 5380 576 5448 6λάπτεσθαι,
605 5383 740 5455 μηδὲ
765 5380 1088 5437 &meatum
1121 5384 1220 5455 τὴν
1260 5385 1633 5456 πνευματικὴν
1657 5386 1797 5441 ὑπό-

220 5487 434 5530 mffw·

1895 4664 2019 4711 tura
2053 4653 2328 4724 spiritales
2360 4653 2494 4717 sint,
2539 4652 2762 4707 omnino
2808 4650 3005 4707 salutis
3050 4661 3329 4719 compotes
3362 4651 3480 4707 sore

1895 4744 2198 4802 confidunt.
2249 4740 2385 4797 Nam
2433 4740 2548 4806 uti,
2607 4740 2755 4812 quod
2796 4747 3073 4795 terrenum
3115 4746 3222 4803 est,
3270 4740 3478 4794 servari

1894 4835 2047 4891 nullo
2093 4832 2257 4889 modo
2298 4839 2498 4904 potest,
2532 4846 2710 4902 neque
2763 4838 2957 4893 natura
2999 4832 3065 4887 ad
3113 4831 3168 4887 id
3222 4830 3479 4888 idoneum

1894 4935 2013 4993 est;
2044 4928 2126 4984 sic
2152 4932 2344 4982 contra
2368 4924 2518 4997 quod
2545 4932 2629 4980 est
2648 4925 2913 4996 spiritale.
2937 4923 3246 4996 cujusmodi
3273 4938 3334 4979 se
3356 4937 3481 4979 esse

1893 5019 2104 5084 volunt,
2129 5026 2403 5089 utcunque
2433 5032 2555 5073 sese
2567 5018 2816 5087 gesserit,
2841 5018 3117 5087 corrumpi
3136 5028 3480 5088 nequaquam

1893 5125 2080 5181 posse.
2128 5109 2201 5163 At
2247 5108 2703 5180 quemadmodum
2743 5124 2937 5164 aurum
2977 5108 3033 5162 in
3082 5122 3299 5164 coenum
3330 5106 3483 5177 abie-

1895 5209 2044 5258 ctum
2091 5205 2547 5274 pulchritudinem
2585 5221 2697 5261 non
2744 5206 2965 5267 amittit,
3005 5205 3101 5260 sed
3139 5206 3277 5259 citra
3315 5204 3480 5259 ullam

1898 5295 2122 5352 decoris·
2164 5296 2421 5386 injuriam
2471 5305 2724 5354 naturam
2774 5298 3013 5364 retinet;
3042 5297 3117 5351 ita
3159 5298 3482 5369 semetipso·

1901 5394 2180 5452 asserunt,
2209 5388 2422 5445 tametsi
2454 5388 2742 5459 quibusvis
2780 5388 2835 5442 in
2877 5386 3208 5452 actionibus,
3238 5387 3483 5457 adeoque

1901 5479 2175 5536 concretis
2199 5496 2324 5536 cum
2354 5482 2601 5547 materia,
2627 5490 2935 5549 versentur,
2959 5482 3168 5538 nullum
3196 5496 3265 5538 ex
3299 5496 3367 5537 eo
3391 5480 3488 5535 de·

221 5569 537 5625 trimentum
588 5582 813 5639 capere,
869 5581 1048 5637 neque
1087 5567 1389 5639 spiritalem
1441 5569 1803 5629 substantiam
1844 5588 2010 5645 posse
2036 5576 2284 5648 perdere.

286 5726 304 5759 ¹
343 5723 484 5782 tren.
509 5723 606 5779 καὶ
629 5724 817 5781 τοῦτον
859 5720 998 5778 εἶναι
1045 5725 1138 5781 τὸν
1180 5728 1238 5783 ἐν
1262 5728 1445 5794 αὐτοῖς
1468 5728 1775 5801 ἄνθρωπον.
1853 5733 1874 5763 ⁸
1895 5730 2038 5789 lren.
2066 5733 2438 5800 ἐπιδέξασθαι.
2516 5734 2694 5792 ’irem
2721 5737 2800 5809 τῷ
2819 5736 3115 5810 ψυχικῷ,οι
3171 5749 3316 5789 mox.
3378 5730 3482 5793 διό.

222 5783 415 5852 ⁸1ren.
464 5796 678 5868 ὁρατὸν,

212 5868 395 5951 ¹>otene
434 5868 606 5924 αὐτοί.
702 5866 722 5897 ⁷
754 5865 945 5922 Matth.
978 5880 1030 5927 v.
1065 5866 1156 5924 13.

737 5795 1074 5866 ψηλαφητόν.
1149 5799 1171 5830 ⁸
1202 5799 1341 5858 tren.
1406 5801 1513 5856 ὑπὸ
1554 5801 1655 5873 τῆς
1731 5803 1930 5875 Ἀχαμ.
1979 5820 2185 5878 μεμυη.
2222 5807 2290 5860 τὰ
2332 5824 2463 5878 μυσ.
2519 5808 2751 5871 ἑαυτοὺς
2783 5809 3015 5865 δὲ-τούτ.
3095 5809 3116 5840 ⁸
3148 5806 3290 5860 lreu.
3336 5802 3366 5858 ὃ
3393 5800 3482 5859 θέ-
