3850 6517
363 511 460 569 86¹
1066 506 1438 566 ADVERSUS
1477 507 1822 566 nAEttEsEs
1855 508 1988 567 Lm.
2026 509 2093 569 n.
2133 509 2297 568 Tou.
2338 509 2379 566 Ι.
2419 508 2695 565 nAEREs.
2735 506 2962 564 xtvnt.
3505 507 3611 565 802

362 639 382 656 s
413 612 507 678 ’Δ’.
538 624 715 687 Εὐθὺς
744 622 855 694 γάρ
893 625 923 677 6
965 623 1242 688 Μοντανός
1279 642 1473 695 φησιν·
1525 626 1676 684 Ἰδοὺ
1713 626 1934 695 ἅνθρω·
1961 632 2009 688 Α
2104 625 2194 683 lv.
2226 626 2318 683 Sic
2341 627 2488 683 enim
2511 625 2822 690 Romanus,
2839 622 3069 694 exempli
3099 623 3294 694 gratia,
3323 615 3607 693 loquitur:

365 732 479 782 ,τος
501 714 645 769 ὡσεὶ
673 714 828 783 λύρα
845 729 860 742 ·
892 713 1053 784 κάγὼ
1078 714 1321 784 laragia(
1343 716 1483 770 ὡσεὶ
1507 716 1830 785 πλῆκτρον.
1872 717 1936 771 ’0
2035 709 2171 766 Ecce
2191 713 2347 767 homo
2375 722 2624 781 tanquam
2648 714 2787 782 lyra,
2819 728 2913 781 eqo
2929 728 3047 766 nero
3067 728 3159 765 ceu
3188 712 3441 780 plectrum
3473 715 3606 771 tolo.

364 807 677 874 ἅνθρωπος
691 802 960 874 κοιμᾶται
984 820 998 834 ·
1034 804 1194 873 κάγὼ
1219 805 1502 875 γρηγφῶ.
1538 807 1692 862 Ἰδοὺ
1718 808 1938 876 Κύριός
2039 801 2210 855 Homo
2231 801 2471 865 dor-mim
2517 817 2609 871 eqo
2634 818 2752 855 tero
2809 803 2983 871 viqilo.
3034 798 3166 855 Ecce
3210 801 3466 856 Dominus
3511 814 3609 866 ese,

364 897 537 949 ἐστιν·
557 898 592 949 ὀ
615 893 925 948 ἑκστάνων
960 895 975 925 ¹
999 894 1247 962 καρδίας
1259 895 1601 965 ἀνθράκτων,
1622 898 1718 953 καί
1732 896 1939 964 διδοὺς
2034 896 2125 965 qui
2149 893 2311 948 corda
2344 893 2610 948 Ιιοιιιὶιιιιηι
2635 894 2689 948 in
2736 903 3002 964 stuporem
3039 894 3214 956 vertit,
3243 902 3295 948 et
3326 893 3489 947 corda
3517 894 3611 948 dot

320 1037 326 1044 ,
366 986 613 1055 καρδίας
638 984 987 1055 ἀνθρώποις.
1012 985 1110 1049 Τίς
1140 985 1318 1039 τοίνυν
1340 986 1450 1039 τῶν
1474 988 1939 1060 παρακολουθοῦν·
2035 985 2354 1039 hominibus.
2386 983 2522 1051 Quis
2547 992 2633 1039 est
2661 984 2848 1056 igitur,
2890 985 2982 1055 qui
3010 985 3058 1041 si
3092 984 3442 1040 utilissimam
3489 984 3610 1040 lidei

365 1095 494 1140 των,
518 1076 612 1131 καὶ
643 1074 781 1145 μετὰ
812 1074 1080 1138 συνέσεως
1098 1075 1402 1146 δεχομένων
1425 1078 1517 1130 τὸν
1534 1078 1631 1148 τῆς
1668 1078 1939 1147 ὠφελείας

364 1166 541 1232 λόγον,
570 1163 666 1218 καὶ
686 1164 785 1235 τῆς
814 1164 1021 1216 ἑαυτῶν
1043 1163 1191 1234 ζωῆς
1217 1165 1643 1237 ἐπιμελομένων,
1675 1168 1737 1221 οὐ
1775 1185 1940 1222 κατα-

365 1256 630 1325 γνώσεται
654 1254 754 1325 τῆς
777 1254 1033 1326 τοιαύτης
1053 1256 1582 1329 παραπεποιημένης
1611 1257 1938 1323 ύποθέσεως,

277 1371 284 1376 -
365 1341 572 1397 καὶτοῦ
595 1342 752 1412 λόγου
773 1342 870 1396 τοῦ
904 1341 1199 1414 αὐχοῦντος
1221 1343 1413 1398 ἑαυτὸν
1432 1345 1490 1398 ἑν
1519 1346 1826 1418 προφήταις
1848 1364 1942 1400 κα·

293 1473 302 1482 .
365 1432 702 1504 ταλέγεσθαι,
753 1434 828 1503 μὴ
859 1432 1158 1505 δυναμένου
1195 1433 1265 1487 τά
1294 1435 1454 1504 ὅμοια
1497 1435 1679 1504 λέγειν
1729 1437 1942 1506 προφή·

241 1595 254 1608 .
366 1540 527 1591 ταις;
561 1522 699 1577 Οὔτε
725 1524 834 1595 γὰρ
864 1523 1088 1595 Πνεῦμα
1113 1524 1265 1592 ἀγιον
1295 1526 1556 1597 ἐλάλησεν
1582 1529 1640 1580 ἐν
1665 1528 1833 1598 αὐτῷ.
1867 1528 1943 1581 Τὸ

365 1612 476 1683 γάρ
518 1614 693 1666 εἰπεῖν
716 1628 733 1644 ·
780 1614 1155 1683 ’Epi-‘trauan
1200 1614 1296 1668 καὶ
1335 1616 1630 1684 πλήσσω,
1669 1618 1766 1673 καὶ
1798 1636 1939 1689 γρη-

366 1701 545 1771 γορῶ,
592 1703 686 1755 καὶ
711 1702 918 1770 ὲξιστᾷ
952 1706 1166 1773 Κύριος
1206 1706 1471 1774 καρδίας,
1499 1709 1819 1763 ἐκστατικοῦ
1853 1710 1945 1781 ρη-

369 1808 517 1860 ματα
565 1792 797 1862 ὑπάρχει
841 1792 1034 1854 ταῦτα,
1076 1794 1170 1845 καὶ
1214 1795 1334 1865 οὐχὶ
1380 1796 1940 1866 παρακολουθοῦντος,

366 1882 505 1937 ἀλλὰ
533 1883 691 1937 ἀλλον
714 1884 1037 1955 χαρακτῆρα
1070 1884 1509 1950 ύποδεικνύοντος
1552 1889 1702 1960 παρὰ
1730 1889 1821 1943 τὸν
1847 1908 1944 1961 χα·

2037 1079 2347 1134 doctrinam
2405 1079 2688 1150 percipiat,
2729 1078 3199 1149 intelligentiaque
3250 1077 3416 1149 hoe
3456 1092 3614 1132 com·

2041 1166 2369 1238 prehendat,
2400 1181 2467 1221 ac
2512 1166 2637 1222 vitae
2668 1180 2780 1221 suaa
2829 1165 3145 1219 nonnullam
3176 1177 3365 1217 curam
3395 1163 3612 1228 habeat,

2039 1273 2151 1313 non
2181 1266 2563 1328 argumentum
2599 1255 2915 1312 istiusmodi
2942 1255 3013 1309 ab
3033 1254 3213 1310 otioso
3235 1252 3457 1309 homine
3484 1267 3616 1307 ‘con-

2042 1349 2249 1414 fictum‚
2289 1358 2345 1404 et
2377 1349 2708 1420 arrogantiae
2739 1347 2952 1425 plenam
2995 1346 3115 1415 ejus
3146 1346 3450 1400 orationem
3483 1358 3617 1398 con-

2038 1440 2278 1505 demnet,
2295 1439 2461 1510 quise
2480 1440 2866 1510 prophetarum
2883 1452 3109 1492 numero
3127 1435 3426 1489 insolenter
3443 1434 3619 1488 ascri·

2040 1530 2152 1594 bat,
2179 1544 2304 1584 cum
2329 1530 2547 1585 interim
2577 1528 2773 1584 eadent
2801 1528 3003 1606 dicere,
3035 1541 3157 1597 quae
3181 1525 3309 1579 olim
3341 1524 3617 1594 prophetae

2041 1621 2362 1689 nequeant?
2409 1618 2529 1675 Non
2581 1619 2728 1676 enim
2767 1619 3009 1689 Spiritus
3047 1623 3273 1671 sanctus
3320 1615 3375 1669 in
3407 1615 3500 1669 illo
3534 1615 3609 1669 lo·

2041 1718 2202 1765 cutus
2229 1715 2335 1764 est.
2365 1709 2542 1780 Atque
2605 1708 2721 1763 haec
2756 1709 2873 1777 ipsa
2905 1706 3108 1761 verba:
3160 1703 3307 1767 Volo,
3341 1710 3397 1757 ct
3432 1718 3616 1771 percu·

2044 1801 2138 1863 ιίο,
2168 1807 2224 1854 et
2246 1799 2428 1871 vigilo,
2478 1809 2533 1855 et
2565 1798 2822 1854 Dominus
2866 1796 3025 1851 corda
3054 1797 3109 1849 in
3145 1806 3410 1863 stuperem
3438 1795 3612 1858 vertit,

2044 1887 2239 1943 furiosi
2277 1888 2516 1943 bominis
2545 1888 2714 1943 verba
2749 1893 2899 1951 sunt,
2931 1886 3261 1953 minimeque
3285 1898 3406 1953 quae
3438 1883 3618 1953 loqui-

368 1973 615 2044 ρακτῆρα
638 1973 733 2027 τοῦ
751 1973 908 2038 ἀγίου
938 1972 1273 2043 Πνεῦμα-τος,
1304 1976 1399 2029 τοῦ
1427 1978 1485 2030 ἐν
1513 1980 1820 2050 προφήταις
1845 1980 1937 2034 λε·
1975 1965 2016 2019 Β
2046 1987 2135 2032 tur
2160 1978 2504 2049 assequentis
2529 1995 2545 2031 ι
2571 1978 2626 2031 in
2658 1991 2768 2046 quo
2795 1978 2902 2030 alia
2925 1990 3150 2046 prorsus
3180 1985 3307 2029 nota
3340 1974 3619 2043 figuraque

317 2141 338 2152 ἱ
365 2062 676 2134 λαληκότος.

438 2329 502 2380 Εἰ
529 2328 585 2381 δὲ
622 2328 903 2399 θελήσουσι
944 2329 1315 2399 παραπλέκειν
1349 2334 1413 2401 τῇ
1457 2331 1684 2405 ἀληθείᾳ
1724 2335 1785 2388 τὸ
1813 2336 1942 2405 ψεῦ-

368 2415 482 2479 δος,
509 2419 604 2471 καὶ
635 2418 845 2484 ἀγνοεῖν
878 2419 971 2471 τὸν
1000 2419 1125 2473 νοῦν
1168 2420 1256 2472 τὸν
1284 2420 1386 2490 τῆς
1415 2423 1701 2494 ἀκριδείας
1745 2428 1939 2498 ἐπιμε-

369 2505 614 2575 λόμενον,
659 2507 873 2570 ἑαυτοῖς
910 2506 970 2559 δὲ
1010 2509 1364 2578 ἐπισωρεύειν
1393 2510 1600 2580 λόγους,
1636 2514 1703 2567 δι’
1733 2509 1808 2568 ὧν
1834 2534 1940 2570 πα·

369 2597 816 2670 ραποιητεύονται
842 2598 942 2669 τὴν
968 2598 1178 2661 ἑαυτῶν
1200 2600 1427 2669 πλάνην,
1453 2604 1645 2674 ὁμοίαν
1671 2609 1791 2660 τινὰ
1814 2610 1943 2663 ἀπο-

365 2689 582 2743 τελέσαι
630 2690 1071 2760 παραστησουσιν
1114 2690 1222 2744 ἀπὸ
1266 2692 1362 2744 τοῦ
1385 2692 1485 2763 τὴν
1518 2694 1677 2762 ἀγίαν
1719 2696 1942 2769 Γραφὴν

366 2780 679 2851 εἰρηκέναι·
730 2779 1049 2834 Ἐπέόαλεν
1083 2784 1117 2834 ό
1151 2780 1297 2847 Θεὸς
1341 2782 1638 2838 ἔκστασιν
1680 2786 1780 2840 ἐπὶ
1833 2788 1943 2842 τὸν

382 2868 577 2937 Ἀδὰμ,
618 2868 716 2921 καί
750 2868 1024 2923 ὕπνωσε·
1056 2870 1149 2923 καὶ
1188 2868 1372 2923 οὐκέτι
1401 2870 1587 2940 ὅμοιον
1616 2870 1772 2926 τοῦτο
1800 2874 1942 2927 ἑκεί-

367 2976 481 3014 νου.
512 2960 588 3012 ού
627 2958 735 3031 γὰρ
775 2960 870 3014 καὶ
912 2958 1147 3014 ἐνταῦθα
1188 2960 1349 3030 σῶμα
1381 2959 1574 3030 ἔμελλε
1620 2960 1880 3018 πλάσσειν
1910 2965 1941 3017 ὁ

363 3047 519 3115 θεὸς,
542 3048 636 3119 ἀφ’
664 3041 730 3104 οὗ
750 3049 833 3113 εἰς
873 3047 1131 3103 ἑκοτασιν
1158 3048 1374 3118 ἔφερεν,
1406 3049 1496 3104 ἴνα
1523 3050 1593 3104 τά
1636 3052 1797 3123 ὅμοια
1852 3055 1944 3107 ἑπ·

364 3138 564 3210 nvem,
618 3137 686 3192 δι’
732 3135 1036 3210 ύπερὸολὴν
1068 3141 1169 3210 τῆς
1214 3139 1653 3209 φιλανθρωπίας·
1704 3141 1784 3211 τῷ
1832 3144 1944 3216 γὰρ

377 3227 550 3297 ’Δδὰμ
584 3227 855 3297 ἐπήνεγκε
878 3226 979 3299 τὴν
1005 3226 1260 3281 ἔκστασιν
1285 3226 1381 3282 τοῦ
1413 3227 1601 3293 ῦπνου,
1629 3230 1730 3283 οὐκ
1755 3229 1945 3287 ἐκστα-

2045 2070 2313 2134 cernitur,
2368 2085 2532 2140 quam
2591 2085 2711 2139 quae
2757 2069 2994 2137 Spiritus
3027 2068 3224 2129 sancti,
3247 2068 3340 2138 qui
3372 2083 3465 2136 per
3490 2081 3618 2136 pro-

2045 2161 2241 2231 phetas
2266 2160 2395 2215 olim
2447 2162 2665 2215 locutus
2691 2166 2776 2215 est
2809 2172 3070 2229 germana
3118 2157 3367 2213 videatur
3400 2174 3462 2211 ae
3492 2171 3619 2227 pro-

2044 2266 2183 2322 pria.

2116 2338 2274 2403 Quod
2302 2339 2350 2395 si
2370 2339 2585 2396 veritati
2641 2338 2983 2394 mendacium
3011 2336 3317 2391 admiscere
3338 2334 3612 2389 voluerint

2045 2438 2100 2483 et
2115 2436 2432 2484 accuratum
2464 2443 2745 2484 sacrarum
2771 2426 3100 2483 Litterarum
3125 2425 3475 2480 dissimulare
3495 2439 3623 2479 sen-

2045 2532 2191 2583 sum,
2213 2529 2286 2571 ac
2316 2517 2437 2570 loca
2469 2502 2718 2587 q'uaedam
2750 2514 3124 2579 accumulare,
3153 2512 3354 2583 quibus
3376 2528 3617 2569 errorem

2047 2622 2209 2664 suum
2247 2606 2576 2678 procudant,
2628 2617 2684 2663 et
2713 2606 2918 2661 divinis
2946 2604 3184 2661 oracuiis
3213 2618 3374 2675 quam
3407 2604 3625 2659 similli-

2047 2713 2196 2753 mum
2233 2696 2482 2761 reddant,
2516 2706 2646 2768 puta
2704 2696 2850 2768 quod
2888 2696 3172 2767 Scriptura
3202 2695 3399 2751 dixerit
3422 2687 3442 2748 ι’
3465 2694 3621 2749 Misit

2046 2787 2188 2844 Deus
2242 2789 2519 2854 ἔκστασιν,
2553 2790 2657 2844 hoc
2682 2800 2766 2845 est
2812 2805 3072 2858 soporem,
3106 2790 3162 2842 in
3188 2788 3382 2851 Adam,
3415 2797 3465 2842 et
3490 2786 3623 2843 dor-

2048 2880 2163 2934 miie
2183 2880 2230 2944 ⁸,
2254 2880 2432 2936 sciant
2454 2880 2614 2952 longe
2643 2880 2806 2935 aliam
2830 2880 2920 2934 liic
2945 2894 3089 2942 esse,
3121 2893 3287 2951 quam
3319 2879 3372 2932 iu
3403 2877 3621 2932 illorum

2047 2972 2268 3042 negotio
2300 2973 2588 3027 rationem.
2618 2968 2737 3026 Non
2759 2971 2904 3026 enim
2942 2970 3089 3043 quod
3122 2970 3188 3026 ad
3225 2969 3363 3024 istos
3402 2967 3619 3030 attinet,

2049 3075 2249 3115 novum
2271 3060 2545 3133 quoddam
2579 3075 2780 3130 corpus
2809 3074 2840 3114 a
2867 3059 2974 3114 De.»
3008 3058 3426 3130 designabatur;
3459 3056 3621 3136 cujus

2047 3150 2248 3221 gratia,
2271 3150 2417 3222 quod
2438 3151 2569 3205 olim
2604 3147 2814 3205 Adamo
2865 3148 3091 3209 iecerat.
3120 3164 3219 3221 pro
3247 3162 3347 3204 sua
3382 3145 3625 3217 benigni-

2049 3250 2159 3298 tate
2209 3248 2488 3313 stuporem
2542 3240 2879 3296 immitteret.
2925 3238 3063 3294 Nam
3103 3236 3294 3294 Adami
3340 3245 3619 3306 stuporem

369 3334 454 3372 σιν
484 3319 716 3389 φρενῶν.
745 3315 1043 3381 ''Bam-‘³⁶25
1068 3318 1126 3371 δὲ
1156 3317 1300 3372 κατὰ
1322 3318 1587 3390 δῑῑφορᾶς
1612 3321 1812 3387 πολλὰς
1829 3324 1944 3396 ἔχει
1970 3304 2015 3361 c
2047 3333 2158 3399 ille,
2193 3334 2373 3390 somni
2416 3332 2636 3404 quidam
2679 3340 2869 3403 torpor
2894 3332 3138 3394 exstitit,
3171 3343 3282 3386 non
3308 3328 3509 3383 mentis
3539 3326 3626 3382 in-

365 3407 459 3460 τὸν
498 3408 717 3477 τρόπον.
753 3407 1054 3470 Ἐκστασις
1088 3405 1158 3459 δι’
1189 3405 1497 3478 ὑπερὸολὴν
1539 3406 1817 3479 θαύματος
1856 3409 1947 3463 λέ·-

367 3513 546 3565 γιται.
579 3496 877 3562 Ἔκστασις
903 3495 1120 3568 λέγεται
1164 3498 1199 3568 ὴ
1230 3498 1421 3567 μανία,
1457 3498 1548 3552 διὰ
1586 3499 1648 3553 τὸ
1684 3501 1943 3572 ἐκστῆναι

364 3587 462 3643 τοῦ
502 3587 880 3661 προκειμένου.
927 3589 1141 3660 Ἐκείνη
1180 3590 1238 3642 δὲ
1272 3592 1308 3660 ἡ
1333 3587 1428 3642 τοῦ
1477 3589 1645 3642 ὕπνου
1684 3589 1942 3656 ἔκστασις

363 3676 506 3736 κατὰ
529 3680 686 3735 mov
710 3681 915 3751 τρόπον
948 3680 1173 3750 ἐρρέθη.
1204 3680 1345 3731 κατὰ
1378 3682 1479 3749 τὴν
1508 3681 1744 3751 φυσικὴν
1787 3683 1940 3754 ἑνέρ-

364 3788 545 3842 γειαν·
586 3772 819 3839 μάλιστα
849 3770 905 3819 δὲ
928 3768 1005 3834 τῷ
1040 3766 1355 3834 βαθυτάτως
1397 3767 1566 3837 αὐτὴν
1589 3770 1943 3842 ἐπενηνέχθαι

363 3863 447 3932 τῷ
474 3861 615 3929 ἀγίῳ
652 3859 845 3927 Ἀδὰμ,
871 3859 964 3908 καὶ
992 3858 1051 3908 ὲν
1075 3859 1220 3928 χειρὶ
1245 3858 1383 3913 Θεοῦ
1412 3858 1798 3933 πεπλασμένῳ.

2045 3425 2224 3480 sauia.
2256 3421 2524 3495 ‚Stuporis
2579 3437 2742 3495 porro
2795 3421 3120 3477 vocabulum
3166 3418 3416 3490 pluribus
3446 3416 3622 3474 modis

2045 3515 2303 3586 usurpari
2367 3514 2526 3571 solet.
2581 3513 2738 3569 Alius
2783 3511 2929 3568 enim
2960 3518 3066 3575 est,
3105 3524 3267 3581 quem
3300 3508 3623 3563 'vehemens

2040 3604 2291 3676 quadam
2331 3606 2473 3677 parit
2499 3604 2811 3661 admiratio.
2879 3603 3024 3661 Alias
3055 3618 3154 3672 pro
3179 3602 3361 3655 surore
3385 3609 3440 3655 et
3466 3600 3619 3655 insa-

2041 3693 2133 3747 nia
2169 3695 2424 3757 sumitur,
2460 3708 2526 3748 ex
2543 3707 2610 3748 eo
2647 3691 2793 3763 quod
2821 3691 3040 3747 animus
3061 3705 3090 3743 a
3117 3687 3398 3759 proposito
3427 3685 3623 3757 ἐκστῆ-

2048 3799 2160 3851 ναι,
2186 3782 2291 3838 boc
2317 3790 2404 3839 est
2430 3783 2698 3849 aberrare,
2744 3781 2964 3837 dicitur.
2996 3781 3067 3835 At
3107 3780 3185 3834 illi
3209 3794 3404 3835 somno
3430 3786 3622 3846 stupor

2051 3870 2181 3938 alio,
2229 3871 2490 3926 nimirum
2543 3870 2609 3926 ad
2636 3870 2916 3926 naturales
2945 3868 3255 3924 functiones
3298 3863 3621 3922 referendus

366 3961 475 4014 est,
530 3949 829 4019 Praesertim
873 3962 997 4001 cum
1058 3948 1268 4004 Adamo
1310 3951 1430 4008 viro
1489 3962 1703 4018 sancto,
1770 3972 1835 4012 ac
1878 3958 1975 4016 Dei
2035 3965 2297 4021 manibus
2355 3964 2627 4037 perpolito
2685 3964 2990 4019 altissimus
3043 3962 3115 4018 sit
3177 3961 3266 4016 ille
3304 3968 3498 4030 stupor
3530 3958 3618 4016 iu-

367 4046 566 4114 jectus.

441 4145 517 4197 E'.
549 4144 659 4198 Kal.
689 4142 798 4211 γὰρ
826 4139 1038 4211 ἀληθῶς
1071 4139 1218 4191 ἑστιν
1243 4138 1391 4206 ἰδεῖν,
1415 4140 1491 4205 ὡς
1514 4141 1735 4207 δικαίως
1756 4143 1946 4199 ἔκστα·

374 4252 457 4289 σιν
485 4233 690 4304 ταύτην
731 4234 764 4303 ἡ
801 4232 923 4285 θεία
971 4228 1160 4300 Γραφὴ
1210 4228 1470 4302 βὲῦληκεν
1496 4234 1537 4286 ⁸.
1587 4234 1676 4287 Ἓν
1710 4235 1789 4306 τῷ
1833 4237 1943 4308 γὰρ

372 4323 571 4379 ὑπνοῦν
591 4323 681 4376 τὸν
701 4321 985 4393 ἄνθρωπον
1007 4319 1357 4390 μεθίστανται
1382 4324 1554 4377 πᾶσαι
1576 4326 1635 4378 αἱ
1661 4327 1943 4397 αἰσθήσεις

369 4419 450 4480 εἰς
475 4416 779 4469 ἀνάπαυσιν
798 4414 1113 4484 τραπεῖσαι.
1157 4410 1247 4475 Ὦς
1302 4406 1414 4466 οἷον
1450 4416 1645 4480 εἰπεῖν,
1693 4416 1944 4487 παροῦσα

372 4508 406 4577 ἡ
436 4505 715 4577 διορατικὴ
752 4505 852 4574 οὐχ
900 4503 1030 4574 ὁρᾷ·
1063 4503 1480 4559 ἁποκέκλεισται
1517 4505 1625 4577 γάρ
1660 4506 1721 4558 τὸ
1757 4506 1940 4577 ὄμμα·

371 4597 632 4669 ἡσυχάζει
655 4596 715 4647 τὸ
744 4593 927 4647 κινοῦν
965 4595 1024 4645 ἑν
1054 4593 1133 4664 τῷ
1160 4594 1435 4665 ἀνθρώπῳ
1462 4595 1826 4665 πνεῦμα,,εῐτ“
1850 4593 1947 4651 οῦν

372 4691 516 4761 ψυχὴ
536 4681 870 4758 ῧδυσοδμίας
892 4684 1058 4755 οὔσης
1083 4687 1139 4737 ἑν
1162 4687 1316 4755 οἴκῳ,
1345 4686 1439 4740 καὶ
1461 4686 1738 4757 εύοδμίας,
1770 4690 1949 4743 καίτοι

373 4799 438 4851 γε
467 4779 749 4854 παρούσης
778 4780 878 4847 τῆς
920 4776 1286 4846 ὀσφραντικῆς
1312 4774 1635 4844 αξσθησεως,
1667 4779 1768 4831 οὐκ
1799 4780 1949 4833 ἀντι-

372 4871 708 4943 λαμύάνεται
726 4887 739 4900 ·
779 4868 971 4937 ἐξέστη
990 4866 1098 4938 γάρ
1128 4867 1163 4937 ὴ
1193 4867 1415 4938 τοιαύτη
1449 4867 1699 4938 αἴσθησις
1726 4872 1806 4934 εἰς
1824 4871 1950 4925 ἀνά-

378 4978 576 5017 παυσιν
610 4962 901 5032 τραπεῖσα.
938 4956 1159 5023 Πικρῶν
1188 4956 1357 5010 ὄντων
1384 4955 1574 5026 χυμῶν
1607 4961 1666 5012 ἐν
1709 4958 1786 5029 τῷ
1827 4960 1946 5012 στό-

379 5072 531 5126 ματι,
582 5053 616 5124 ἢ
668 5048 945 5121 ἁλμυρῶν.
1006 5047 1040 5118 ἢ
1093 5047 1361 5116 γλυκέων.
1404 5046 1464 5100 τὸ
1513 5049 1799 5116 γευστικὸν
1847 5050 1948 5104 ούκ

376 5146 689 5201 αἰσθάνεται
715 5160 728 5172 ·
766 5140 1063 5211 ἐπειδήπερ
1091 5142 1149 5193 ἐν
1179 5138 1431 5192 ἐκστάσει
1458 5139 1556 5209 τῆς
1589 5139 1948 5204 ἀναπαύσεως

377 5242 551 5293 κεῖται
572 5236 648 5307 μὴ
677 5232 954 5306 ἐνεργοῦν,
987 5232 1121 5301 ὅπερ
1149 5232 1207 5281 ὲν
1225 5229 1302 5300 τῷ
1327 5229 1474 5300 ῦπαρ
1502 5232 1744 5301 ἐνήργει.
1785 5232 1946 5303 Ἀκοὴ

378 5330 672 5402 πάρεστιν·
703 5327 815 5382 ἀλλ’
849 5327 1011 5396 ἀργεῖ
1032 5323 1095 5377 τὸ
1127 5322 1447 5377 ἀκουστικὸν
1474 5320 1616 5376 κατὰ
1640 5322 1738 5393 τὴν
1759 5321 1949 5392 αἴσθη-

380 5436 495 5474 σιν·
522 5422 617 5474 καὶ
651 5419 905 5481 πολλάκις
939 5416 1048 5469 τῶν
1083 5412 1386 5467 λαλούντων
1419 5414 1477 5465 ἐν
1519 5414 1672 5482 οἴκῳ,
1702 5412 1750 5463 el
1792 5414 1867 5482 μή
1893 5427 1947 5466 τι

378 5509 662 5580 διυπνισθῇ
692 5511 721 5563 ὀ
747 5508 1049 5579 ἄνθρωπος,
1079 5505 1177 5575 οὐχ
1200 5500 1459 5556 ὑπακούει
1486 5500 1593 5554 τῶν
1619 5501 1769 5571 παρά
1788 5518 1949 5555 τινων

384 5601 679 5673 ῥηθέντων,
700 5597 788 5652 διὰ
824 5597 887 5651 τὸ
917 5595 1214 5665 ἀποστῆναι
1244 5592 1340 5663 τὴν
1367 5592 1641 5663 ἐνέργειαν
1681 5591 1817 5663 πρὸς
1850 5591 1950 5663 τὴν

380 5694 549 5765 ὤραν.
582 5688 758 5745 Τινῶν
801 5688 1085 5743 κνωδάλων
1105 5684 1467 5757 διερχομένων
1505 5682 1593 5735 διὰ
1628 5682 1720 5735 τοῦ
1747 5683 1948 5753 ἡμετέ-

456 5857 470 5888 ¹
497 5852 627 5925 Reg.
657 5851 883 5916 ἐτάζων.
960 5853 981 5882 ¹
1012 5847 1167 5903 Corr.
1208 5846 1495 5917 κέκληκεν.
1574 5844 1592 5875 ⁸
1622 5844 1758 5901 Gen.
1784 5862 1842 5909 tt,
1873 5846 1962 5901 21.

2124 4140 2193 4198 V.
2249 4142 2480 4198 Constat
2508 4142 2655 4198 enim
2688 4156 2854 4214 quam
2890 4140 3088 4196 merito
3115 4140 3358 4212 stuporis
3388 4140 3492 4196 hoc
3530 4156 3629 4198 no·-

2049 4248 2173 4289 men
2200 4248 2230 4287 a
2264 4230 2546 4305 Scriptura
2580 4231 2746 4289 l'nerit
2792 4240 3133 4303 usurpatum.
3162 4229 3619 4302 Quandoquidem

2050 4324 2270 4379 homine
2325 4326 2613 4394 consopito
2665 4339 2862 4380 sensus
2891 4337 3081 4380 omnes
3128 4321 3196 4377 ad
3224 4322 3461 4393 quietem
3493 4338 3620 4380 sese

2049 4416 2407 4472 transferunt.
2461 4416 2553 4471 Sic
2614 4414 2829 4471 violendi
2860 4415 3113 4478 facultas,
3143 4415 3380 4485 exempli
3421 4413 3617 4486 gratia,

2049 4507 2269 4561 tametsi
2298 4521 2540 4575 praesens
2567 4507 2743 4570 adsit,
2771 4505 2979 4562 clausis
3017 4505 3195 4560 oculis
3226 4504 3363 4561 nihil
3397 4507 3623 4563 omnino

2047 4595 2311 4651 discernit
2347 4613 2360 4649 ι
2395 4609 2681 4666 propterea
2707 4594 2854 4665 quod
2886 4602 3000 4650 tum
3037 4596 3152 4659 ille,
3173 4612 3283 4665 quo
3314 4611 3619 4662 movemur,

2046 4686 2275 4757 spiritus
2308 4686 2424 4743 sive
2457 4687 2643 4742 anima
2670 4686 2992 4758 requiescit.
3033 4685 3126 4740 Sic
3156 4686 3448 4755 quantavis
3472 4685 3618 4742 dorni

2044 4778 2342 4849 fragrantia
2389 4779 2484 4844 sit,
2513 4785 2608 4835 aut
2647 4779 2809 4841 fetor,
2860 4778 2993 4833 nihil
3028 4786 3212 4832 tamen
3242 4777 3501 4843 odoratu,
3524 4779 3619 4850 qui

2043 4885 2176 4926 sane
2219 4885 2463 4940 praesens
2506 4878 2612 4931 est.
2664 4871 2948 4943 percipere
2991 4886 3320 4942 possumus;
3361 4885 3427 4924 eo
3472 4871 3619 4940 quod

2045 4962 2232 5017 sensui
2259 4963 2336 5018 illi
2364 4963 2431 5017 ad
2463 4962 2703 5033 quictem
2733 4962 3039 5033 composito
3072 4962 3221 5017 velut
3256 4963 3476 5032 quidam
3511 4970 3624 5016 tor·

2048 5066 2149 5122 por
2192 5053 2453 5123 obrepsit.
2519 5053 2648 5109 ltcm
2694 5052 2820 5109 licet
2858 5068 3080 5109 amat-us
3124 5052 3179 5107 in
3216 5068 3311 5108 ore
3336 5052 3406 5108 sit
3436 5068 3620 5124 sapor,

2049 5148 2143 5196 aut
2199 5141 2396 5207 salsus,
2447 5150 2542 5197 aut
2579 5143 2781 5208 dulcis,
2826 5143 2962 5199 nihil
2999 5150 3222 5214 gustatu
3265 5142 3521 5209 sentitur,
3553 5160 3619 5198 eu

2048 5232 2194 5301 quod
2258 5232 2512 5301 stupidus
2563 5232 2655 5287 hic
2705 5248 2924 5296 sensus,
2957 5247 3020 5287 ac
3049 5230 3215 5303 407
3247 5231 3462 5300 sopitus
3495 5232 3620 5287 sun-

2048 5322 2287 5376 ctionem
2319 5323 2524 5377 nullam
2569 5307 2808 5390 esercet,
2844 5322 3151 5393 cujusmodi
3190 5331 3452 5391 praestare
3484 5322 3619 5393 vigi-

2052 5411 2173 5468 lans
2215 5413 2445 5468 solebat.
2506 5411 2686 5471 !anet
2712 5422 2766 5469 et
2795 5413 3015 5468 auditus
3043 5414 3181 5484 ipse,
3218 5412 3313 5468 sed
3355 5413 3616 5469 audiendi

2052 5514 2137 5558 est
2192 5501 2425 5560 facultas
2479 5504 2658 5561 otiosa
2691 5504 2867 5560 :adeo
2908 5515 2967 5559 ut
3001 5504 3318 5575 pierumque
3358 5503 3505 5559 domi
3543 5504 3622 5556 lo-

2051 5590 2347 5666 quentib'us
2374 5595 2672 5663 nonnullis,
2701 5596 2810 5652 uisi
2840 5599 2935 5668 qui
2967 5594 3175 5653 dormit
3203 5596 3620 5669 expergefactus

2006 5729 2014 5736 .
2056 5685 2238 5754 suerit,
2269 5703 2389 5758 quae
2419 5688 2488 5745 ab
2521 5688 2587 5744 iis
2610 5688 2869 5745 dicuntur
2890 5702 3000 5745 non
3026 5687 3233 5755 audiat,
3266 5685 3415 5761 quod
3442 5685 3625 5743 omnis
