3850 6517
349 499 466 552 <509

959 490 1327 545 ADVERSUS
1365 490 1707 545 llAEnEsEs
1744 492 1871 546 LlB.
1915 493 1956 547 1.
1996 493 2160 549 Tou.
2203 493 2292 549 nt.
2333 526 2401 535 —
2440 492 2713 550 lh-Eltfis.
2756 492 2993 550 xxxtV.

3501 497 3619 553 ulo

369 612 601 685 μωρίαν.
640 607 812 673 Ἀξιοι
838 606 895 659 δὲ
921 604 1146 668 πένθους
1173 607 1222 659 οἱ
1251 607 1584 679 τηλικαύτην
1610 608 1943 673 θεοσέὸειαν,
1974 616 2020 671 Α
2045 609 2316 664 derideas.
2365 608 2471 665 Sed
2538 609 2858 682 deplorandi
2905 610 3263 667 nihilominus
3313 620 3474 675 suut,
3525 614 3619 683 qui

366 704 459 757 καὶ
485 702 547 754 τὸ
579 698 806 771 μέγεθος
836 698 938 770 τῆς
966 700 1207 771 ἀρρήτου
1232 698 1534 769 δυνάμεως,
1568 698 1662 752 καὶ
1692 700 1790 764 τάς
1818 717 1944 754 τοσ-

366 794 537 858 αύτας
583 791 891 861 οἰκονομίας
922 790 1017 843 τοῦ
1055 788 1212 852 Θεοῦ.
1250 789 1339 843 διά
1367 790 1463 843 τοῦ
1493 791 1691 859 Ἄλφα,
1726 792 1821 843 καὶ
1848 792 1944 845 τοῦ

369 887 547 956 Βῆτα,
589 883 682 937 καὶ
712 883 780 936 δι’
806 881 1055 954 ἀριθμῶν
1086 880 1230 934 οὕτω
1267 879 1490 952 ψυχρῶς
1526 879 1620 933 καὶ
1652 878 1945 951 βεὸιασμέ-

368 990 473 1038 νως
512 972 881 1042 διασύροντες.
926 972 1082 1026 Ὅσοι
1126 972 1185 1025 δὲ
1216 972 1543 1040 ἀφίστανται
1576 970 1677 1041 τῆς
1719 971 1946 1043 Ἐκκλη-

370 1067 511 1129 σίας,
556 1065 652 1119 καὶ
680 1064 892 1128 τούτοις
940 1066 1055 1127 τοίς
1093 1063 1367 1135 γραώδεσι
1409 1062 1600 1134 μύθοις
1643 1063 1941 1130 πείθονται,

365 1156 584 1227 ἀληθῶς
627 1156 1098 1225 αύτοκατάκριτοι·
1147 1154 1241 1219 οὓς
1281 1156 1311 1209 ὁ
1354 1154 1562 1219 Παῦλος
1594 1152 1945 1225 ὲγκελεὺεται

356 1251 401 1318 ἡ
409 1250 500 1319 μίν
526 1247 664 1318 μετά
688 1248 816 1318 μίαν
838 1249 931 1301 καὶ
954 1247 1213 1320 δευτέραν
1236 1250 1517 1303 νουθεσίαν
1540 1248 1941 1322 παραιτεῖσθαι.

382 1337 631 1408 Ἰωάννης
655 1337 713 1389 δὲ
743 1338 771 1390 ὁ
798 1336 888 1391 τοῦ
919 1337 1124 1408 Κυρίου
1161 1337 1408 1409 μαθητὴς
1448 1339 1687 1391 ἐπέτεινε
1714 1339 1813 1409 τὴν
1845 1356 1946 1392 κα-

370 1429 593 1499 ταδίκην
627 1428 825 1493 αὐτῶν,
859 1429 996 1500 μηδὲ
1033 1428 1245 1501 χαίρειν
1271 1431 1457 1493 αὐτοῖς
1486 1431 1577 1499 ὑφ’
1607 1429 1759 1501 ὑμῶν
1793 1429 1948 1499 λέγε-

374 1522 496 1575 σθαι
526 1520 827 1591 βουληθείς.
858 1521 911 1573 Ὁ
936 1521 1044 1591 γὰρ
1063 1522 1260 1591 λέγων
1284 1521 1509 1586 αὐτοῖς,
1532 1522 1687 1593 φησὶ,
1715 1522 1947 1591 χαίρειν

371 1611 649 1665 κοινωνεῖ
682 1611 808 1677 τοῖς
845 1612 1045 1681 ἔργοις
1082 1612 1281 1667 αὐτῶν
1317 1611 1442 1678 τοῖς
1484 1612 1785 1679 πονηροῖς.
1835 1612 1946 1666 Καὶ

371 1703 615 1766 εἰκότως.
650 1705 770 1756 Οὐκ
796 1703 928 1757 ἔστι
963 1703 1071 1772 γὰρ
1093 1704 1323 1772 χαίρειν
1348 1703 1475 1770 τοῖς
1499 1701 1766 1766 desetor,
1798 1702 1946 1773 λέγει

372 1792 595 1865 Κύριος.
641 1793 885 1857 Ἀσεὸεἰς
922 1794 979 1847 δὲ
1020 1795 1154 1866 ὑπὲρ
1204 1797 1383 1847 πᾶσαν
1422 1794 1672 1848 ἀσέδειαν
1703 1788 1868 1860 οὗτοι,
1897 1798 1947 1848 οἱ

365 1888 460 1940 τὸν
497 1886 724 1957 ποιητὴν
754 1885 985 1957 οὐρανοῦ
1016 1887 1109 1940 καὶ
1142 1887 1246 1957 γῆς
1288 1888 1446 1959 μόνον
1475 1886 1608 1940 Θεὸν
1637 1888 1944 1959 παντοκρά-

2047 709 2154 754 tam
2189 708 2600 755 sacrosanctam
2626 702 2966 772 religionem,
2999 718 3234 774 vereque
3258 702 3618 773 inexplicabi-

2046 790 2114 844 lis
2145 791 2401 861 potentiae
2433 790 2883 859 magnitudinem,
2922 799 3127 846 tantam
3172 790 3406 861 denique
3448 789 3619 844 divini

2044 877 2296 933 Numinis
2330 878 2725 948 providentiam
2770 896 2865 949 per
2893 880 3024 935 illud
3065 897 3225 937 suum
3259 881 3442 951 alpha,
3472 880 3617 944 beta,

2047 979 2383 1048 caeterosque
2422 986 2682 1026 numeros
2722 978 2831 1024 tam
2874 971 3070 1042 frigide
3101 973 3477 1042 violenterque
3509 979 3622 1024 tra·

2047 1062 2270 1117 ducant.
2302 1063 2380 1116 Ac
2419 1064 2735 1133 qu³aeunque
2769 1080 2826 1119 se
2852 1064 3017 1135 248
3047 1065 3115 1118 ab
3155 1063 3396 1117 Ecclesia
3436 1078 3620 1133 segre-

2048 1162 2199 1225 gant,
2227 1163 2288 1209 ut
2324 1155 2390 1210 ad
2421 1155 2596 1210 aniles
2621 1155 2787 1211 hasce
2816 1156 3031 1211 fabulas
3065 1156 3459 1218 adimi-escant,
3487 1169 3621 1209 sane

2049 1245 2368 1316 suometipsi
2399 1246 2608 1315 judicio
2645 1247 2888 1301 damnati
2927 1254 3097 1301 sunt:
3126 1262 3266 1317 quos
3312 1244 3619 1300 seeundum

2046 1352 2210 1393 unam
2260 1340 2600 1409 alteramque
2651 1340 3052 1411 eorreptionem
3119 1339 3362 1394 devitare
3413 1336 3621 1391 Paulas

2048 1425 2301 1480 hortatus
2339 1423 2730 1481 est⁸.loaunes
2762 1442 2890 1482 vero
2919 1425 3127 1482 Christi
3167 1426 3469 1497 discipulus
3512 1440 3622 1480 ma-

2041 1516 2163 1586 jore
2209 1517 2333 1571 illos
2394 1532 2555 1587 poena
2609 1517 3013 1581 condemnavit,
3069 1533 3195 1573 cum
3263 1533 3330 1572 ne
3384 1517 3619 1573 salutari

2047 1608 2265 1678 quidem
2305 1624 2333 1663 a
2362 1610 2523 1665 nobis
2559 1609 2815 1679 patiatur.
2847 1608 3131 1674 Quiem‘m.
3153 1609 3352 1679 inquit,
3384 1625 3478 1663 ate
3503 1608 3619 1662 iltis

2047 1699 2280 1764 dixerit,
2329 1701 2680 1755 communicat
2741 1700 2986 1770 operibus
3042 1700 3257 1754 illorum
3307 1698 3553 1769 utaliqm's
3572 1697 3617 1753 ⁸.

2049 1789 2243 1846 Merito
2279 1806 2430 1845 sane.
2477 1792 2656 1861 Neque
2681 1792 2820 1845 enim
2846 1801 3064 1860 pax-est
3109 1791 3306 1859 impiis,
3338 1788 3472 1843 dicit
3516 1787 3622 1843 Do·

2050 1882 2233 1936 minus
2256 1882 2297 1933 ⁶.
2344 1880 2413 1933 At
2453 1881 2686 1935 istorum
2727 1882 2983 1952 impietas
3024 1882 3356 1951 impietatem
3401 1893 3617 1935 omnem

369 1995 524 2049 τορα,
552 1977 691 2049 ὑπὲρ
713 1976 958 2041 ὃν.ἀλλος
986 1977 1119 2041 Θεὸς
1142 1980 1243 2032 ούκ
1270 1978 1438 2043 ἔστιν,
1471 1978 1532 2044 ἐξ
1553 1980 1947 2049 ὑστερήματος,
1982 2004 2023 2058 B
2053 1980 2274 2039 superat
2305 1989 2318 2024 ι
2343 1972 2434 2040 qui
2465 1971 2587 2025 eoeli
2621 1980 2886 2041 terraeque
2914 1971 3321 2034 fabricatorem,
3352 1986 3416 2024 ae
3442 1972 3617 2025 solum

372 2068 467 2121 καὶ
507 2068 669 2121 αὐτοῦ
709 2066 957 2133 ὲξ-ἀλλου
988 2068 1368 2140 ὑστερήματος
1399 2070 1702 2139 γεγονότος,
1748 2070 1948 2141 προδε-

355 2151 598 2227 Ἑλῆσθαι
620 2155 890 2227 λέγοντες·
915 2157 1060 2212 ὥστε
1081 2161 1213 2213 κατ’
1239 2160 1441 2224 αὐτοὺς
1463 2156 1601 2213 εἶναι
1625 2161 1791 2214 αὑτὸν
1818 2178 1950 2233 προ-

364 2248 528 2320 δολὴν
554 2249 735 2321 τρίτου
762 2249 1159 2322 ὑστερήματος.
1202 2252 1303 2305 Ἢν
1334 2248 1561 2322 γνώμην
1590 2250 1758 2315 ὅντως
1788 2268 1952 2303 κατα·

357 2342 733 2409 ,φυσήσαντας.
760 2341 855 2393 καὶ
889 2339 1090 2393 καταθε
1101 2341 1457 2411 ματίσαντας,
1479 2341 1597 2394 δέον
1624 2341 1815 2412 πόρρω
1844 2358 1946 2394 που

375 2428 590 2497 μακρὰν
639 2431 831 2497 φυγεῖν
876 2430 973 2482 ἀπ’
1007 2431 1217 2497 αὐτῶν,
1263 2432 1360 2485 καὶ
1403 2425 1439 2505 ᾖ
1483 2429 1646 2485 πλέον
1677 2429 1948 2502 διισχυρί·

375 2515 576 2579 ζονται.
606 2519 700 2571 καὶ
733 2518 1016 2590 χαίρουσιν
1047 2521 1138 2574 ἐπὶ
1168 2525 1277 2586 τοῖς
1305 2524 1718 2595 παρευρέμασιν
1745 2521 1946 2586 αὐτῶν,

370 2606 541 2680 ταύτῃ
568 2609 770 2679 μᾶλλον
803 2610 1003 2664 εἰδέναι
1032 2611 1195 2665 πλέον
1228 2613 1427 2676 αὐτοὺς
1462 2614 1803 2685 ἐνεργεῖσθαι
1842 2613 1950 2667 ὑπὸ

369 2697 471 2768 τῆς
501 2700 749 2767 ὀγδοάδος
781 2702 890 2755 τῶν
936 2702 1186 2775 πονηρῶν
1228 2704 1574 2774 πνευμάτων·
1610 2704 1861 2778 καθάπερ
1898 2707 1949 2759 ol

369 2790 448 2850 είς
482 2792 756 2861 φρενίτιδα
787 2792 1031 2847 διάθεσιν
1062 2793 1419 2864 ἐμπεσόντες,
1456 2788 1489 2866 ᾗ
1530 2793 1691 2847 πλέον
1726 2794 1947 2863 γελῶσι,

370 2883 463 2934 καὶ
486 2882 689 2952 ἰσχύειν
712 2883 982 2947 δοκοῦσιν,
1006 2886 1103 2939 καὶ
1124 2885 1201 2949 ὡς
1225 2884 1561 2953 ὑγιαίνοντες
1584 2885 1759 2939 πάντα
1784 2885 1951 2956 πράτ-

366 2989 542 3039 τουσι,
580 2974 698 3028 ἔνια
730 2976 787 3030 δὲ
823 2977 919 3031 καὶ
950 2976 1092 3050 ὑπὲρ
1125 2977 1186 3029 τὸ
1218 2977 1506 3044 ὑγιαίνειν,
1545 2974 1719 3049 ταύτῃ
1749 2976 1950 3048 μᾶλλον

367 3064 555 3129 κακῶς
573 3065 809 3137 ἔχουσιν.
847 3069 1081 3139 Ὁμοίως
1101 3068 1157 3122 δὲ
1178 3069 1275 3123 καὶ
1305 3060 1529 3140 οὗτοι,ἦ
1555 3067 1755 3139 μᾶλλον
1780 3069 1951 3139 ὑπερ-

349 3154 854 3221 ·,φρονείνδοκοῦσι,
905 3156 998 3210 καὶ
1039 3156 1445 3228 ὲκνευρίζουσιν
1483 3156 1732 3225 ἑαυτοὺς,
1776 3160 1949 3231 ὑπέρ-

359 3258 491 3296 τονα
539 3244 884 3313 τοξεύοντες,
948 3246 1121 3320 ταύτῃ
1177 3247 1379 3319 μᾶλλον
1431 3250 1494 3304 οὐ
1554 3249 1946 3323 σωφρονοῦσιν.
1980 3289 2000 3306 ,

367 3332 618 3399 Ἓξελθδν
663 3336 773 3409 γᾲρ
818 3339 880 3391 τὸ
922 3338 1238 3411 ἀκάθαρτον
1282 3340 1499 3411 πνεῦμα
1548 3342 1651 3413 τῆς
1698 3342 1944 3411 ἀγνοίας,
1974 3374 2018 3436 C

367 3423 558 3504 ξπειτα
584 3430 941 3502 σχολάζοντας
981 3435 1184 3499 αὐτοὺς
1215 3434 1277 3488 οὑ
1309 3435 1449 3506 Θεῷ,
1494 3436 1631 3491 ἀλλά
1654 3442 1947 3508 κοσμικαῖς

347 3513 656 3589 ’ζητήσεσιν
699 3522 879 3595 εὑρὸν,
928 3526 1393 3597 προσπαραλαδὸν
1443 3527 1608 3599 ἕτερα
1660 3527 1946 3597 πνεύματα

357 3607 501 3665 ἑπτά
532 3614 870 3689 πονηρότερα
903 3617 1126 3681 ἑαυτοῦ,
1175 3618 1268 3672 καὶ
1307 3618 1593 3689 χαυνῶσαν
1630 3620 1810 3673 αὐτῶν
1846 3619 1946 3690 τὴν

357 3702 604 3773 γνώμην,
632 3705 710 3770 ὡς
735 3706 1050 3777 δυναμένων
1071 3710 1140 3761 τὰ
1164 3709 1310 3779 ,ὑπὲρ
1331 3710 1422 3762 τὸν
1448 3709 1581 3762 Θεὸν
1606 3712 1826 3774 ἐννοεῖν,
1850 3712 1946 3764 καὶ

357 3791 667 3865 ἐπιτήδειον
714 3799 793 3858 εἰς
835 3798 1311 3867 ὑπερέκκρουσιν’
1356 3800 1802 3862 κατασκευάσαν,
1844 3802 1945 3871 τὴν

359 3880 588 3949 ὸγδοάδα
634 3883 736 3951 τῆς
779 3885 964 3947 ἀνοίας
988 3888 1009 3917 ⁸
1035 3884 1145 3936 τῶν
1198 3885 1451 3956 πονηρῶν
1501 3890 1824 3957 πνευμάτων
1856 3890 1946 3953 εἰς

363 3972 561 4034 αὐτοὺς
594 3974 922 4042 ἐνεθήκωσι

435 4250 532 4304 Μ’.
575 4250 842 4323 Βούλομαι
875 4253 932 4307 δέ
989 4270 1075 4308 σοι
1139 4257 1234 4310 καὶ
1277 4257 1357 4323 ὡς
1416 4258 1581 4331 αὐτὴν
1633 4260 1733 4330 τὴν
1764 4260 1943 4314 κτίσιν

364 4343 483 4395 κατ’
512 4342 695 4395 εἰκόνα
744 4343 852 4397 τῶν
900 4346 1148 4417 ἀοράτων
1184 4348 1291 4403 ὑπὸ
1317 4348 1412 4403 τοῦ
1451 4351 1789 4422 Δημιουργοῦ
1815 4390 1831 4413 ,
1866 4350 1943 4415 ὡς

362 4431 683 4499 ἀγνοοῦντος
720 4433 918 4499 αὑτοῦ,
962 4438 1397 4492 κατεσκευάσθαι
1442 4440 1530 4493 διά
1573 4441 1673 4510 τῆς
1720 4441 1942 4512 Μητρὸς

363 4522 608 4596 λέγουσι,
676 4523 1054 4597 διηγήσασθαι.
1115 4528 1338 4600 Πρῶτον
1400 4531 1498 4600 μὲν
1559 4530 1627 4584 τὰ
1701 4530 1941 4601 τέσσαρα

364 4615 606 4685 στοιχεῖά
647 4632 808 4685 φασι,
851 4616 982 4688 πῦρ,
1030 4617 1191 4690 ὕδωρ,
1231 4621 1357 4691 γῆν,
1393 4621 1550 4691 ἀέρα,
1582 4621 1762 4675 εἰκόνα
1804 4638 1940 4694 προ-

2050 2064 2474 2132 omnipotentem
2511 2060 2703 2127 Deum,
2744 2078 2910 2133 supra
2943 2079 3104 2133 quem
3139 2064 3324 2119 nullus
3355 2062 3497 2117 alius
3534 2068 3622 2117 est

2051 2152 2216 2216 Deus,
2255 2169 2322 2208 ex
2363 2151 2600 2219 defectu,
2644 2154 2737 2223 qui
2777 2162 2831 2209 et
2871 2154 2984 2221 ipse
3012 2170 3078 2209 ex
3114 2154 3223 2208 alio
3247 2154 3322 2209 sit
3348 2160 3504 2208 ortus
3527 2152 3623 2207 de·

2049 2243 2226 2305 fectu,
2272 2243 2575 2298 derivatum
2629 2244 2974 2309 existimant,
3023 2252 3083 2298 ut
3129 2259 3196 2299 ex
3246 2244 3461 2298 illorum
3506 2244 3623 2313 opi-

2051 2335 2216 2390 nione
2246 2335 2410 2389 tertio
2432 2335 2667 2404 quodam
2697 2351 2763 2391 ex
2794 2336 3007 2391 defectu
3040 2336 3321 2407 prodierit.
3353 2333 3471 2401 Qua
3500 2333 3624 2403 qui-

2049 2421 2172 2479 dem
2200 2424 2423 2493 explosa
2456 2425 2819 2494 damnataque
2851 2426 3121 2481 sententia
3141 2462 3156 2487 ‚
3193 2424 3380 2493 procul
3417 2423 3486 2477 ab
3514 2421 3623 2476 illis

2050 2514 2366 2585 fugiendum
2397 2523 2482 2571 est
2514 2534 2528 2570 :
2561 2530 2625 2570 ae
2663 2524 2870 2586 quanto
2908 2524 3036 2571 sunt
3066 2516 3124 2571 in
3163 2530 3351 2570 errore
3377 2514 3625 2584 pertina-

2049 2605 2248 2669 ciores,
2282 2605 2629 2675 inventisque
2646 2606 2911 2675 pessimis
2940 2607 3242 2676 impensius
3262 2605 3619 2669 delectantur,

2049 2701 2202 2747 tanto
2230 2709 2325 2749 eos
2358 2694 2531 2764 magis
2565 2694 2860 2764 putandum
2892 2704 2977 2751 est
3005 2697 3073 2749 ab
3101 2696 3621 2752 scelestissimorum

2048 2784 2354 2837 daemonum
2392 2782 2647 2854 ogdoade
2671 2784 2959 2838 concitari.
2991 2782 3078 2839 Uti
3112 2782 3445 2855 phreneticis
3473 2784 3622 2839 acei-

2048 2875 2149 2936 dit,
2174 2875 2266 2945 qui
2294 2889 2403 2945 quo
2427 2874 2663 2944 amplius
2691 2873 2890 2940 rident,
2926 2890 2990 2929 ac
3022 2886 3210 2947 vegeto
3237 2892 3359 2932 esse
3395 2890 3624 2945 corpore

2047 2964 2323 3030 videntur,
2364 2964 2656 3033 omniaque
2689 2979 2788 3019 ceu
2825 2965 3068 3021 valentes
3099 2981 3169 3019 ac
3206 2968 3348 3032 sani,
3379 2982 3454 3021 ac
3488 2981 3625 3021 non-

2048 3057 2196 3112 nulla
2225 3056 2388 3111 etiam
2421 3056 2727 3127 aliquanto,
2757 3072 2921 3128 quam
2955 3057 3002 3113 si
3066 3062 3184 3113 sani
3218 3066 3423 3119 essent.
3458 3058 3625 3113 robu-

2049 3148 2189 3203 stius
2226 3156 2445 3219 gerunt,
2487 3164 2553 3204 eo
2569 3164 2691 3205 sese
2718 3150 2960 3207 deterius
2992 3150 3214 3207 hahent.
3246 3151 3504 3208 Similiter
3532 3153 3625 3209 isti

2049 3255 2158 3310 quo
2186 3240 2563 3297 vehementius
2590 3258 2783 3313 sapere
2809 3244 3079 3307 videntur,
3105 3260 3274 3315 seque
3300 3246 3446 3315 ipsos
3474 3263 3625 3303 ener-

2048 3339 2199 3393 vant,
2232 3332 2362 3387 dum
2393 3334 2603 3389 intento
2632 3335 2778 3390 velut
2816 3336 2994 3390 aerius
3033 3350 3165 3390 arcu
3205 3339 3434 3406 sagittas
3465 3339 3627 3392 emit-

2050 3430 2189 3486 tunt,
2223 3438 2287 3478 eo
2320 3427 2526 3493 majore
2561 3426 2786 3479 vesania
2825 3434 3099 3480 tenentur.
3140 3426 3392 3497 Impurus
3425 3431 3626 3498 quippo

2045 3514 2370 3583 ignorantiae
2398 3515 2627 3584 spiritus
2645 3516 2937 3587 egrediens
2956 3558 2972 3582 ,
3002 3532 3207 3587 eosque
3233 3532 3340 3573 uon
3373 3516 3501 3585 Deo,
3528 3519 3625 3574 sed

2047 3605 2292 3673 profanis
2336 3608 2732 3675 quaestionibus
2775 3606 3084 3679 implicatos
3149 3610 3428 3679 reperiens
3461 3650 3477 3673 ,
3527 3610 3625 3664 ad·

2044 3686 2233 3749 bibitis
2273 3704 2480 3764 septem
2506 3696 2629 3753 aliis
2649 3698 2829 3767 seipso
2860 3697 3218 3766 nequioribus
3237 3698 3278 3760 ',
3320 3697 3624 3768 inflatisque

2044 3795 2184 3835 vana
2232 3785 2589 3852 persuasione
2629 3785 2845 3839 illorum
2889 3784 3109 3848 animis,
3141 3784 3298 3855 quasi
3336 3786 3419 3840 vel
3455 3800 3623 3858 supra

2048 3869 2214 3926 ileum
2259 3872 2438 3944 ipsum
2488 3875 2736 3930 attollere
2783 3889 2842 3930 se
2885 3860 3195 3944 eoguitione
3238 3876 3479 3946 possint;
3531 3877 3621 3933 ubi

2046 3961 2273 4019 idoneos
2309 3973 2761 4035 opportunosque
2798 3965 3086 4022 fraudibus
3133 3968 3252 4023 suis
3303 3967 3621 4038 addiderit,

2043 4053 2335 4123 quamdam
2365 4057 2686 4112 stoliditatis
2713 4057 3081 4128 improborum
3105 4058 3389 4128 spirituum
3407 4056 3593 4132 ogdoa
3609 4087 3624 4100 ·

2044 4144 2167 4200 dem
2202 4145 2256 4200 in
2293 4147 2416 4201 illos
2448 4147 2714 4201 immittit.

2113 4260 2253 4317 xlv.
2294 4263 2563 4333 Aget-ero
2597 4265 2726 4320 illud
2765 4266 2990 4334 insuper
3026 4281 3389 4336 exponamus,
3429 4281 3625 4335 quem·

2043 4351 2330 4407 admodum
2357 4366 2569 4410 creatas
2601 4371 2686 4409 res
2714 4370 2904 4410 ornnes
2942 4354 3008 4409 ad
3048 4370 3260 4418 eorum,
3293 4370 3416 4425 quae
3442 4356 3623 4411 videri

2043 4450 2341 4510 nequeunt,
2377 4444 2788 4498 similitudinem
2825 4460 2854 4497 a
2892 4445 3178 4500 conditore
3209 4446 3289 4501 sie
3323 4446 3621 4515 productas

2041 4540 2314 4594 asserant,
2363 4541 2420 4586 ut
2469 4550 2535 4588 eo
2580 4534 2712 4604 quid
2759 4543 2943 4601 ageret
2988 4536 3290 4601 nesciente,
3348 4535 3621 4590 beneflcio

2042 4620 2230 4677 Matris
2259 4621 2589 4677 exstiterint.
2632 4623 2908 4695 Principio
2933 4627 3202 4681 elementa
3235 4607 3324 4679 illa
3356 4634 3619 4694 quatuor,

363 4706 656 4778 ὅεδλῆσθαι
688 4709 785 4779 τῆς
812 4709 930 4762 ἀνω
967 4708 1190 4781 πρώτης
1232 4712 1520 4782 Τετράδος.
1552 4712 1662 4776 Τάς
1692 4730 1752 4767 τε
1789 4715 1940 4786 ἑνερ-
1971 4715 2015 4771 1)
2043 4715 2245 4786 ignem,
2276 4729 2494 4784 aquam,
2535 4723 2759 4779 terram,
2800 4731 3004 4780 aerem,
3023 4716 3105 4769 .ad
3141 4731 3368 4771 summae
3397 4715 3620 4785 primae-

363 4798 517 4866 γείας
554 4798 733 4859 αὐτῶν
788 4798 1323 4871 συναριθμουμένας,
1362 4795 1473 4853 οἷον
1512 4800 1711 4873 θερμόν
1745 4820 1805 4855 τε
1844 4804 1940 4857 καὶ

362 4890 589 4961 ψυχρὸν,
625 4889 787 4961 ξηρόν
833 4908 890 4943 τε
944 4892 1037 4944 καὶ
1074 4890 1257 4963 ὑγρὸν,
1304 4891 1547 4963 ἀκριόὣς
1593 4892 1940 4959 ἐξεικονίζειν

363 4981 463 5051 τὴν
514 4980 790 5048 Ὀγδοάδα.
845 4982 1001 5052 Ἑξῆς
1041 4981 1171 5035 δέκα
1213 4982 1472 5053 δυνάμεις
1521 4982 1663 5036 οὕτω
1711 5000 1927 5056 καταρι-

349 5069 611 5141 θμοῦσιν,
649 5072 788 5125 ἑπτά
819 5073 917 5142 μὲν
956 5072 1242 5143 σωματικά
1265 5074 1285 5103 ⁸
1313 5073 1620 5142 κυκλοειδῆ,
1661 5073 1698 5129 ἀ
1734 5076 1827 5128 καὶ
1852 5075 1944 5127 οὑ-

366 5164 559 5231 ρανοὺς
588 5163 863 5217 καλοῦσιν·
899 5164 1092 5219 ἔπειτα
1119 5165 1209 5217 τὸν
1244 5165 1588 5236 περιεκτικδν
1622 5164 1799 5219 αὐτῶν
1836 5165 1939 5219 κύ·-

365 5253 513 5319 κλον,
539 5254 597 5308 ὃν
624 5255 718 5309 καὶ
739 5255 923 5323 ὄγδοον
944 5255 1170 5327 ούρανδν
1193 5254 1540 5325 ὀνομάζουσι·
1566 5255 1701 5324 πρὸς
1722 5255 1780 5308 δὲ
1803 5254 1933 5308 τού-

359 5361 479 5409 τοις
524 5346 671 5417 ἥλιόν
713 5363 774 5400 τε
822 5348 916 5401 καὶ
960 5347 1207 5418 σελήνην.
1251 5345 1456 5408 Ταῦτα,
1498 5345 1634 5399 δέκα
1670 5345 1800 5399 ὄντα
1842 5345 1935 5401 τὸν

363 5438 615 5510 ἀριθμὸν,
657 5440 873 5503 εἰκόνας
901 5439 1148 5508 λέγουσιν
1179 5434 1317 5490 εἶναι
1348 5438 1450 5507 τῆς
1484 5439 1716 5509 ἀοράτου
1762 5437 1936 5492 Δεκά-

361 5529 452 5592 eo<
485 5529 584 5600 τῆς
618 5530 726 5584 ἀπὸ
765 5530 939 5599 Λόγου
973 5531 1069 5584 καὶ
1101 5529 1253 5600 Ζωῆς
1302 5527 1690 5600 προελθούσης·
1734 5528 1834 5601 τὴν
1874 5528 1934 5583 δὲ

2039 4818 2147 4874 que
2173 4801 2427 4858 Tetradis
2454 4803 2682 4875 effigiem
2725 4820 2849 4859 esse
2871 4812 3165 4860 consttut·
3195 4817 3437 4859 narrant.
3466 4804 3618 4871 Quo·

2039 4908 2161 4948 rum
2197 4894 2262 4948 ad
2303 4895 2571 4965 agendum
2609 4896 2991 4961 ellieaeitates7
3037 4905 3166 4968 puta
3207 4896 3480 4961 calorem,
3523 4896 3621 4949 fri-

2039 5001 2166 5058 gus,
2211 4986 2534 5051 siccitatem,
2579 4996 2634 5042 et
2690 4988 2996 5054 humorem,
3051 4999 3297 5045 exactam
3344 4987 3622 5057 Ogdoadis

2040 5078 2335 5149 imaginem
2379 5079 2604 5134 referre.
2644 5078 2781 5135 Tum
2821 5082 3008 5137 decem
3047 5083 3150 5137 hoe
3190 5082 3351 5137 modo
3391 5083 3620 5142 virtutes

2043 5178 2389 5224 enumerant.
2420 5170 2662 5225 Primum
2693 5187 2743 5227 ει
2755 5182 2898 5243 ptem
2928 5187 3222 5241 corporeos
3239 5175 3423 5233 orbes.
3455 5174 3621 5247 249

2039 5274 2180 5329 quos
2217 5260 2390 5314 coelos
2427 5260 2723 5331 appellant.
2766 5260 2972 5317 Deinde
3011 5261 3272 5329 majorem
3307 5262 3459 5318 illum
3489 5265 3618 5320 reli·

2039 5365 2182 5419 quos
2210 5350 2562 5416 ambientem,
2593 5352 2737 5422 quod
2776 5360 3026 5407 octavum
3067 5353 3266 5407 eoelum
3306 5355 3617 5411 nominant.

2040 5438 2306 5496 Praeterea
2337 5442 2510 5497 solem
2537 5451 2592 5495 et
2623 5442 2828 5496 lunam.
2851 5442 2992 5509 θυαε
3016 5445 3198 5498 minutia
3223 5444 3453 5500 denario
3476 5460 3618 5501 com·

2038 5531 2308 5601 prehensa
2336 5546 2565 5587 numero
2594 5532 2824 5589 Decadis
2853 5533 3022 5597 illius,
3051 5549 3172 5603 quae
3197 5549 3229 5591 a
3257 5533 3443 5592 'Verbo
3465 5533 3620 5588 Vita·

361 5620 636 5681 δωδεκάδα
674 5623 974 5693 μηνύεσθαι
1002 5621 1093 5675 διά
1120 5620 1215 5675 τοῦ
1243 5619 1506 5686 ζωδιακοῦ
1537 5618 1631 5674 τοῦ
1658 5620 1932 5691 καλουμέ-
2036 5636 2144 5693 que
2181 5637 2284 5678 nec
2312 5622 2674 5693 aspectabilis
2705 5622 2980 5693 profluxit,
3024 5623 3252 5694 figuram
3286 5640 3414 5682 esse
3452 5624 3620 5680 dicti·

436 5801 453 5830 ¹
480 5798 606 5856 For.
639 5800 817 5855 ὑπέκκ
882 5818 1023 5858 υσιν.
1099 5798 1287 5857 'Jrett-
1325 5799 1565 5871 ἀγνοίας.
1644 5799 1830 5857 ⁸·1ren.
1860 5800 2108 5874 σώματα.

360 5869 384 5889 ’
413 5869 602 5927 naun.
639 5887 735 5929 ιιι.
760 5873 792 5926 t
836 5909 850 5924 .

2205 5804 2231 5838 ⁴
2267 5804 2375 5861 Tit.
2404 5820 2494 5873 m,
2530 5807 2614 5863 lo.
2688 5806 2712 5841 ⁸
2747 5805 2789 5862 ll
2817 5805 2975 5865 ioan.
3015 5807 3101 5863 tt.
3173 5807 3202 5838 ⁸
3226 5806 3330 5861 lsa.
3367 5820 3499 5871 ινιι,
3522 5805 3614 5866 at.
