3850 6517
288 473 407 538 aas·

1696 478 1754 534 S.
1796 474 2134 531 EPtPuANu

297 594 493 666 Moysi,
516 611 622 652 non
650 584 869 665 potestis
899 594 1097 649 saltari
1116 594 1155 657 ¹,
1189 591 1381 664 ingens
1412 593 1537 651 inde
1564 594 1704 651 lacta
1719 609 1868 650 com-
1895 613 1942 669 A
1971 594 2112 661 ξητε
2147 592 2253 645 τὸν
2287 593 2471 660 νόμον
2506 585 2821 653 Μωῦσέως,
2852 586 2923 639 οὐ
2953 583 3217 638 δύνασθε
3249 581 3557 652 σωθῆναι·

296 689 467 743 motio
502 695 609 750 est,
642 698 700 743 ut
750 696 878 742 ante
906 687 1170 742 diximus.
1214 687 1393 756 Atque
1451 687 1526 741 illi
1579 688 1681 757 ipsi
1737 695 1868 744 sunt

296 792 437 845 quos
475 777 675 832 Paulus
710 776 878 832 salsos
909 777 1186 846 apostolos
1217 784 1398 841 vocat,
1424 777 1709 847 operarios
1739 776 1871 833 sub·

298 868 477 933 dolos,
506 867 967 923 transformantes
991 868 1126 923 sein
1159 868 1435 938 apostolus
1476 868 1680 924 Christi
1720 869 1763 925 ².

370 1039 440 1095 V.
480 1040 717 1097 Matthaei
752 1042 896 1097 enim
937 1041 1232 1114 Evangelio
1270 1057 1378 1097 non
1407 1042 1640 1113 integro,
1683 1042 1779 1099 sed
1805 1058 1873 1098 ex

302 1143 458 1203 parte
495 1133 764 1187 duntaxat
796 1141 1047 1199 utuntur,
1079 1134 1339 1189 nimirum
1370 1145 1588 1204 propter
1630 1135 1877 1205 genealo-

302 1226 469 1295 giam,
506 1239 630 1294 quae
676 1224 797 1295 ejus
838 1232 923 1280 est
967 1226 1150 1280 carnis
1183 1225 1422 1296 propria,
1465 1224 1611 1295 qnod
1652 1224 1875 1294 quidem

305 1314 581 1387 Evangelii
636 1317 1005 1371 testimonium
1047 1315 1301 1381 afferunt,
1352 1325 1515 1386 atque
1561 1316 1636 1370 ita
1682 1314 1879 1386 praedi-

304 1415 455 1460 eant.
487 1404 689 1476 Sufficit
715 1406 996 1474 discipulo,
1030 1406 1079 1462 si
1125 1407 1195 1460 sit
1237 1409 1374 1461 sicut
1414 1409 1663 1476 magister
1698 1410 1811 1477 ejus
1836 1408 1877 1462 ⁸.

307 1496 450 1562 Quid
500 1495 686 1567 igitur,
739 1497 1032 1567 inquiunt?
1085 1498 1458 1554 Circumcisus
1494 1507 1579 1555 est
1604 1497 1881 1555 lesusztu

307 1600 527 1656 quoque
561 1588 691 1655 -ipse
722 1587 1135 1645 circumcidere.
1165 1587 1422 1646 Christus
1464 1605 1530 1645 cx
1574 1591 1710 1660 legis
1743 1606 1883 1661 prae·

309 1677 521 1747 scripto
547 1678 715 1733 vitam
738 1678 976 1734 instituit
1000 1697 1014 1734 ι
1040 1687 1096 1734 ιιι
1125 1679 1290 1752 igitur
1315 1681 1503 1736 eadem
1537 1680 1724 1736 facito.
1746 1681 1885 1736 Hinc

311 1769 559 1825 normulli
590 1769 671 1825 sic
708 1770 908 1827 abillis
931 1778 1189 1842 tanquam
1226 1773 1508 1828 venenatis
1541 1773 1887 1844 serpentibus

311 1857 526 1927 abrepti
557 1858 951 1915 verisimilibus
979 1858 1194 1914 illorum
1228 1859 1533 1915 rationibus
1577 1859 1888 1915 assentiun-

1979 684 2078 752 οὐχ
2101 686 2134 753 ή
2163 681 2403 752 τυχοῦσα
2424 680 2542 733 τότε
2577 677 2789 749 ταραχὴ
2834 675 3072 744 ἐγένετο,
3094 671 3170 737 ὠς
3199 673 3556 747 προείρηται.

1970 774 2081 829 Καὶ
2104 768 2247 828 οὗτοί
2291 773 2425 825 εἰσιν
2467 773 2516 824 οἰ
2566 768 2718 839 παρὰ
2753 766 2830 836 τῷ
2867 764 3064 835 Παύλῳ
3090 763 3377 838 εἰρημένα
3399 764 3563 835 ψευδ-

1971 865 2277 923 απόστολοι.
2323 863 2550 933 ἐργάται
2591 859 2785 925 δόλιοι,
2831 853 3440 927 μετασχηματιζόμενοι
3476 857 3562 920 είς

1972 952 2300 1016 ἀποστόλους
2327 950 2586 1023 Χριστοῦ.

2045 1047 2123 1099 Ε’.
2173 1043 2426 1115 Χρῶνται
2456 1042 2568 1114 γὰρ
2608 1041 2685 1111 τῷ
2722 1039 2864 1094 κατὰ
2908 1035 3184 1092 Ματθαίον
3228 1031 3563 1107 Ebur-(slim

1975 1136 2085 1190 ἀπὸ
2119 1137 2341 1207 μέρους,
2379 1134 2471 1187 καὶ
2527 1132 2649 1202 οὐχὶ
2679 1131 2785 1200 ὅλῳ
2807 1148 2822 1162 ·
2858 1128 2996 1183 ἀλλὰ
3035 1126 3126 1182 διὰ
3166 1126 3268 1197 τὴν
3306 1127 3565 1197 γενεαλο-

1977 1224 2104 1293 γίαν
2142 1223 2242 1295 τὴν
2275 1222 2559 1292 ἔνσαρκον,
2595 1221 2690 1275 καὶ
2732 1217 2936 1289 ταύτην
2979 1215 3285 1289 μαρτυρίαν
3327 1213 3565 1288 φέρουσι

1976 1313 2087 1367 ἀπὸ
2127 1311 2223 1366 τοῦ
2267 1310 2619 1379 Εὐαγγελίου,
2652 1309 2813 1363 πάλιν
2841 1308 3113 1375 λέγοντες,
3157 1306 3240 1360 ὅτι
3287 1304 3571 1376 Ἄριστον

1982 1399 2061 1469 τῷ
2077 1400 2337 1473 μαθητῇ,
2368 1401 2469 1455 ἵνα
2500 1398 2739 1469 γένηται
2762 1398 2843 1463 ὡς
2867 1398 2900 1450 ὀ
2920 1393 3312 1462 διδάσκαλος.
3343 1394 3415 1448 Τί
3432 1389 3532 1450 οὖν
3547 1436 3567 1463 ,

1984 1492 2139 1562 φασί;
2163 1491 2518 1564 Περιετμήθη
2540 1490 2569 1544 ὁ
2602 1488 2825 1560 Ἰησοῦς·
2858 1484 3228 1558 περιτμήθητι
3253 1484 3354 1539 καὶ
3376 1484 3568 1549 αὑτός.

1984 1582 2216 1655 Χριστὸς
2248 1579 2390 1636 κατὰ
2418 1580 2600 1653 νόμον,
2634 1579 2817 1650 φασὶν,
2847 1575 3248 1640 ὲπολιτεύσιατο,
3277 1574 3379 1629 καὶ
3403 1574 3574 1640 αὐτὸς

1985 1676 2055 1729 τὰ
2090 1674 2181 1728 ίσα
2209 1674 2456 1744 ποίησον.
2491 1670 2655 1725 Ὅθεν
2700 1669 2794 1724 καί
2826 1684 2971 1731 τινες
2994 1669 3059 1721 ὲκ
3087 1664 3318 1731 τούτων,
3356 1665 3436 1731 ὡς
3464 1668 3576 1723 ὑπὸ

1986 1767 2326 1838 δηλητηρίων
2353 1762 2822 1836 ὑφαρπαχθὲντες,
2865 1758 3141 1813 πείθονται
3182 1760 3305 1821 ταῖς
3337 1758 3575 1814 πιθανο-

1988 1858 2196 1928 λογίαις
2232 1855 2324 1912 διὰ
2359 1856 2419 1911 τὸ
2455 1854 2547 1910 τὸν
2590 1853 2823 1924 Χριστὸν
2873 1849 3328 1922 περιτετμῆσθαι.
3362 1849 3474 1908 Τὸν
3514 1851 3578 1907 n

311 1954 426 2013 tur,
457 1960 525 2001 ex
557 1960 625 2001 eo
675 1947 912 2004 maxime
940 1949 1087 2017 quod
1117 1955 1171 2001 et
1211 1948 1463 2005 Christus
1510 1950 1889 2006 circumcisio·
1923 1948 1966 2003 Β
1991 1948 2201 2004 Παῦλον
2229 1946 2501 2010 ἀθετοῦσι,
2535 1946 2623 2001 διὰ
2650 1945 2713 1999 τὸ
2750 1945 2823 2016 μὴ
2849 1939 3134 1997 πείθεσθαι
3169 1943 3237 2012 τῇ
3268 1945 3574 2015 περιτομῇ.

313 2050 437 2091 nem
483 2037 806 2107 susceperit.
857 2038 1012 2105 Quod
1058 2040 1125 2094 ad
1169 2037 1399 2094 Paulum
1443 2041 1696 2111 pertinet,
1744 2042 1890 2096 hunc

314 2129 536 2200 penitus
563 2130 885 2200 explodunt,
919 2142 1204 2202 propterea
1234 2132 1379 2204 quod
1414 2132 1890 2189 circumcisionem

316 2219 607 2282 abdicarit,
649 2228 706 2277 et
731 2223 986 2279 eumdem
1029 2223 1237 2279 idcirco
1266 2224 1543 2293 rejiciunt,
1573 2224 1720 2294 quod
1748 2224 1891 2281 istud

315 2311 682 2379 usurpaverit.
709 2308 1017 2380 Quicunque
1046 2311 1101 2366 in
1136 2311 1242 2380 {eye
1262 2310 1639 2382 justificamini
1666 2326 1700 2364 α
1721 2310 1896 2380 qratia

312 2400 658 2468 excidistis⁸3
702 2409 781 2469 et,
838 2400 901 2457 Si
948 2402 1426 2467 circumcidamini,
1475 2401 1720 2458 Christus
1763 2401 1897 2456 nituit

317 2492 460 2548 nobis
486 2492 720 2562 proderit
734 2494 785 2549 ⁸.

394 2578 479 2636 Vl.
522 2583 605 2638 Ad
648 2583 763 2637 haec
802 2582 1101 2643 cerinthus
1140 2584 1307 2642 bomo
1345 2585 1599 2650 stolidus.
1639 2598 1706 2639 ac
1743 2581 1899 2640 stoli-

317 2670 514 2728 dorum
559 2674 843 2745 magister,
866 2675 1050 2732 dicere
1094 2675 1229 2732 nihil
1278 2684 1366 2733 est
1401 2677 1633 2743 veritus,
1672 2690 1896 2746 passum

319 2762 539 2835 quidem
582 2777 648 2818 ac
679 2764 1003 2821 crucillxum
1043 2782 1167 2824 esse
1200 2767 1502 2835 Christum,
1542 2767 1785 2825 nondum
1818 2775 1900 2823 ta-

318 2866 444 2907 men
489 2866 521 2906 a
570 2855 806 2911 mortuis
851 2856 1175 2923 excitatum,
1224 2872 1290 2912 ac
1345 2864 1462 2913 tum
1510 2858 1730 2913 demum
1773 2871 1898 2913 cun

300 2941 526 2999 ,mortui
562 2950 848 3014 resurgent
882 2959 1074 3002 omnes
1102 2946 1477 3002 excitandum.
1513 2947 1702 3017 ltaque
1750 2949 1901 3015 ejus·

323 3034 470 3090 modi
500 3034 719 3089 illorum
757 3043 812 3092 et
846 3036 933 3091 di
905 3045 1012 3102 e,ta
1040 3043 1096 3092 et
1137 3037 1395 3107 dogmata
1437 3038 1714 3094 eobaerere
1745 3037 1901 3092 nullo

322 3125 486 3180 modo
513 3133 768 3196 possunt.
808 3127 1160 3199 indidemque
1183 3127 1393 3185 Paulus
1422 3128 1506 3185 sic
1552 3145 1649 3185 eos
1685 3129 1778 3200 qui
1815 3144 1904 3185 re·

323 3224 673 3270 surrecturos
699 3224 947 3272 mortuos
974 3215 1280 3273 diffiderent
1306 3216 1598 3287 redarguit.
1624 3216 1686 3275 Si
1707 3219 1903 3273 mortui

2006 2041 2166 2095 Ἀλλὰ
2187 2043 2282 2095 καὶ
2304 2039 2649 2095 ὲκὸάλλουσιν
2670 2037 2854 2100 αὐτὸν,
2883 2033 3048 2089 διὰτὸ
3065 2033 3369 2105 εἰρηκέναι·
3399 2034 3578 2090 Ὅσοι

1993 2133 2063 2186 ἐν
2085 2132 2247 2201 νόμῳ
2270 2130 2633 2192 δικαιοῦσθε,
2664 2126 2775 2196 τῆς
2801 2126 3043 2197 χάριτος
3075 2123 3432 2191 ἐξεπέσατε·
3475 2126 3580 2180 καὶ

1994 2222 2098 2285 ὅτι,
2163 2221 2305 2274 Ἐὰν
2359 2217 2812 2291 περιτέμνησθε,
2866 2215 3123 2285 Χριστὸς
3175 2212 3335 2287 ὑμᾶς
3391 2214 3588 2272 οὐδὲν·

1995 2312 2316 2383 ὠφελήσει.

2069 2584 2144 2638 Ζ’.
2178 2573 2346 2644 Οὗτος
2372 2578 2429 2634 δὲ
2454 2579 2483 2633 ό
2504 2575 2774 2650 Κήρινθος
2808 2574 3036 2644 ἀνόητος
3057 2573 3155 2628 καὶ
3176 2573 3595 2644 ἀνοήτωνδιδό-

2002 2671 2199 2736 σκαλος
2227 2672 2425 2742 φάσκει
2455 2667 2617 2722 πάλιν
2642 2665 2943 2738 τολμήσας.
2982 2665 3220 2738 Χριστὸν
3249 2664 3585 2721 πεπονθέναι

2000 2765 2096 2820 καὶ
2123 2761 2523 2835 ἐσταυρῶσθαι,
2569 2760 2738 2831 μήπω
2769 2758 2827 2811 δὲ
2867 2755 3186 2830 ὲγηγὲρθαι.
3237 2754 3468 2809 Mutant
3509 2755 3573 2808 δὲ

2000 2852 2343 2919 ἀνίστασθαι,
2374 2855 2502 2909 ὅταν
2532 2855 2565 2924 ή
2592 2850 2820 2905 καθόλου
2857 2847 3078 2920 γένηται
3105 2843 3303 2915 νεκρῶν
3322 2842 3562 2897 ἀνάστα-

2003 2964 2110 3011 σις.
2165 2945 2470 3000 Ἀσύστατα
2512 2944 2690 2997 τοίνυν
2732 2941 2911 2996 ταῦτα
2951 2939 3076 3012 παρ’
3122 2936 3346 2999 ὶκείνοις
3385 2932 3463 2988 τό.
3501 2950 3572 2989 τε

2003 3039 2225 3110 ῥήματα
2256 3038 2353 3092 καὶ
2383 3036 2649 3108 νοήματα.
2685 3033 2849 3088 Ὅθεν
2880 3033 2976 3086 καὶ
2995 3033 3026 3086 ό
3050 3028 3258 3094 Παῦλος
3284 3024 3585 3107 11¹1ssth

2007 3142 2168 3197 μενος
2188 3127 2303 3191 τοϊς
2334 3126 2433 3197 μὲν
2459 3122 2752 3178 ἀπιστοῦσι
2781 3126 2849 3195 τῇ
2893 3120 3184 3177 ἀναστάσει
3220 3116 3329 3174 τῶν
3361 3115 3585 3188 γηρῶν

2003 3220 2070 3290 τῇ
2112 3216 2378 3289 μελλούσῃ
2406 3216 2644 3280 ἔσεσθαι,
2669 3214 2836 3284 λέγει·
2878 3215 2944 3269 Et
2964 3210 3160 3280 νεκροί
3178 3210 3289 3265 οὐκ
3307 3207 3570 3281 ἑταίρω·-

323 3320 427 3358 non
462 3314 761 3375 resurqunt,
805 3322 967 3377 neque
1001 3305 1245 3364 Christus
1288 3310 1576 3363 resurrexit
1594 3309 1639 3365 ⁸.
1670 3308 1903 3365 Eodem-
1930 3295 1974 3353 (ἶ
2006 3327 2122 3376 ται,
2144 3306 2286 3364 οὐδὲ
2308 3306 2563 3378 Χριστὸς
2588 3305 2918 3376 ἐγήγερται·
2947 3305 3040 3359 καὶ
3065 3301 3147 3366 τὸ,
3169 3299 3460 3371 §dms-r
3482 3309 3593 3354 καὶ

324 3411 432 3467 que
468 3398 702 3466 pertinet
747 3397 880 3453 illud
909 3418 924 3454 ι
963 3397 1200 3454 Ειίαηιιιιι
1226 3408 1276 3455 et
1309 3400 1569 3468 bibamus,
1603 3417 1725 3457 eras
1766 3401 1906 3456 enirn

324 3487 669 3544 moriemur⁷.
711 3488 871 3561 114
897 3489 1035 3544 Tum
1072 3490 1219 3547 istud
1250 3509 1267 3547 ι
1307 3489 1491 3547 Nolite
1527 3508 1749 3548 errare:
1773 3491 1909 3549 Cor-

325 3587 573 3649 rumpunt
606 3579 767 3634 ὺοιιοι
814 3597 984 3636 mores
1022 3582 1286 3653 colloquia
1306 3597 1471 3651 prava
1488 3584 1534 3638 ⁸.
1578 3584 1658 3638 Ac
1688 3599 1908 3641 rursum

325 3686 452 3738 eos,
498 3672 591 3741 qui
637 3671 916 3728 Christum
965 3673 1147 3729 adhuc
1198 3675 1568 3731 resurrexisse
1610 3683 1907 3747 negarent,

323 3761 432 3815 hoc
496 3761 658 3815 modo
705 3762 1025 3817 convincit:
1063 3761 1124 3817 St·
1156 3760 1400 3818 Christus
1442 3781 1545 3818 non
1595 3768 1906 3832 resurrexit,

327 3868 462 3906 vana
503 3861 581 3907 est
622 3853 934 3919 praedicatio
976 3863 1194 3916 nostra:
1222 3855 1400 3909 inanis
1442 3865 1491 3909 et
1527 3857 1655 3924 fides
1699 3868 1908 3913 restra.-

326 3942 620 3997 t'ueent‘mur
649 3951 824 3997 nutem
864 3952 913 3997 et
958 3944 1086 4014 [atsi
1118 3953 1272 3999 testes
1305 3944 1424 4009 Dei,
1463 3947 1714 4015 quoniam
1742 3949 1911 4002 susci·

329 4036 459 4090 tavit
499 4034 786 4100 Christum,
831 4051 984 4105 quem
1014 4052 1118 4090 uon
1147 4037 1479 4093 suscitavit’.
1513 4037 1723 4104 Quibus
1766 4039 1910 4095 iudi·-

326 4134 445 4190 cat,
501 4122 783 4180 Christum
840 4140 872 4180 a
935 4128 1167 4182 mortuis
1216 4129 1513 4182 excitatum
1581 4129 1910 4199 praedicasse

326 4216 549 4286 quidem
596 4196 1208 4290 apostolos,'quasdanr
1245 4232 1375 4272 vero
1412 4217 1650 4273 haereses
1693 4219 1910 4276 tametsi

327 4308 638 4364 surrexisse
696 4308 976 4364 Christum
1030 4316 1382 4375 assererent,
1433 4316 1776 4364 mortuorum
1827 4319 1912 4365 ta«

328 4413 452 4452 rnen
490 4399 948 4456 resurrectionem
993 4413 1244 4470 negasse.
1296 4398 1507 4454 Etenim
1555 4400 1612 4455 in
1655 4401 1757 4457 hac
1794 4402 1910 4472 ipsn

329 4486 552 4557 regione
598 4488 760 4551 Asiae,
795 4503 1009 4544 necnon
1069 4496 1124 4543 et
1171 4488 1224 4542 iu
1258 4484 1470 4543 Galatia
1513 4490 1729 4546 illorum
1763 4491 1914 4560 eJ‘us·

2006 3398 2247 3467 πίωμεν·
2271 3398 2478 3468 αὔριον
2490 3395 2601 3466 γὰρ
2614 3396 3090 3466 ἀποθνήσκομεν·
3105 3392 3202 3447 καὶ
3216 3391 3298 3458 τδ,
3315 3390 3414 3460 Μὴ
3438 3392 3597 3446 κλα-

2006 3489 2217 3547 νᾶσθε·
2239 3491 2588 3560 φθείρουσιν
2607 3487 2722 3557 ἢθη
2752 3489 2986 3558 χρηστὰ
3008 3485 3236 3556 ὁμιλίαι
3251 3480 3454 3538 κακαί·
3478 3479 3593 3538 αἱ·

2006 3582 2167 3639 λινδὲ
2194 3586 2309 3647 τοῖς
2329 3583 2549 3652 λέγουσι
2571 3580 2662 3634 τὸν
2690 3579 2919 3652 Χριστὸν
2957 3579 3188 3649 μηδέπω
3217 3572 3594 3648 tim-(appium

2008 3675 2271 3740 ὡσαύτως
2297 3677 2388 3730 τὸν
2419 3674 2640 3745 ἔλεγχον
2687 3671 2956 3742 ἐπιφέρει,
2989 3669 3185 3739 λέγων·
3233 3672 3301 3724 Et
3335 3665 3596 3739 Χριστύ(

2008 3768 2120 3821 οὐκ
2161 3766 2489 3837 ἐγήγερται,
2522 3764 2779 3835 μάταιον
2813 3762 2880 3818 τὸ
2919 3759 3197 3831 κήρυγμα
3239 3759 3436 3830 ἡμῶν,
3478 3773 3594 3830 μα·-

2010 3857 2146 3913 ταία
2172 3857 2270 3912 καί
2292 3859 2331 3927 ἡ
2355 3857 2559 3923 πίστις
2587 3853 2775 3925 ὑμῶν·
2800 3854 3196 3922 εὑρισκόμεθα
3219 3850 3289 3905 δὲ
3322 3850 3423 3904 καὶ
3443 3852 3590 3919 fiev-

2010 3949 2373 4019 δομάρτιφες
2403 3948 2511 4004 τοῦ
2543 3948 2715 4013 Θεοῦ,
2741 3947 2828 4001 ὅτι
2852 3945 3051 4017 ἤγειρε
3075 3944 3182 3999 τὸν
3205 3939 3489 4012 Χριστὸν,
3518 3940 3594 3996 ὃν

2010 4042 2122 4095 οὐκ
2166 4040 2422 4112 ἤγειρεν·
2452 4041 2528 4105 ὡς
2560 4040 2670 4095 τῶν
2723 4040 2824 4111 μὲν
2859 4038 3173 4093 ἀποστόλων
3211 4034 3598 4107 κηρυττόντων

2012 4132 2247 4202 Χριστὸν
2297 4132 2610 4202 ὲγηγέρθαι,
2669 4132 2829 4186 τινῶν
2889 4130 2949 4185 δὲ
3003 4129 3265 4200 αἱρέσεων
3315 4124 3600 4197 λεγουσῶν

2012 4218 2248 4289 Χριστὸν
2290 4221 2386 4291 μὲν
2432 4219 2750 4292 ὲγηγέρθαι,
2788 4221 3017 4292 νεκροὺς
3057 4218 3117 4274 δὲ
3148 4216 3224 4289 μὴ
3255 4214 3597 4287 ἐγείρεσθαι.

2026 4311 2113 4363 Ἐν
2138 4309 2310 4384 ταύτῃ
2334 4310 2440 4381 γὰρ
2468 4315 2533 4384 τῇ
2575 4313 2817 4386 πατρίδι,
2846 4311 2989 4383 φημὶ
3017 4312 3075 4365 δὲ
3125 4312 3300 4382 Ἀσίᾳ,
3329 4308 3473 4364 ἀλλὰ
3500 4308 3599 4369 καὶ

2012 4399 2072 4452 ἐν
2095 4402 2162 4471 τῇ
2194 4400 2431 4473 Γαλατίᾳ
2456 4404 2595 4457 πάνυ
2619 4403 2837 4474 ήκμασε
2869 4404 2931 4457 τὸ
2963 4401 3169 4456 τούτων
3196 4401 3595 4467 διδασκαλεῖον,

2015 4492 2073 4544 ὲν
2092 4487 2175 4555 οἷς
2197 4490 2291 4546 καί
2313 4509 2366 4546 τι
2397 4493 2747 4563 παραδόσεως
2772 4497 3005 4567 πρᾶγμα
3029 4488 3193 4564 ἦλθεν
3213 4494 3295 4557 είς
3317 4494 3496 4565 ἡμᾶς·
3518 4491 3597 4556 ὡς

330 4577 477 4633 modi
524 4578 711 4634 sehola
767 4581 1090 4649 cumprimis
1133 4595 1199 4635 ac
1239 4580 1528 4652 disciplina
1589 4580 1791 4639 floruit.
1835 4583 1912 4640 De
1944 4622 1992 4682 ο
2014 4583 2174 4637 τινῶν
2205 4584 2304 4656 μὲν
2325 4588 2454 4656 παρ’
2476 4587 2658 4652 αὐτοῖς
2683 4587 3102 4660 προφθανόντων
3122 4584 3442 4655 τελευτῆσαι
3461 4585 3596 4639 ἄνευ

329 4684 440 4739 quo
485 4669 633 4727 istud
679 4685 710 4725 a
761 4671 1066 4742 majoribus
1095 4671 1358 4728 traditum
1402 4674 1736 4745 accepimus,
1774 4689 1909 4731 non·
2019 4673 2412 4746 βαπτίσματος,
2446 4676 2641 4742 ἄλλους
2670 4677 2728 4732 δὲ
2756 4679 2871 4734 ἀντ’
2903 4677 3087 4733 αὐτῶν
3125 4678 3205 4741 είς
3240 4675 3414 4746 ὄνομα
3451 4673 3597 4729 ὲκεί-

332 4761 512 4817 uullos
536 4779 603 4818 ex
631 4777 699 4818 eo
726 4778 923 4836 genere
953 4763 1090 4819 citra
1122 4764 1456 4834 baptismum
1489 4765 1821 4833 excessisse,
1844 4780 1910 4821 ac
2017 4783 2123 4819 νων
2149 4766 2523 4837 βαπτίζεσθαι,
2553 4770 2692 4843 ὑπὲρ
2724 4771 2819 4824 τοῦ
2857 4769 2932 4843 μὴ
2964 4772 3022 4824 ὲν
3045 4772 3113 4841 τῇ
3143 4767 3439 4823 ἀναστάσει
3464 4766 3598 4821 ἁνα-

329 4869 431 4925 pro
460 4855 527 4911 iis
559 4855 698 4912 alios
740 4855 1071 4928 baptismum
1108 4855 1427 4912 eorumdem
1463 4856 1772 4925 suscepisse
1817 4872 1912 4912 no·
2018 4858 2247 4922 στάντας
2276 4859 2474 4924 αὐτοὺς
2497 4859 2651 4933 δίκην
2678 4860 2863 4916 δοῦναι
2889 4861 3176 4934 τιμωρίας,
3208 4858 3495 4930 βάπτισμα
3519 4859 3595 4932 μὴ

332 4938 501 5012 mine,
539 4962 607 5002 ne
635 4962 759 5002 cum
801 4957 1043 5003 extrema
1073 4947 1289 5003 demum
1320 4947 1721 5004 resurrectione
1749 4964 1909 5004 revo-
2016 4947 2326 5022 εἰληφότας,
2349 4950 2606 5020 ’γίνεσθαι
2651 4952 2710 5006 δὲ
2758 4953 3102 5026 ὑποχειρίους
3133 4952 3233 5023 τῆς
3263 4949 3359 5005 τοῦ
3387 4968 3597 5022 κοσμο-·

332 5039 441 5092 cati
469 5039 537 5094 ad
570 5038 734 5093 vitam
782 5047 989 5104 essent,
1030 5038 1384 5109 praetermissi
1427 5038 1682 5109 baptismi
1721 5054 1913 5110 poenas
2014 5040 2168 5096 ποιοῦ
2198 5041 2464 5110 ἐξουσίας.
2499 5043 2610 5097 Καὶ
2629 5043 2820 5099 τούτου
2850 5045 3012 5099 ἕνεκα
3039 5046 3072 5116 ή
3102 5044 3398 5116 παράδοσις
3418 5042 3534 5113 (st)
3557 5043 3595 5113 ἡ

333 5125 723 5196 dependerent,
751 5136 914 5199 atque
944 5127 1064 5197 ejus
1093 5129 1187 5198 qui
1232 5128 1495 5185 mundum
1526 5130 1774 5186 condidit
1810 5129 1914 5184 do·
2013 5131 2243 5187 ἐλθοῦσα
2281 5135 2363 5198 εἰς
2401 5134 2550 5204 ἡμᾶς
2577 5151 2710 5207 φησι
2738 5136 2832 5191 τὸν
2863 5137 3026 5190 αὐτὸν
3064 5136 3220 5205 ἅγιον
3267 5134 3598 5190 ’Amorem

333 5220 618 5276 minutioni
668 5221 979 5277 subessent.
1024 5219 1194 5291 Cujus
1236 5221 1314 5275 rei
1371 5221 1543 5292 gratia
1590 5231 1911 5293 usurpatum
2014 5223 2313 5295 εἰρηκέναι·
2353 5227 2424 5280 Et
2451 5226 2608 5294 ὅλως
2636 5227 2837 5297 νεκροὶ
2873 5231 2988 5284 οὐκ
3017 5227 3367 5299 ἐγείρονται,
3401 5227 3463 5282 τί
3490 5227 3598 5283 καὶ

332 5310 471 5365 illud
501 5312 572 5366 ab
605 5314 867 5382 Apostolo
892 5311 1081 5368 eadem
1105 5313 1174 5368 ad
1197 5328 1298 5368 nos
1326 5314 1603 5369 auditione
1638 5316 1904 5383 perlatum
2007 5313 2396 5378 βαπτίζονται
2422 5317 2574 5386 ὑπὲρ
2592 5318 2789 5373 αὐτῶν
2804 5337 2824 5387 ,-
2852 5318 3049 5383 Καλῶς
3074 5319 3133 5373 δὲ
3163 5319 3313 5375 ἄλλοι
3336 5320 3400 5374 τὸ
3428 5321 3598 5392 ῥητὸν

329 5409 462 5457 est.
448 5421 461 5433 ·
497 5399 558 5456 St*
590 5405 803 5459 οιιιιιίιιο
831 5406 1029 5460 mortui
1056 5421 1160 5460 non
1188 5415 1487 5475 resur-quite,
1516 5404 1642 5474 quid
1669 5403 1908 5478 estquod
2017 5407 2432 5481 ἑρμηνεύοντες,
2466 5413 2629 5480 φασὶν
2661 5413 2743 5467 ὅτι
2787 5414 2840 5468 ol
2870 5411 3158 5483 μέλλοντες
3187 5411 3467 5484 τελευτᾷν,
3497 5416 3595 5470 ἐὰν

326 5548 336 5558 ”
406 5559 571 5617 ¹Act
608 5578 696 5630 xv
732 5563 784 5618 1
858 5563 1111 5619 ‘ll(or.
1147 5579 1221 5630 xl,
1254 5564 1309 5621 3.
1385 5563 1623 5622 ’Μ-ιῑιίι.
1658 5582 1710 5630 ιι,
1743 5565 1835 5619 23.
1913 5565 2133 5623 ‘Gaias
2170 5588 2221 5635 v,
2251 5570 2301 5626 ί.
2377 5570 2554 5628 'ibid.
2586 5572 2642 5628 2.

2721 5570 2790 5625 ⁶1
2820 5572 2949 5630 Cor.
2977 5589 3069 5636 xv,
3111 5570 3199 5628 16.
3284 5574 3306 5606 '
3330 5572 3466 5628 ihid.
3498 5571 3589 5627 32

334 5630 515 5688 ‘ibi‹l.
546 5633 636 5688 53.
712 5633 879 5690 ’ibid
935 5634 1144 5701 ’.1,15.

410 5786 523 5857 (ot)
560 5787 670 5844 Καὶ
723 5788 938 5844 τούτου
978 5788 1160 5843 ἕνεκα
1200 5791 1237 5857 ή
1291 5790 1642 5862 παράδοσις.
1695 5789 1904 5847 Tertul.

2016 5789 2141 5845 stoli
2177 5792 2354 5847 locum
2396 5789 2547 5847 illum
2580 5788 2815 5861 explicat
2836 5789 2933 5846 :de
2963 5804 3073 5861 quo
3097 5788 3433 5860 interpretes
3453 5798 3601 5844 con-

339 5857 435 5916 lib.
473 5858 547 5912 De
583 5875 752 5914 resur.
785 5868 838 5914 ct
867 5876 894 5912 ι
925 5870 1091 5915 contr.
1110 5859 1254 5917 Mar.
1281 5863 1346 5918 ad
1363 5878 1485 5919 eum
1513 5880 1579 5917 ιιι
1567 5860 1731 5916 ’du-n
1761 5861 1905 5930 Apo-

2020 5861 2158 5916 sule.
