3850 6517
379 490 514 574 ui
1427 514 1489 573 s.
1531 503 1876 573 zripnami
1916 517 2097 573 Act-A
2139 514 2619 574 sectantium
3556 513 3661 571 ua

409 647 535 690 cum
566 644 757 688 sorore
792 638 956 700 atque
988 637 1185 701 nepote
1223 629 1383 686 iidem
1438 632 1781 700 susciperent
1817 631 1983 687 Cin-i-
2012 639 2057 693 Α
2088 641 2239 687 retur
2254 633 2323 688 ad
2339 631 2566 687 l'unilum
2584 645 2709 688 enm
2727 627 3664 707 s'bivindicandum.Ad‹litimpera-

409 725 640 781 stianam
687 743 700 779 :
743 723 888 794 quod
936 731 992 779 et
1042 721 1294 787 fecerint,
1359 724 1618 794 baptizati
1671 741 1865 780 omnes
1914 726 1983 779 ab
2089 725 2278 779 tricem
2312 724 2581 782 obtulisse
2618 724 2795 781 viduae
2838 723 3074 795 pretium
3123 721 3309 788 illius,
3354 719 3503 791 quod
3528 735 3665 776 sane

407 816 742 887 Epiphanio,
799 815 1232 886 suscipientibus
1278 833 1298 868 ι
1361 816 1659 872 Arcadium
1720 815 1945 889 Polybio
1968 857 1984 885 ,
2087 825 2147 871 ut
2181 817 2273 871 illa
2321 826 2628 886 acceptaret
2652 827 2748 872 aut
2775 816 3015 872 oblatum
3056 814 3186 872 alibi
3216 813 3503 885 praedium,
3535 828 3663 868 con-

411 909 712 965 llonorium
765 907 976 972 isaaco,
1030 927 1050 961 ›
1104 924 1295 965 eorum
1343 928 1362 961 ι
1422 925 1667 966 sororem
1720 908 1983 966 Proclisia.
2087 908 2297 964 sultius
2340 907 2540 964 luisset
2583 907 2822 966 suadere
2863 910 3027 974 laexae,
3085 922 3252 978 quam
3303 920 3403 976 pro
3442 919 3662 961 summo

405 998 663 1062 Patricia,
701 1007 756 1056 et
793 999 966 1054 filium
1008 999 1174 1072 hujus
1208 1000 1446 1070 quodam
1496 1000 1771 1066 eunucho,
1816 1022 1836 1053 ι
1873 1018 1983 1057 non
2082 1001 2211 1073 iure
2238 1009 2423 1058 tantas
2455 1001 2647 1057 turbas
2688 1014 2933 1065 movere,
2975 1006 3213 1070 quantas
3248 996 3515 1066 consequi
3562 1012 3661 1052 ne-

405 1091 524 1147 sine
549 1090 831 1161 prodigiis.
860 1091 927 1147 Et
947 1092 1062 1149 liaec
1094 1092 1313 1162 quidem
1354 1093 1537 1149 omnia
1565 1093 1778 1150 vivente
1804 1095 1987 1150 adhuc

408 1182 722 1240 Theodosio
755 1182 986 1240 Seniore
1013 1184 1286 1257 Augusto,
1326 1194 1490 1256 atque
1542 1184 1680 1241 adeo
1724 1195 1849 1242 ante
1882 1201 1982 1241 an-

407 1289 540 1330 num
564 1273 689 1341 395,
722 1290 833 1345 quo
863 1275 952 1331 hic
986 1290 1017 1331 e
1039 1275 1151 1332 vita
1180 1277 1452 1348 migravit.

479 1364 569 1421 53.
601 1364 776 1421 Roma
811 1367 866 1421 in
899 1366 1136 1439 Cyprum
1169 1383 1442 1436 reversus,
1482 1378 1541 1425 ut
1584 1369 1826 1441 lingitur,
1859 1367 1985 1440 Epi·

405 1460 646 1532 phanius
689 1476 797 1516 non
851 1461 1165 1517 diuturnam
1211 1462 1283 1518 ibi
1333 1463 1574 1533 quietem
1629 1463 1841 1528 habuit,
1891 1463 1986 1518 sed

406 1562 696 1622 postquam
730 1550 860 1607 lami
901 1552 1154 1622 publicae,
1192 1553 1458 1622 coemptis
1491 1551 1832 1610 Faustiniani
1868 1552 1985 1608 sru-

405 1646 566 1716 gibus
593 1645 886 1714 prudenter
913 1647 1309 1713 consuluisset,
1339 1659 1394 1703 et
1425 1648 1652 1705 insidias
1667 1648 1792 1704 vitm
1817 1663 1931 1704 suae
1953 1663 1984 1703 a

408 1734 608 1791 Rufino
647 1737 882 1794 diacono
908 1753 1032 1798 suo.
1070 1755 1138 1794 ex
1187 1740 1429 1811 ejusdem
1476 1741 1818 1799 Faustiniani
1848 1758 1985 1814 sug·

405 1824 672 1896 gestione.
705 1837 925 1898 paratas
947 1827 1132 1884 divina
1163 1831 1503 1900 praenotione
1532 1832 1833 1898 evasisset,
1861 1820 1992 1890 evoss

407 1927 562 1974 catur
603 1919 1162 1990 Constantinopolim,
1207 1923 1275 1977 ad
1313 1924 1632 1993 praedictum
1686 1925 1981 1995 imperato-

405 2025 520 2065 rem
559 2000 960 2077 T‘lieodosium3
993 2028 1155 2084 quem
1183 2014 1412 2085 pedibus
1446 2015 1785 2073 laborantem
1819 2033 1985 2073 sana-
2018 1987 2060 2042 B

406 2108 565 2164 verit,
596 2099 838 2156 laetitiam
876 2100 1084 2158 iaciens
1107 2119 1215 2160 non
1250 2113 1458 2159 tantum
1487 2106 1614 2177 ipsi,
1650 2105 1746 2162 sed
1769 2114 1824 2161 et
1857 2107 1984 2164 [iliis

405 2191 643 2248 Arcadio
691 2203 859 2264 atque
910 2191 1173 2263 Honorio,
1219 2212 1316 2266 per
1366 2196 1587 2254 eosdem
1638 2197 1756 2253 dies
1810 2197 1984 2254 Roma

403 2285 933 2357 Constantinopolim
967 2288 1220 2344 reversis.
1241 2287 1401 2346 Prius
1430 2298 1612 2347 autem
1634 2306 1799 2363 quam
1828 2291 1988 2348 abiis

404 2377 710 2433 discederet
749 2385 996 2444 sanctus,
1049 2377 1440 2437 Faustinianus
1488 2381 1680 2437 eodem
1717 2381 2013 2439 adductus‘

406 2468 462 2523 in
497 2468 731 2525 vinculis
758 2469 901 2525 male
937 2469 1141 2527 dicitur
1171 2472 1431 2544 periisse3
1479 2471 1822 2545 rediisseque
1859 2472 1987 2544 Epi·

406 2559 648 2628 phanias
679 2560 734 2616 in
764 2560 1012 2634 Cyprum
1037 2578 1164 2621 cum
1189 2564 1486 2630 mandatis,
1531 2571 1591 2620 ut
1642 2578 1987 2636 quaecunque

406 2648 558 2706 illius
580 2647 799 2706 fuerant
828 2651 1088 2709 retineret
1107 2652 1197 2724 pia
1227 2669 1365 2710 uxor
1389 2668 1515 2724 quae
1541 2654 1729 2711 omnia
1758 2654 1824 2711 ad
1852 2671 1989 2713 usus

405 2737 652 2796 eeclesiae
709 2739 1049 2813 consignarit
1091 2742 1348 2800 ordinata
1406 2744 1737 2802 diaconissa.
1780 2743 1990 2804 Deinde

404 2830 625 2886 Aetium
683 2831 1196 2890 Valentinianorum
1239 2835 1557 2907 episcopum
1603 2836 1990 2895 obmutescere

407 2919 624 2989 fecerim
662 2923 758 2979 sed
802 2933 858 2980 et
891 2934 1083 2982 contra
1129 2925 1380 2998 ophitas,
1418 2927 1783 2998 sabellianos,
1819 2929 1985 2988 Nico·

407 3011 594 3081 laitas,
645 3013 1016 3086 simonianos,
1064 3017 1530 3090 Carpocratianoa
1568 3021 1883 3086 haereticos,
1927 3021 1986 3078 in

406 3103 587 3177 Cypro
622 3105 960 3176 nidulautes,
991 3109 1320 3182 rescriptum
1350 3110 1649 3170 Theodosii
1690 3114 1983 3189 acceperit,

301 3213 309 3221 ·
354 3235 358 3243 ,
407 3205 471 3253 ut
502 3197 834 3268 pellerentur
865 3199 934 3256 ab
961 3200 1164 3258 insula.
1194 3203 1440 3270 Quorum
1464 3219 1634 3275 quam
1657 3220 1804 3278 aegre
1822 3205 1989 3278 quid-

2088 1109 2245 1151 cesse
2275 1100 2415 1160 erat,
2448 1093 2495 1149 si
2525 1108 2623 1164 per
2671 1090 3255 1150 excommunicationis
3294 1088 3534 1158 rigorem
3565 1102 3654 1142 ex·

2086 1184 2401 1242 cluderetur
2428 1184 2499 1239 ab
2526 1182 2763 1239 ecclesia
2800 1180 3144 1252 imperatrix.
3189 1177 3377 1249 ltaque
3402 1175 3665 1233 existimo

2088 1291 2267 1348 neque
2296 1275 2407 1331 tale
2435 1272 2736 1345 quidquam
2764 1271 2834 1328 ab
2870 1271 2974 1328 hac
3021 1269 3288 1331 oblatum,
3337 1274 3659 1336 praetextum

2086 1359 2271 1425 autem
2298 1365 2449 1423 illius
2466 1366 2582 1437 agri
2606 1363 2914 1436 usurpandi
2941 1362 3110 1419 alium
3139 1375 3247 1415 non
3276 1358 3465 1426 luisse,
3492 1371 3659 1427 quam

2089 1460 2239 1531 quod
2267 1469 2519 1515 mortuus
2545 1467 2690 1514 esset
2712 1457 2767 1512 in
2799 1455 2997 1512 exsilio
3022 1454 3197 1509 viduae
3215 1450 3336 1522 ejus
3348 1448 3583 1504 maritus
3612 1458 3666 1504 et

2086 1553 2231 1609 bona
2272 1554 2404 1608 olim
2458 1553 2591 1608 lisco
2658 1549 2892 1608 addicta.
2929 1546 3119 1618 Neque
3166 1559 3256 1601 me
3291 1551 3473 1598 movet
3515 1541 3663 1612 quod

2085 1645 2336 1702 eamdem
2372 1660 2486 1701 rem
2517 1644 2573 1700 in
2604 1643 2860 1710 encomio
2900 1635 3281 1712 chrysostomi
3326 1640 3513 1688 narret
3558 1630 3667 1684 Leo

2088 1742 2426 1812 imperator;
2462 1742 2687 1808 apparet
2720 1734 2865 1791 enim
2895 1747 3020 1789 eum
3056 1728 3364 1789 inhaesisse,
3404 1723 3525 1781 sine
3554 1721 3667 1778 ullo

2086 1832 2358 1897 examine,
2394 1829 2523 1886 huic
2551 1837 2661 1883 tam
2696 1832 3028 1898 portentosae
3071 1821 3207 1877 Vitoe
3245 1817 3305 1875 S.
3353 1814 3666 1888 Epipemii.

2162 1922 2251 1978 55.
2290 1919 2425 1976 Utut
2457 1920 2549 1986 sit,
2585 1916 2808 1991 fingitur
2844 1932 2912 1973 eo
2963 1928 3139 1986 usque
3172 1913 3309 1969 irata
3343 1909 3669 1980 imperatrix

2088 2024 2149 2072 at
2187 2012 2501 2086 deJoanne
2525 2011 2847 2083 deponendo
2885 2008 3115 2078 coeperit
3156 2005 3365 2079 agitare
3408 2000 3665 2061 consilia.

2086 2107 2210 2176 Quo
2272 2107 2496 2178 cognito
2549 2102 2891 2174 Theophilus
2949 2098 3292 2172 persuaserit
3354 2096 3668 2168 Epiphanio

2087 2197 2349 2268 navigare
2408 2193 2968 2264 Constantinopolim.
3026 2189 3139 2247 flue
3203 2191 3494 2262 appulsum
3541 2205 3668 2246 cum

2085 2289 2314 2362 Polybio
2342 2296 2397 2344 et
2429 2286 2617 2344 isaaco
2652 2285 2825 2359 (nulla
2854 2283 2995 2340 sacta
3028 2283 3308 2338 mentione
3337 2282 3666 2353 Crispionis,

2089 2382 2157 2439 de
2172 2397 2282 2453 quo
2305 2379 2454 2454 mox)
2479 2378 2858 2436 sollicitaverit
2879 2375 3222 2448 imperatrix,
3252 2374 3389 2430 utin
3416 2372 3666 2435 loannis,

2088 2485 2350 2549 tanquam
2396 2473 2796 2547 perturbatoris
2843 2480 2901 2530 et
2950 2470 3216 2538 haeretici,
3267 2468 3663 2540 depositionem

2087 2564 2463 2633 consentiens,
2490 2564 2735 2637 seipsum
2764 2564 2820 2621 in
2844 2562 2967 2636 ejus
3001 2561 3187 2619 locum
3226 2568 3505 2633 pateretur
3534 2559 3670 2615 sub·

2088 2660 2273 2729 stitui;
2300 2658 2551 2717 molliora
2580 2675 2711 2718 vero
2742 2656 3352 2729 suadentiAEpiphariio
3371 2654 3577 2709 minata
3601 2652 3676 2707 sit

2086 2751 2309 2810 dicens:
2334 2773 2354 2807 ι
2380 2752 2439 2808 Si
2463 2752 2635 2811 fueris
2659 2751 3051 2824 impedimento
3090 2749 3387 2819 quominus
3425 2742 3678 2792 mittatur

2086 2843 2325 2902 loannes
2367 2845 2424 2901 ia
2471 2843 2766 2905 exsilium,
2825 2842 3067 2910 aperiam
3120 2834 3318 2902 templa
3370 2828 3672 2892 idolorum,

2086 2944 2195 2992 etc.
2233 2955 2252 2989 ι
2295 2934 2547 3004 Cumque
2574 2932 2644 2987 ad
2682 2931 2802 2986 haec
2834 2927 3204 3000 ingemiscens
3241 2919 3585 2994 Epiphanius
3612 2934 3675 2975 se

2087 3024 2159 3082 ab
2190 3024 2297 3081 boc
2321 3023 2534 3094 iudicio
2571 3022 2919 3078 innocentem
2952 3021 3375 3088 protestaretur,
3422 3025 3537 3066 noa
3592 3019 3679 3066 ta-

2087 3130 2217 3173 men
2270 3113 2552 3186 effugisse,
2604 3109 2901 3182 quominus
2953 3108 3235 3164 diceretur
3288 3099 3677 3168 consensisse;

2089 3208 2277 3280 itaque
2310 3202 2577 3262 loannem
2611 3211 2835 3273 accepta
2856 3201 3048 3258 charta
3072 3198 3123 3255 ei
3156 3196 3481 3268 scripsisse:
3519 3209 3539 3244 ι
3577 3190 3683 3248 Sa-

409 3306 575 3362 quam
605 3292 780 3363 possit
795 3308 922 3350 cum
954 3294 1184 3352 veritate
1211 3296 1536 3364 consistere,
1582 3297 1782 3370 partim
1811 3299 1987 3372 liquet
2014 3317 2061 3382 c
2088 3300 2248 3372 piens
2266 3295 2558 3369 Epiphani,
2603 3309 2867 3352 assensus
2882 3308 2941 3349 es
2963 3306 3085 3347 meo
3114 3288 3353 3346 exsilio?
3380 3284 3437 3341 lu
3469 3284 3676 3339 throno

409 3399 474 3438 ex
498 3383 682 3451 dictis,
714 3384 916 3455 partim
966 3385 1148 3456 quoad
1193 3385 1536 3443 Sabellianoa
1565 3387 1776 3445 revinci
1810 3396 1989 3460 potest

409 3489 477 3530 ex
498 3471 803 3546 Epiphanio
833 3475 928 3547 qui
959 3475 1154 3534 haeresi
1181 3493 1293 3533 un
1331 3492 1637 3549 agnoscens
1660 3477 1830 3551 hujus
1855 3487 1989 3537 tunc

410 3578 568 3621 novae
592 3565 771 3621 adhuc
802 3575 966 3622 sectae
997 3566 1264 3637 plurimos
1303 3577 1418 3623 tum
1472 3567 1530 3624 in
1566 3567 1985 3640 Mesopotamia,

411 3665 530 3714 tum
566 3656 755 3714 Romae
800 3658 1032 3726 versari,
1068 3675 1180 3715 non
1228 3659 1587 3731 praeteriisset
1631 3657 1892 3734 Cyprum,
1943 3661 1991 3718 si

411 3751 483 3809 ad
516 3766 636 3808 eam
677 3752 923 3823 ipsorum
960 3751 1272 3823 pertigisset
1310 3767 1604 3819 venenum,
1641 3753 1788 3810 sieut
1828 3754 1884 3811 id
1914 3747 1992 3810 'de

412 3847 816 3905 Valentinianis
840 3847 1056 3904 dixerat
1082 3848 1274 3905 hoeresi
1300 3863 1459 3914 xxxt,
1483 3847 1734 3920 Ophitas,
1758 3847 1993 3912 Nicolai-

411 3951 518 4005 tas,
548 3939 921 4004 simonianos,
943 3940 1420 4010 carpocratianos.
1439 3942 1544 3999 sub
1569 3943 1656 4000 his
1677 3943 1993 4000 nominihus

411 4031 595 4088 adhuc
627 4030 968 4104 superfuisse
1013 4033 1218 4089 saeculo
1247 4049 1321 4101 tv,
1349 4043 1584 4091 exeunte
1618 4035 1744 4105 quis
1773 4033 1996 4092 credat?

484 4122 573 4178 st.
605 4120 797 4178 Restat
831 4121 1045 4186 ultima,
1095 4133 1191 4179 aut
1227 4123 1411 4178 verius
1459 4122 1649 4186 unica,
1701 4121 1993 4192 Epiphanii

412 4215 482 4270 ad
532 4214 724 4268 urbem
783 4212 1456 4285 constantinopolitanam
1505 4212 1794 4285 profectio,
1849 4226 1996 4269 anno

414 4305 522 4360 402
542 4305 610 4361 ad
635 4305 800 4362 finem
826 4315 1100 4378 vergente,
1126 4315 1222 4363 aut
1247 4307 1497 4379 sequenti
1515 4307 1628 4379 jam
1655 4305 1817 4362 inito.
1843 4303 1998 4360 Hanc

415 4398 486 4455 ab
528 4413 635 4455 ovo
677 4400 970 4457 exordiens
1011 4399 1287 4460 fabulator
1322 4408 1534 4463 noster,
1588 4398 1768 4469 primo
1808 4403 1998 4453 narrat

417 4488 702 4562 Theophili
735 4491 1025 4547 dissidium
1058 4506 1184 4548 cum
1237 4489 1501 4547 fratribus
1540 4489 1766 4561 Longis,
1818 4488 1997 4545 tribus

415 4581 627 4638 scilicet
664 4580 792 4638 liliis
833 4579 1188 4637 Heracleonis
1235 4564 1564 4652 imperantis
1607 4579 1995 4646 Alexandriae,

2091 3397 2191 3447 tuo
2221 3404 2331 3446 non
2358 3386 2578 3446 sedebis
2619 3385 2894 3457 amplins;
2941 3403 2960 3437 ι
3000 3380 3371 3453 Epiphaniam
3403 3388 3534 3431 vero
3588 3387 3682 3428 re·

2090 3481 2383 3554 scripsisse
2411 3499 2425 3538 :
2457 3498 2477 3533 ι
2513 3479 2737 3537 Athleta
2769 3477 2997 3544 Christi,
3033 3475 3349 3538 verberare,
3381 3481 3435 3526 et
3466 3469 3625 3522 vince
3657 3481 3673 3521 ε
3723 3462 3737 3475 “

2092 3572 2362 3631 inlocum
2413 3580 2620 3637 autem,
2672 3569 2742 3626 ad
2790 3584 2954 3642 quem
3007 3565 3162 3623 suisti
3214 3562 3511 3636 relegatus,
3565 3574 3676 3617 non

2094 3664 2303 3722 venies.
2336 3683 2357 3718 ι
2387 3662 2642 3721 Potuitne
2673 3671 2951 3735 postrema
2979 3661 3097 3717 haec
3138 3673 3239 3731 pro
3268 3655 3442 3720 falsis,
3475 3663 3538 3712 ut
3577 3668 3675 3712 ne-

2093 3756 2341 3814 cessario
2376 3764 2509 3812 sunt
2540 3753 2861 3821 falsissima,
2897 3753 3099 3809 habere
3144 3749 3442 3814 Baronius;
3469 3757 3526 3804 et
3560 3761 3669 3802 non

2094 3847 2283 3905 videre
2343 3847 2685 3919 colloquium
2752 3843 3046 3917 Epiphanii
3108 3857 3234 3898 cum
3296 3839 3672 3910 imperatrice,

2094 3940 2346 4012 eiusdem
2378 3948 2440 3997 ut
2474 3938 2721 3995 auctoris
2766 3938 2850 3994 sic
2891 3945 2947 3993 et
2986 3933 3111 3990 fidei
3152 3931 3315 3988 esse?
3358 3931 3472 3986 Cur
3515 3929 3680 4002 igitur

2102 4032 2287 4103 ipsum
2313 4031 2573 4102 opposuit
2611 4026 2924 4086 auctoritati
2963 4025 3258 4083 Sozomeni
3312 4031 3579 4095 tanquam
3621 4020 3676 4075 in

2096 4121 2342 4177 favorem
2383 4118 2817 4191 origenistarum
2868 4126 3089 4189 propter
3130 4114 3397 4171 «loannem
3441 4128 3676 4184 propen-

2099 4211 2299 4267 sioris?
2329 4209 2642 4282 Utrumque
2684 4225 2818 4267 sane
2853 4209 3017 4265 velim
3066 4208 3351 4279 aequaliter
3388 4207 3656 4279 rejectum

2098 4303 2321 4376 quando
2349 4302 2590 4374 priorem
2614 4299 2879 4356 Eudoxias
2905 4316 3032 4356 cum
3060 4299 3459 4372 chrysostomo
3481 4299 3658 4354 rixam

2099 4413 2226 4469 quae
2263 4394 2560 4452 Theodosii
2596 4393 2841 4466 junioris
2875 4392 3221 4449 nativitatem
3253 4407 3319 4448 ac
3349 4377 3491 4447 sorte
3517 4392 3669 4446 etian

2101 4506 2193 4548 an.
2228 4490 2356 4552 591,
2402 4487 2719 4550 antecessit,
2766 4492 2988 4542 constat
3052 4483 3227 4541 fuisse
3266 4481 3634 4553 compositam
3667 4497 3680 4537 t

2099 4592 2158 4641 et
2223 4581 2561 4654 posteriores
2615 4577 2871 4650 querelas
2925 4577 3164 4649 primum
3218 4590 3341 4633 esse
3390 4572 3678 4636 subortas,

416 4675 566 4747 quod
591 4675 720 4732 alibi
749 4690 859 4731 non
911 4674 1138 4747 legitur;
1189 4686 1244 4731 et
1284 4690 1476 4732 eorum
1530 4689 1699 4730 causa
1746 4682 1998 4730 exortam
2035 4666 2078 4722 ὓ
2101 4674 2320 4748 qnando
2352 4691 2371 4724 ι
2408 4672 2658 4743 digresso
2690 4670 2759 4726 ab
2788 4670 2924 4726 urbe
2954 4668 3284 4741 Epiphanio,
3334 4666 3577 4724 «loannes
3631 4667 3682 4719 in

418 4768 561 4822 inter
605 4763 968 4837 Theophilum
1021 4775 1077 4822 et
1131 4766 1397 4822 loannem
1444 4765 1816 4833 discordiam;
1879 4774 1995 4821 tum

419 4861 637 4932 longam
667 4859 735 4916 de
761 4874 894 4930 agro
919 4858 1119 4926 viduae,
1146 4874 1240 4930 per
1276 4857 1578 4915 Eudoxiam
1610 4866 1876 4930 usurpato
1900 4872 2000 4929 per

417 4952 872 5024 chrysostomum
943 4951 1096 5008 reddi
1161 4950 1353 5023 jusso,
1424 4950 1744 5007 relationem
1821 4950 1996 5015 texit;

419 5059 585 5113 quam
609 5058 794 5100 veram
829 5042 886 5098 in
916 5041 1227 5099 substantia
1254 5058 1378 5100 esse
1413 5042 1666 5099 dubitare
1703 5057 1814 5098 non
1866 5041 2001 5099 sinit

420 5134 638 5192 Marcus
665 5135 955 5202 diaeonus,
1004 5134 1063 5191 ln
1120 5132 1245 5189 Vite
1279 5133 1344 5191 S.
1394 5133 1688 5207 Porphyrii
1742 5133 1999 5191 Guzemia

417 5225 492 5283 26
521 5225 682 5283 Febr.
726 5243 785 5282 n.
820 5228 910 5295 57,
967 5228 1064 5285 sed
1113 5234 1437 5300 praetextum
1489 5226 1611 5299 ejus
1663 5228 1778 5300 agri
1833 5242 2000 5284 usur·

422 5318 590 5393 pandi
619 5334 741 5376 eum
772 5320 998 5377 adducit
1023 5319 1299 5378 fabulator
1321 5326 1532 5383 noster,
1558 5318 1652 5391 qui
1683 5334 1797 5376 non
1822 5320 2002 5390 possit

421 5427 534 5469 non
562 5426 686 5469 esse
704 5411 777 5469 de
806 5412 1044 5470 falsitate
1069 5420 1393 5486 suspectus;
1420 5411 1568 5485 quod
1593 5411 1804 5469 scilicet
1829 5429 1850 5464 ι
1880 5426 2002 5468 mos

425 5514 512 5562 est
543 5505 971 5575 imperatoribus
991 5514 1048 5562 et
1070 5505 1534 5577 imperatricibus,
1583 5504 1633 5562 si
1672 5505 1756 5561 vel
1804 5505 1997 5576 pedem

422 5599 673 5655 intulerit
700 5598 757 5654 in
785 5605 990 5655 terram
1020 5599 1275 5669 alienam,
1310 5608 1366 5657 et
1397 5601 1446 5657 si
1487 5599 1729 5656 fructum
1773 5613 2003 5670 accepe-

424 5691 500 5745 rit
525 5706 592 5746 ex
609 5691 797 5762 aliquo
820 5704 1015 5747 eorum
1043 5706 1168 5763 quae
1191 5689 1429 5748 fructum
1466 5690 1670 5756 ferunt,
1715 5699 1778 5748 ut
1813 5691 2003 5747 nullus

424 5783 567 5840 alius
611 5783 667 5840 in
709 5800 775 5840 ea
831 5791 1156 5856 potestatem
1206 5783 1405 5840 habeat
1461 5783 1567 5840 nisi
1625 5785 1943 5857 imperator.
1979 5803 1998 5837 ι

424 5876 620 5949 ltaque
648 5877 854 5935 factum
889 5879 988 5945 ait,
1017 5887 1076 5934 ut
1107 5866 1232 5934 cum
1271 5892 1403 5934 casu
1459 5875 1587 5932 illuc
1624 5876 1872 5947 ingressa
1899 5875 2002 5930 im-

496 5973 665 6030 ratrix
697 5973 913 6031 hotrum
937 5972 1042 6030 sibi
1066 5971 1417 6040 resecuisset,
1438 5970 1542 6029 hoc
1567 5970 1688 6042 ipso
1714 5969 1832 6040 cogi
1860 5968 2005 6026 vide·

2098 4767 2335 4826 ecclesia
2364 4765 2532 4822 verba
2572 4763 2803 4829 faciens,
2849 4776 3199 4821 communem
3251 4761 3519 4818 adversus
3555 4776 3681 4815 mu-

2098 4862 2262 4920 lieres
2305 4863 2766 4933 vituperationem
2817 4857 3077 4922 instituit,
3119 4869 3288 4925 quam
3328 4855 3567 4925 populus
3608 4857 3684 4910 ita

2099 4955 2332 5027 accepit,
2379 4953 2539 5026 quasi
2579 4952 2847 5007 adversus
2888 4947 3239 5020 imperatoris
3295 4947 3587 5018 conjugem
3622 4950 3686 5003 li·

2102 5059 2296 5123 gurate
2320 5047 2624 5119 composita
2653 5043 2869 5109 luisset,
2906 5061 2928 5091 ι
2966 5042 3047 5100 uti
3078 5042 3274 5099 scribit
3315 5040 3683 5111 Sozomenus,

2102 5141 2161 5199 in
2192 5142 2300 5199 hoc
2319 5139 2623 5199 conformis
2642 5137 2883 5194 Socrati.
2908 5136 3050 5194 Tum
3079 5136 3295 5193 scilicet
3320 5134 3684 5205 Theophilus.

2101 5235 2196 5306 qui
2234 5233 2386 5291 solus
2427 5231 2608 5289 suerat
2650 5238 2880 5287 vocatus
2911 5229 2971 5286 in
3012 5229 3230 5295 urbem,
3279 5227 3615 5298 judicandus
3652 5244 3685 5284 a

2103 5325 2315 5383 Ioanne
2342 5325 2398 5381 in
2424 5338 2593 5380 causa
2639 5321 3064 5387 monachorum,
3111 5320 3401 5394 agentibus
3447 5317 3685 5378 Joaimis

2102 5417 2318 5475 aemulis
2346 5425 2403 5473 et
2449 5415 2717 5474 suadente
2765 5413 3133 5486 imperatrice,
3190 5419 3357 5483 atque
3406 5413 3683 5484 synodum

2104 5519 2296 5570 contra
2323 5525 2446 5567 eam
2477 5504 2889 5565 convocandam
2925 5513 3207 5577 poscente,
3254 5504 3560 5576 permissus
3601 5513 3684 5560 est

2106 5603 2396 5676 AEgyptios
2426 5602 2715 5674 episcopos
2745 5613 2932 5656 secum
2962 5599 3165 5656 ducere
3199 5613 3216 5650 ε
3249 5597 3343 5669 qni
3377 5595 3432 5651 in
3477 5596 3677 5652 subur·

2105 5694 2197 5752 hio
2227 5692 2591 5750 Chalcedonis
2620 5691 2687 5747 ad
2734 5688 3009 5757 Quercum
3046 5685 3362 5760 congregati
3412 5683 3683 5741 «loannem

2104 5785 2413 5859 depositum
2455 5783 2839 5849 declararunt;
2884 5782 2979 5839 sed
3028 5779 3254 5844 frustra,
3298 5779 3503 5850 populo
3550 5794 3683 5835 eum

2109 5881 2195 5936 vel
2224 5878 2458 5936 invitum
2481 5874 2824 5934 restituente.
2860 5872 2998 5931 Cum
3039 5883 3219 5929 autem
3264 5882 3488 5948 propter
3523 5889 3545 5924 c
3593 5888 3686 5927 ar-

2083 5978 2361 6035 ‘acnteant
2390 5976 2629 6027 statuam
2669 5987 2689 6022 ι
2726 5965 2909 6024 denuo
2933 5979 3161 6022 accensa
3198 5973 3343 6022 esset
3376 5963 3685 6037 indignatio
