3850 6517
1656 325 1703 340 —au
1730 335 1734 339 ⁴

922 369 979 417 4.

314 429 398 498 ῃη
1296 480 1304 489 .
1608 440 1673 496 s,
1720 429 2072 495 Emvumn
2108 435 2295 498 vrrs.
3501 451 3575 508 as

319 558 464 613 Τότε
509 543 604 614 οὖν
656 558 900 624 ἀκούσας
942 546 1216 625 Θεοδόσιος
1268 563 1297 615 ό
1339 561 1621 639 βασιλεὺς,
1676 562 1759 615 ὃτι
1799 561 2129 632 παρεγένετο
2161 562 2475 631 Ἐπιφάνιος
2505 568 2594 620 ἐπὶ
2632 569 2732 638 τῆς
2776 566 2993 640 Ῥώμης
3020 610 3035 634 ,
3065 568 3168 621 ’καὶ
3209 566 3575 637 ἐθεράπευσεν

328 653 432 723 τὴν
483 650 763 723 θυγατέρα
797 652 983 715 αὐτοῦ,
1019 653 1114 706 καὶ
1144 653 1228 706 ὅτι
1261 653 1469 707 καὶτὸν
1497 653 1612 707 υἱὸν
1666 653 1835 724 αὐτῆς
1882 653 2075 724 νεκρὸν
2124 656 2253 711 ὄντα
2301 657 2685 728 ἐζωοποίησεν,
2713 660 2807 713 καὶ
2833 661 2916 714 ὅτι
2955 659 3093 730 μετὰ
3132 657 3334 712 τούτων
3380 656 3577 725 ἐφώτι-

330 758 427 800 σεν
473 738 762 818 Ἀρκάδων
792 743 889 800 καὶ
931 746 1207 819 Ὀνώριον,
1255 749 1427 820 ἐχάρη
1461 747 1639 821 χαράν
1688 746 1949 819 μεγάλην.
1990 747 2082 801 Διὸ
2105 749 2213 803 άπὸ
2246 751 2435 805 τούτου
2464 751 2702 825 ἔγραψεν
2733 752 2880 821 αὐτῷ
2899 753 2975 816 ὡς
3000 752 3187 824 πατρί.
3214 752 3302 816 Ὦς
3324 745 3575 820 οὗνῆμεν

320 830 422 890 ’ἐπὶ
463 839 566 908 τῆς
598 838 1239 906 Κωνσταντινουπόλεως,
1292 841 1654 908 παρεγένοντο
1707 837 1992 909 ’Δρκάδιος
2044 841 2140 894 καὶ
2200 840 2460 915 Ὀνὼριος
2513 843 2620 897 άπὸ
2674 844 2775 914 τῆς
2833 841 3082 915 Ῥώμης,
3127 844 3229 897 ’καὶ
3300 843 3574 917 ἐχάρησαν

325 927 504 998 χαρὰν
526 925 786 999 μεγάλην.

397 1015 528 1070 NH‘.
594 1019 848 1086 Ἄγουσιν
898 1017 956 1072 δέ
991 1035 1134 1084 τινες
1166 1021 1306 1075 κατὰ
1335 1013 1587 1076 κ’ἑλευσιν
1614 1020 1901 1100 τοῦρβασι·
1929 1019 1978 1077 Α
2038 1013 2044 1018 ’
2073 1015 2258 1073 Lvnt.
2294 1016 2456 1074 Jussu
2513 1027 2694 1075 autem
2754 1014 3102 1088 imperatoris
3151 1013 3570 1071 Faustinianum

323 1105 464 1170 λέως
493 1106 874 1161 Φαυστινιανδν
898 1100 1008 1163 &vib
1046 1109 1148 1180 τῆς
1180 1110 1473 1181 Κυπρίων,
1529 1113 1638 1166 ἐπὶ
1662 1111 1899 1184 λοιδορίᾳ

328 1195 575 1268 βασιλικῇ
607 1198 1053 1270 κατηγορηθέντα
1080 1200 1172 1253 ἐπὶ
1188 1201 1286 1271 τὴν
1313 1201 1587 1272 βασιλίδα·
1625 1199 1696 1274 ἦν
1719 1203 1776 1257 δέ
1809 1197 1901 1256 οὗ·

322 1301 416 1348 τος
439 1285 846 1358 φρουρούμενος
874 1281 1119 1342 κελεύσει
1153 1290 1249 1343 τοῦ
1293 1290 1577 1361 βασιλέως.
1631 1291 1900 1357 ’Δκούσας

320 1370 416 1430 οὖν
457 1376 633 1458 ταῦτα
667 1369 988 1449 Ἐπιφάνιος
1033 1373 1398 1452 παραγίνεται
1441 1372 1548 1436 ἐπὶο
1572 1378 1664 1436 τὸν
1709 1385 1896 1449 τόπον,

322 1467 451 1521 ἔνθα
466 1463 538 1540 ’ἦν
558 1467 925 1542 κρατούμενος
947 1471 978 1523 ό
999 1471 1404 1537 Φαυστινιανὸς,
1435 1473 1534 1527 καὶ
1553 1469 1707 1528 εἶπεν
1725 1475 1893 1546 αὐτῷ·

323 1559 386 1612 El
418 1558 569 1612 ἐστιν
608 1568 711 1623 σοι,
739 1553 925 1631 φησὶν,
949 1554 1001 1615 ὦ
1023 1550 1234 1625 τέκνον,
1274 1552 1507 1635 λαλῆσαι
1535 1565 1604 1619 δι’
1630 1566 1787 1636 ἡμῶν
1812 1567 1897 1620 λό-

319 1666 417 1719 γον
449 1651 527 1722 τῷ
553 1650 793 1721 βασιλεῖ·
827 1653 922 1706 καὶ
967 1651 1068 1727 ἔσῃ
1120 1654 1492 1727 ἀπολυόμενος
1535 1655 1637 1725 τῆς
1669 1659 1898 1730 συνοχῆς

314 1741 546 1814 ταύτης.
607 1739 774 1797 Εἶπεν
826 1736 882 1798 δὲ
956 1744 1347 1810 Φαυστινιανὸς
1418 1747 1498 1819 τῷ
1559 1748 1861 1820 Ἐπιφανίῳ
1879 1765 1893 1781 ·

322 1834 579 1900 Ἀπελθε,
624 1835 781 1908 φησὶ,
837 1837 1005 1892 πλάνε
1034 1876 1050 1900 .
1110 1839 1207 1892 καὶ
1256 1839 1541 1896 ἀποπλάνα
1575 1839 1771 1912 ἄνδρας
1795 1843 1898 1896 ’ἁν-

309 1923 707 1994 ἀσφαλίστους·
739 1926 834 1981 καὶ
863 1927 991 1991 τοὺς
1015 1927 1210 1997 λόγους
1230 1928 1452 1994 τούτους
1473 1929 1557 2002 ’μὴ
1582 1929 1732 1985 λάλει
1755 1932 1899 1985 Φαυ-

314 2016 594 2088 ’στινιανῷ.
619 2014 822 2082 ’Ἡλθες
853 2018 1088 2075 ἐνταῦθα
1108 2021 1418 2095 ἐπιχαίρειν
1452 2029 1542 2093 μὀι
1563 2015 1742 2091 λόγοις
1761 2039 1776 2054 ·
1801 2022 1898 2078 ἔσο

302 2106 414 2161 ’τοῦ
449 2107 638 2162 λοιποῦ
663 2108 882 2178 φεύγων
902 2111 1002 2183 τὴν
1026 2112 1316 2183 Κυπρίων.
1351 2110 1544 2178 Βάδιζε
1602 2114 1696 2166 ἐπὶ
1722 2098 1895 2166 ιΙῖοινί-

298 2208 443 2270 ’κην,
469 2198 564 2253 καὶ
591 2198 688 2271 ἔσῃ
712 2200 1060 2272 κακοσχολῶν
1077 2201 1455 2267 ἀδιαλείπτως.
1493 2204 1581 2268 Ὦς
1609 2201 1703 2258 οὖν
1723 2203 1898 2258 ταῦτα

316 2284 471 2343 εἶπεν
495 2289 728 2362 ὑόρίζων
756 2291 849 2345 τὸν
866 2285 1190 2361 ’Ἑπιφάνιον
1208 2294 1618 2361 Φαυστινιανὸς,
1653 2295 1892 2367 παρέλα-

2004 1109 2226 1180 qnidam
2244 1109 2524 1165 adducunt
2554 1110 2607 1165 in
2633 1108 2859 1181 regiam,
2887 1117 2946 1163 ut
2974 1107 3235 1178 quiesset
3259 1113 3571 1170 accusatus,

2001 1199 2147 1270 qnod
2182 1198 2561 1254 maledixisset
2584 1198 2926 1268 imperatori.
2960 1194 3125 1252 Jussu
3161 1209 3293 1267 ergo
3331 1195 3568 1263 impera-

2002 1293 2139 1348 toris
2194 1291 2480 1347 tenebatur
2536 1291 2589 1347 in
2638 1290 2905 1346 custodia.
2936 1287 3094 1368 Quod
3144 1301 3268 1342 cum
3310 1286 3571 1342 audiisse!

2001 1381 2362 1452 Epiphanius,
2415 1381 2559 1436 venit
2612 1381 2667 1436 in
2715 1381 2924 1446 locum,
2972 1378 3029 1432 in
3058 1392 3169 1447 quo
3220 1376 3571 1431 detinebatur

1999 1467 2411 1526 Faustinianus.
2441 1470 2594 1525 Dixit
2610 1470 2784 1539 'igitur
2817 1469 3153 1541 Epiphanius
3179 1466 3569 1522 Faustiniano:

2000 1560 2151 1616 Licet
2187 1562 2283 1617 tihi
2334 1577 2431 1632 per
2453 1577 2555 1619 nos
2591 1561 2743 1632 loqui
2780 1560 3130 1630 imperatori,
3162 1567 3220 1614 et
3248 1557 3571 1614 liberaberis

1998 1654 2068 1709 ab
2100 1654 2183 1710 his
2212 1654 2504 1725 angustiis.
2529 1652 2675 1708 Dixit
2703 1660 2884 1708 autem
2906 1651 3305 1707 Faustinianus
3327 1647 3567 1720 Epipha-

1997 1745 2092 1800 nio
2123 1762 2137 1798 ι
2174 1744 2299 1811 Abi,
2343 1745 2523 1814 plane,
2546 1753 2601 1800 et
2635 1744 2885 1801 homines
2936 1743 3182 1798 incautos
3213 1741 3429 1810 decipe,
3473 1753 3573 1795 nec

1999 1834 2114 1890 haec
2162 1833 2331 1889 verba
2362 1834 2583 1904 loquere
2614 1832 2994 1889 Faustiniano.
3028 1830 3236 1886 Venisti
3279 1828 3387 1884 huc
3437 1828 3571 1882 mihi

1991 1926 2182 1982 verbis
2214 1926 2525 1992 insultans;
2561 1924 2749 1995 ‘fugies
2800 1923 2998 1979 deinde
3047 1922 3101 1977 in
3134 1920 3396 1993 Cyprum.
3424 1919 3572 1974 Vade

1999 2018 2129 2073 hinc
2158 2017 2214 2072 in
2245 2016 2591 2073 Phoenlciam
2619 2056 2637 2083 ,
2667 2025 2719 2072 et
2754 2015 2926 2070 malos
2959 2013 3078 2069 dies
3108 2027 3244 2082 ages
3287 2018 3570 2081 perpetuo.

2002 2106 2299 2179 Postquam
2335 2107 2454 2164 haec
2479 2107 2615 2162 dixit
2644 2106 2703 2161 in
2737 2104 3103 2175 Epiphaniam
3132 2101 3321 2158 furens
3353 2100 3570 2157 Fausti-

1987 2197 2213 2262 nianus,
2244 2199 2453 2268 accepit
2480 2212 2567 2252 me
2592 2187 2959 2267 Epiphanius,
2989 2204 3045 2250 et
3076 2194 3276 2249 ivimus
3297 2194 3355 2248 in
3386 2194 3570 2249 aulam

1999 2287 2371 2358 imperatoris,
2400 2296 2460 2343 ut
2490 2301 2671 2358 regem
2710 2285 3031 2356 juberemus
3063 2285 3268 2349 valere,
3291 2285 3571 2340 etin-emus

300 2377 412 2432 ‘sav
441 2395 509 2450 με
547 2380 895 2449 Ἐπιφάνιος·
921 2382 1017 2436 καὶ
1041 2382 1423 2454 ἐπορεύθημεν
1453 2384 1510 2436 ἐν
1538 2384 1615 2454 τῷ
1632 2383 1893 2457 βασιλικῷ
1925 2353 1968 2408 Β
1998 2377 2054 2433 in
2084 2377 2343 2450 Cyprum.
2378 2374 2715 2449 'imperatore
2749 2391 2878 2432 vero
2924 2386 3151 2447 rogante
3179 2374 3569 2446 Epiphaniam,

308 2466 572 2538 ταμιείῳ,
603 2469 751 2533 ὅπως
783 2470 875 2522 ἐπὶ
899 2471 1148 2536 συντάξει
1178 2471 1273 2526 τοῦ
1308 2471 1573 2543 βασιλέως
1619 2474 1884 2528 ἀποπλεύ-

314 2566 512 2627 ’σωμεν
542 2559 599 2611 ἐν
624 2559 941 2630 τῇΚύπρῳ.
971 2561 1078 2614 Τοῦ
1109 2557 1201 2616 οὖν
1235 2557 1498 2633 βασιλέως
1520 2565 1896 2635 παρακαλοῦν-

312 2655 420 2710 ’τος
443 2640 780 2718 Ἓπιφάνιον,
813 2650 1251 2722 ὃπωςδιατρίψει
1276 2654 1487 2725 ἡμέρας
1503 2655 1654 2720 τινὰς
1678 2657 1770 2711 ἐπὶ
1793 2659 1893 2730 τὴν

316 2737 593 2808 βασιλίδα,
625 2739 655 2791 ό
689 2736 1010 2810 Ἐπιφάνιος
1037 2740 1225 2810 ἔλεγεν
1249 2742 1349 2814 τὴν
1375 2744 1549 2800 αίτίαν
1580 2747 1682 2818 τῆς
1730 2749 1892 2820 ἐκδη-

306 2827 468 2897 μίας.
506 2828 623 2882 Καὶ
647 2829 869 2885 ’πάλινὸ
895 2824 1151 2900 βασιλεὺς
1188 2831 1404 2890 ἔπεισεν
1443 2834 1758 2908 Ἐπιφάνιον
1805 2839 1894 2894 διὰ

297 2916 421 2972 ’τῶν
448 2917 639 2988 λόγων.
676 2919 757 2992 Τῇ
796 2916 892 2975 οὗν
941 2921 1111 2976 ἕωθεν
1159 2923 1470 2996 εἰσέρχεταί
1500 2943 1586 2990 τις
1642 2928 1751 2982 τῶν
1793 2930 1891 2995 τὰς

298 3006 633 3079 ’ἀποκρίσεις
674 3009 938 3079 λεγόντων
969 3013 1028 3065 ἐν
1063 3011 1143 3085 τῷ
1174 3013 1442 3087 βασιλικῷ
1499 3019 1752 3090 ταμιείῳ,
1808 3021 1892 3074 ὅτι

296 3099 690 3164 ’Φαυστινιανὸς
708 3101 737 3154 ό
763 3100 1100 3174 Κυπριῶτης
1119 3103 1416 3160 κατέλυσεν
1438 3106 1532 3161 τὸν
1558 3107 1690 3179 βίον.
1709 3104 1894 3164 Ἀκού-

294 3204 408 3254 ’σας
431 3184 495 3245 ’δὲ
512 3192 688 3248 ταῦτα
721 3194 1040 3263 Ἐπιφάνιος
1074 3195 1374 3268 ἐπένθησεν
1425 3199 1519 3252 ἐπὶ
1570 3201 1891 3255 Φαυστινια-

295 3280 424 3336 νοῦ.
459 3282 750 3356 Ἦθέλησεν
769 3279 862 3338 οὖν
893 3286 923 3339 ό
955 3285 1208 3356 βασιλεὺς
1222 3287 1454 3345 -άπαντα
1481 3291 1551 3344 τὰ
1576 3291 1891 3364 ὑπάρχοντα

297 3374 696 3438 Ψαύστινιανοῦ
746 3376 825 3447 τῷ
882 3376 1145 3450 βασιλικῷ
1195 3381 1569 3454 παραπέμψαι
1618 3384 1853 3455 ταμιείῳ
1873 3399 1889 3415 ·

302 3462 549 3536 ’μάλιστα
570 3467 654 3521 ὅτι
685 3466 749 3521 οὐ
780 3467 1350 3542 κατέλειπενσπέρμα
1380 3472 1475 3525 ἐπὶ
1512 3473 1614 3544 τῆς
1637 3467 1760 3545 γῆς.
1797 3470 1890 3528 Et-

298 3564 410 3610 ·πεν
432 3556 489 3612 δὲ
512 3557 830 3628 Ἐπιφάνιος
858 3558 993 3631 πρὸς
1018 3559 1274 3631 βασιλέα·
1296 3563 1462 3633 Ὅρα,
1492 3564 1645 3635 φησὶ,
1678 3564 1888 3629 τέκνον,

1996 2479 2057 2527 ιιι
2085 2470 2293 2541 aliquot
2315 2468 2435 2526 dies
2463 2477 2772 2524 versarelur
2801 2467 2854 2522 in
2878 2468 3047 2538 regia,
3078 2465 3414 2537 Epiphanius
3439 2481 3571 2524 cau-

1996 2574 2114 2614 sam
2170 2574 2271 2615 cur
2332 2557 2601 2628 proficisci
2663 2556 2823 2610 vellet
2871 2555 3107 2611 dicebat.
3157 2556 3230 2610 At
3275 2555 3570 2625 imperator

2000 2662 2192 2704 rursus
2219 2648 2448 2703 retinuit
2483 2647 2868 2717 Epiphaniam.
2900 2645 3057 2701 Mane
3107 2652 3294 2701 autem
3332 2646 3564 2716 ingredi·

1998 2749 2085 2794 tur
2104 2738 2325 2809 quidam
2348 2754 2413 2794 ex
2449 2739 2517 2794 iis
2540 2776 2557 2801 ,
2590 2737 2684 2807 qui
2710 2752 2973 2808 responsa
2998 2735 3264 2801 referunt,
3299 2736 3354 2791 in
3388 2737 3567 2792 aulam

1996 2830 2223 2902 regiam,
2250 2827 2866 2886 dicensFaustinianum
2883 2829 3141 2900 Cyprium
3158 2828 3322 2883 vitam
3341 2828 3565 2886 finiisse.

1993 2921 2131 2977 Cum
2156 2922 2273 2978 haec
2293 2920 2555 2977 audiisset
2577 2919 2942 2992 Epiphanius,
2971 2920 3110 2975 luxit
3133 2918 3566 2975 Faustinianum.

1998 3011 2244 3067 Decrevit
2272 3019 2453 3066 autem
2488 3011 2806 3083 imperator,
2832 3021 2891 3066 ut
2921 3009 3265 3067 deferrentur
3285 3010 3340 3064 in
3366 3009 3564 3065 'liscum

1994 3119 2334 3175 quaecunque
2380 3112 2538 3161 erant
2584 3101 2948 3170 Faustiniani,
2978 3103 3220 3159 maxime
3249 3102 3396 3173 quod
3437 3115 3562 3172 pro·

1995 3196 2099 3250 lem
2134 3210 2241 3251 non
2270 3195 2586 3266 reliquisset
2617 3211 2783 3266 super
2807 3207 3028 3251 terram.
3062 3194 3212 3249 Dirlt
3251 3207 3382 3248 vcro
3432 3194 3561 3260 Epi·

1994 3285 2233 3355 phanias
2279 3286 2598 3352 imperatori
2633 3304 2648 3341 ι
2691 3283 2823 3341 Vide
2848 3326 2863 3351 ,
2891 3299 2925 3340 o
2956 3285 3029 3340 lili
3052 3327 3068 3351 ,
3099 3298 3169 3340 ne
3217 3298 3430 3351 pecces.
3460 3281 3563 3339 'Est

1994 3375 2138 3430 enim
2168 3389 2309 3431 uxor
2333 3374 2674 3432 Faustiniani
2702 3374 2871 3431 Deum
2893 3390 2959 3430 ex
2990 3375 3156 3431 corde
3200 3373 3410 3430 colens.
3437 3373 3562 3429 Gre-

1994 3464 2062 3520 de
2092 3465 2273 3522 vorbis
2303 3464 2616 3536 Epiphanii,
2648 3465 2826 3521 eterit
2850 3465 2944 3519 tibi
2987 3463 3159 3536 gratia
3189 3465 3331 3533 apud
3363 3462 3575 3520 Aitissi·

1996 3570 2166 3610 mum.
2193 3553 2348 3611 Tunc
2398 3554 2623 3611 tradidit
2674 3555 2969 3624 imperator
3014 3554 3394 3609 auctoritatem
3441 3552 3560 3623 Epi·

296 3645 386 3718 ’μὴ
421 3647 664 3720 ποιήσεις
685 3647 981 3720 ἁμαρτίαν.
998 3650 1155 3704 Ἐστι
1183 3649 1295 3722 γὰρ
1321 3651 1459 3721 γυνὴ
1497 3653 1886 3708 §auo-mmm&
1998 3646 2200 3716 phanio
2229 3647 2285 3701 in
2313 3647 2570 3703 omnihus
2599 3647 2764 3702 rebus
2810 3644 3170 3702 Faustiniani.
3210 3643 3354 3700 Dixit
3374 3654 3562 3702 autem

292 3731 629 3786 Ὀεοσεδοῦσα
648 3734 762 3787 ’ἀπὸ
780 3735 1031 3806 καρδίας.
1059 3735 1520 3809 Πείσθητιλόγοις
1546 3741 1887 3811 Ἐπιφανίου,
1913 3716 1961 3775 c
1999 3738 2337 3811 Epiphanius
2387 3725 2704 3810 imperatori
2736 3756 2750 3793 ε
2799 3737 2981 3793 Habeo
3017 3735 3186 3790 Deum
3213 3775 3228 3801 ι
3260 3750 3293 3791 0
3324 3739 3399 3791 11¹1
3420 3777 3435 3801 2
3469 3739 3562 3807 ί105

305 3818 401 3873 καὶ
432 3818 584 3875 ἔσται
616 3840 700 3875 σοι
724 3823 884 3892 χάρις
914 3823 1068 3894 παρὰ
1104 3825 1385 3890 Ὑψίστου.
1432 3828 1566 3881 Τότε
1591 3833 1620 3881 ὁ
1641 3831 1892 3898 βασιλεὺς
1996 3829 2129 3884 mihi
2165 3830 2390 3900 praebet,
2425 3846 2548 3900 quae
2574 3840 2702 3884 sunt
2724 3827 3031 3884 necessaria
3058 3845 3072 3882 :
3101 3826 3198 3882 sed
3238 3828 3353 3883 haec
3381 3829 3561 3883 omnia

291 3910 719 3982 ’ἀποδίδωσιτὴν
734 3911 1028 3964 αὑθιντίαν
1045 3912 1224 3962 πᾶσαν
1257 3912 1564 3986 Ἐπιφανίῳ
1593 3919 1699 3973 τῶν
1758 3939 1892 3994 πρα-
1993 3929 2060 3973 ex
2127 3919 2276 3973 illius
2335 3919 2583 3975 mulieris
2639 3917 2908 3973 sententia
2951 3915 3204 3972 dabimus
3246 3915 3559 3989 egentibus.

301 3998 539 4070 γμὰτων
556 3999 972 4052 Φαυστινιανοῦ.
1003 3996 1280 4057 Εἲπενοῦν
1303 4000 1615 4079 Ἑπιφάνιος
1637 4026 1772 4086 προς
1800 4018 1890 4074 τὸν
1983 4007 2132 4063 Cum
2166 4009 2282 4065 baec
2337 4008 2506 4079 igitur
2546 4006 2863 4078 imperatori
2914 4005 3142 4062 dixisset
3180 4004 3518 4078 Epiphanius
3544 4044 3561 4071 ,

301 4087 547 4159 βασιλέα
564 4104 578 4118 ·
616 4088 766 4158 Ἔχω
794 4087 884 4142 τὸν
912 4089 1060 4155 Θεὸν,
1086 4093 1294 4159 τέκνον,
1343 4097 1435 4152 τὸν
1473 4102 1776 4176 παρέχοντα
1819 4108 1888 4163 τά

310 4175 462 4248 πρὸς
485 4176 581 4249 τὴν
604 4178 820 4251 χρείαν,
859 4182 950 4235 καὶ
976 4181 1150 4237 ταῦτα
1174 4185 1349 4241 πάντα
1379 4191 1516 4261 μετὰ
1541 4194 1766 4266 γνώμης
1788 4200 1888 4269 τῆς

314 4269 573 4335 γυναικὸς
600 4271 950 4343 ἀποδώσομεν
973 4277 1084 4339 τοῖς
1103 4276 1398 4349 δεομένοις.
1423 4283 1611 4341 Ταῦτα
1641 4289 1887 4354 εἰπόντος

304 4357 648 4430 Ἔπιφανίου,
672 4357 826 4416 εἷπεν
851 4366 880 4416 ό
915 4364 1200 4435 βασιλεύς·
1251 4368 1480 4441 Αἴτησαι
1502 4414 1517 4440 ,
1547 4376 1747 4451 Πάτερ,
1810 4374 1886 4433 ὧν

294 4449 551 4522 χρῄζεις,
581 4452 676 4506 καὶ
697 4453 892 4525 ἔσομαι
920 4456 1096 4522 διδοὺς
1127 4459 1190 4512 ἐν
1227 4464 1561 4535 προαιρέσει.
1607 4464 1774 4524 Εἶπεν
1827 4473 1886 4526 δὲ

290 4537 623 4611 ”’ί*ἶπιφάνιος
648 4544 789 4616 πρὸς
814 4545 904 4599 τὸν
933 4547 1156 4618 βασιλέα
1180 4565 1194 4579 ·
1219 4551 1464 4608 Φύλασσε
1493 4558 1663 4627 ἐμοὺς
1692 4560 1885 4629 λόγους

293 4633 680 4700 ·άδιαλείπτως,
713 4637 807 4690 καὶ
835 4637 925 4708 ἔχε
952 4655 1043 4707 με,
1075 4639 1287 4705 τέκνον,
1341 4645 1484 4700 κατὰ
1541 4647 1718 4720 ψυχήν
1765 4669 1878 4708 σου.

294 4722 491 4789 ’Ταῦτα
550 4723 606 4777 δὲ
659 4726 904 4790 εἰπόντος
950 4729 1292 4799 Ἐπιφανίου,
1345 4737 1668 4808 συνεξῆλθεν
1697 4741 1826 4812 ἡμῖν
1853 4747 1882 4797 ό

302 4816 558 4884 βασιλεὺς
590 4818 653 4871 ἐκ
682 4819 774 4873 τοῦ
801 4821 1072 4891 ταμιείου,
1101 4822 1195 4878 καὶ
1211 4825 1583 4895 παρεκάλεσεν
1603 4830 1694 4883 τὸν
1727 4833 1880 4885 Ἐπι-

293 4909 492 4975 ῑράνιον
521 4910 670 4973 ὅπως
701 4912 861 4965 αὐτὸν
899 4912 1204 4985 εύλογήσει.
1267 4915 1375 4968 Καὶ
1435 4921 1665 4988 ποιήσας
1713 4923 1877 4995 εύχὴν

1994 4098 2290 4168 imperator
2319 4097 2459 4152 dixit
2485 4098 2534 4154 ei
2569 4115 2583 4153 :
2624 4097 2773 4161 Pete,
2806 4096 2983 4163 Pater,
3008 4112 3071 4153 ea
3101 4096 3308 4169 quibus
3330 4096 3560 4166 indige«,

1990 4196 2044 4242 et
2071 4204 2132 4242 ea
2163 4188 2412 4244 lubenter
2446 4190 2539 4245 tibi
2564 4190 2725 4245 daho.
2759 4188 3077 4260 lmperatori
3124 4189 3404 4260 respondit
3435 4187 3560 4257 Epi-

1991 4282 2228 4353 phanius
2259 4299 2273 4335 ι
2307 4282 2577 4355 Perpetuo
2616 4300 2773 4340 serva
2825 4299 2977 4341 meos
3036 4300 3349 4351 sermones,
3381 4295 3436 4342 et
3472 4301 3558 4341 me

1989 4375 2151 4442 habe,
2183 4375 2278 4440 lili,
2311 4375 2364 4429 in
2397 4377 2582 4433 animo
2618 4383 2732 4430 tuo.
2764 4373 2899 4430 Cum
2925 4375 3039 4430 haec
3064 4374 3291 4430 dixisset
3323 4374 3558 4446 Epipha-

1988 4470 2132 4530 niuS,
2184 4482 2291 4521 una
2345 4466 2632 4522 nobiscum
2681 4482 2744 4521 ex
2809 4466 2930 4522 aula
2986 4480 3240 4539 egressus
3275 4474 3360 4520 est
3387 4467 3555 4536 impe-

1986 4566 2165 4622 rator,
2194 4567 2246 4613 et
2294 4558 2504 4627 rogavit
2526 4556 2914 4628 Epiphanium,
2950 4566 3008 4613 ut
3052 4556 3156 4613 sibi
3190 4555 3553 4612 benediceret.

1984 4646 2234 4720 Cumque
2279 4649 2581 4704 orationem
2634 4650 2854 4704 fecisset
2882 4646 3240 4718 Epiphanius,
3277 4647 3555 4704 benedixit

1986 4741 2325 4811 imperatori,
2357 4751 2411 4797 ct
2437 4757 2561 4797 eum
2597 4741 2870 4797 salutavit.
2902 4740 2967 4792 Et
2999 4754 3251 4795 reversus
3279 4749 3364 4794 est
3389 4741 3554 4811 impe-

1984 4842 2135 4889 rator
2176 4836 2232 4888 in
2259 4849 2393 4903 pace
2425 4833 2478 4888 in
2500 4833 2681 4888 aulam
2727 4846 2881 4887 suam
2918 4847 2933 4896 ;
2962 4845 3061 4886 nos
3085 4845 3211 4884 vero
3239 4829 3416 4899 spatio
3446 4847 3549 4886 nn-

1981 4937 2099 4978 vem
2129 4923 2340 4978 dierum
2364 4923 2739 4992 navigavimus
2764 4921 2817 4975 in
2843 4920 3103 4994 Cyprum,
3126 4930 3180 4976 et
3203 4919 3399 4977 fratres
3420 4937 3545 4978 cuni

294 4995 619 5070 ’Ἑπιφάνιος
674 5002 966 5075 εὐλόγησεν
1014 5005 1107 5058 τὸν
1146 5005 1388 5077 βασιλέα,
1448 5012 1542 5062 καὶ
1591 5012 1876 5079 ἠσπάσατο
1906 5041 1955 5097 n
1982 5030 2180 5087 magno
2210 5030 2311 5071 nos
2339 5016 2536 5086 gaudio
2552 5024 2882 5084 exceperunt
2915 5033 2929 5080 ;
2975 5014 3393 5085 invenimusque
3417 5032 3551 5072 uxo-

301 5090 480 5156 αὑτὸν,
513 5093 604 5145 καὶ
632 5092 972 5166 ὑπέστρεψεν
992 5097 1020 5146 ὁ
1052 5095 1300 5164 βασιλεὺς
1318 5099 1376 5152 ἐν
1407 5099 1482 5170 τῷ
1510 5104 1742 5175 ταμιείῳ
1768 5106 1859 5158 αὐ·

300 5179 391 5234 τοῦ
422 5181 541 5252 μετ’
569 5185 809 5254 εἰρήνης.
854 5185 1044 5256 Ἡμεῖς
1075 5185 1132 5238 δὲ
1184 5187 1250 5239 δι’
1299 5189 1454 5243 ἐννέα
1485 5192 1704 5262 ἡμερῶν
1757 5197 1865 5249 άπ-

291 5269 643 5341 ·επλεύσαμεν
668 5271 972 5344 ἐνΉύπρῳ,
1001 5277 1094 5328 καὶ
1118 5275 1443 5342 ἀπεδέξαντο
1464 5281 1610 5350 ἡμᾶς
1644 5283 1691 5334 οί
1716 5284 1868 5336 ἀδελ-

296 5359 389 5427 φοὶ
424 5359 566 5430 μετὰ
605 5363 780 5434 χαρᾶς
815 5364 1082 5435 μεγάλης·
1117 5365 1352 5438 εὕρομεν
1388 5370 1446 5423 δὲ
1493 5371 1596 5440 τὴν
1634 5377 1865 5440 γυναῖκα

290 5451 680 5504 1Ιναυστινιανοῦ
748 5453 1046 5508 πενθοῦσαν
1091 5458 1220 5527 περὶ
1287 5457 1381 5511 τοῦ
1428 5460 1619 5531 ἀνδρὸς
1674 5465 1866 5533 αὐτῆς.

291 5541 407 5594 Καὶ
434 5543 857 5616 παρεμυθήσατο
891 5547 1062 5618 αὐτὴν
1113 5548 1430 5618 Ἔπιφάνιος
1464 5553 1557 5605 ἐπὶ
1614 5555 1759 5626 πάσῃ
1800 5559 1865 5627 τῇ

286 5630 472 5701 θλίψει
499 5633 688 5703 αὐτῆς,
718 5636 811 5689 καὶ
832 5637 1055 5708 ἐπείσθη
1075 5641 1189 5702 τοῖς
1212 5638 1391 5709 λόγοις
1417 5642 1602 5705 αὐτοῦ,
1620 5646 1713 5698 καὶ
1730 5663 1867 5718 παρ·

1980 5120 2092 5160 rem
2127 5105 2468 5162 Faustiniani
2513 5107 2788 5178 lugentem
2846 5107 3098 5160 nimitum
3132 5120 3313 5160 suum.
3344 5105 3550 5163 Conso·

1974 5196 2119 5252 latus
2146 5208 2226 5252 est
2260 5199 2426 5269 igitur
2452 5214 2571 5254 cam
2602 5197 2937 5269 Epiphanius
2963 5198 3015 5249 in
3042 5205 3152 5250 tota
3177 5211 3273 5260 sua
3299 5195 3547 5255 afflictio-

1976 5304 2063 5343 ne.
2102 5289 2236 5356 Quae
2252 5292 2435 5360 paruit
2458 5289 2639 5346 verbis
2669 5286 2978 5357 Epiphanii,
3011 5286 3332 5357 rogavitque
3365 5288 3544 5352 illuni.

1983 5392 2041 5435 ut
2075 5384 2231 5438 daret
2264 5383 2313 5437 ei
2353 5383 2404 5437 id
2444 5383 2589 5453 quod
2635 5390 2719 5436 cst
2764 5381 2815 5434 in
2845 5379 3065 5437 Christo
3095 5381 3459 5452 signaculum,
3493 5393 3547 5435 ct

1978 5472 2275 5542 baptizavit
2308 5487 2427 5528 eam
2452 5515 2468 5537 ,
2496 5483 2550 5527 et
2581 5470 2857 5526 ordinavit
2888 5487 3008 5526 eam
3040 5473 3406 5527 diaconissam
3441 5471 3544 5526 Ec·

1975 5563 2156 5618 clesioe
2187 5581 2201 5616 ι
2236 5573 2291 5617 ct
2326 5564 2507 5616 omnia
2542 5563 2664 5632 ojus
2694 5561 2832 5617 bona
2859 5577 2921 5617 ex
2959 5561 3224 5619 sententia
3255 5560 3542 5630 Epiphanii

1976 5653 2102 5707 (lata
2140 5660 2268 5706 sunt
2292 5653 2681 5725 indigentibus.

290 5724 552 5779 εκάλεσεν
600 5727 915 5797 Ἐπιφάνιον
969 5730 1118 5795 ὅπως
1151 5729 1311 5785 δώσει
1358 5733 1494 5804 αὐτῇ
1538 5733 1638 5804 τὴν
1684 5736 1744 5788 ἐν
1775 5738 1998 5811 Χριστῷ
2060 5743 2350 5813 σφραγῖδα,
2421 5744 2511 5798 καὶ
2560 5744 2826 5814 βαπτίσας
2895 5746 3082 5817 αὐτὴν,
3134 5742 3538 5815 ἐχειροτόνησεν
