3850 6517
389 437 498 495 235

619 545 987 605 ADVERSUS
1025 542 1731 611 HEMEROBAP'HSTAS,

521 664 652 730 Qum
684 672 761 716 est
788 661 1000 716 ltoeresis
1031 659 1058 714 1
1075 658 1110 712 V
1134 658 1425 724 Iudaismi,
1455 657 1636 713 ordine
1657 656 1706 711 X
1723 656 1847 712 V11.

469 839 722 897 Proxima
759 849 842 897 ost
876 839 1468 908 Hemerobaptistarum
1515 845 1700 904 secta;
1751 852 1872 908 quae
1911 844 1971 891 ut

401 933 470 987 ab
491 932 617 985 aliis
642 932 789 985 nulla
813 933 866 984 in
890 946 949 983 re.
971 930 1076 999 37
1101 929 1330 984 dissidet
1355 945 1369 994 ;
1399 925 1694 996 eademque
1717 926 1972 997 dogmata

399 1036 525 1076 oum
583 1022 790 1076 Scribis
840 1035 905 1075 ac
950 1020 1238 1076 Pharisaeis
1282 1020 1625 1090 amplectitur
1662 1038 1676 1074 ι
1726 1019 1799 1073 ita
1844 1032 1969 1073 eum

402 1110 716 1167 Sadducaeis
741 1127 849 1165 non
873 1110 1037 1165 modo
1067 1111 1123 1165 in
1156 1110 1401 1181 neganda
1428 1118 1768 1164 mortuorum
1793 1125 1974 1166 resur-

399 1207 645 1262 rectione
689 1205 983 1271 eonvenit;
1016 1219 1204 1260 verum
1254 1203 1418 1258 etiam
1460 1217 1801 1259 communem
1844 1219 1969 1259 cum

401 1297 475 1354 iis
520 1297 916 1361 infidelitatem,
961 1302 1391 1364 caeterarumque
1432 1309 1616 1350 rerum
1648 1295 1969 1363 pravitatem

399 1388 620 1442 retinet.
674 1385 789 1441 Hoc
841 1401 974 1442 vero
1016 1387 1347 1457 praecipuum
1387 1385 1620 1450 babent,
1664 1385 1810 1458 quod
1859 1395 1968 1441 tam

400 1493 550 1541 vere,
578 1484 965 1547 autumnoque,
993 1493 1155 1544 quam
1190 1483 1398 1541 aestate,
1429 1485 1594 1546 atque
1621 1477 1798 1532 hieme
1834 1490 1971 1546 quo-

400 1568 536 1623 tidie
572 1568 754 1622 lavant
785 1586 797 1621 :
826 1566 969 1622 unde
1006 1574 1060 1621 et
1102 1565 1695 1638 Hemerobaptistarum
1733 1567 1972 1637 appella-

358 1657 604 1711 ·tionem
657 1657 837 1727 adepti
887 1663 1035 1711 suut.
1083 1656 1161 1710 lta
1211 1658 1355 1712 enim
1401 1658 1754 1714 statuebant:
1787 1658 1970 1712 vivere

401 1745 564 1799 aliter
605 1743 874 1800 bominem
927 1760 1038 1800 non
1086 1760 1267 1815 posse,
1321 1760 1482 1815 quam
1529 1746 1575 1801 si
1625 1746 1865 1816 quotidie
1909 1761 1970 1801 se

399 1834 563 1902 aquis
595 1833 823 1896 elueret,
854 1841 1016 1902 atque
1052 1833 1120 1887 ab
1150 1834 1299 1887 omni
1327 1833 1554 1888 crimine
1585 1843 1860 1905 purgaret.

475 1921 578 1976 Sed
611 1937 643 1976 a
668 1922 826 1976 nobis
874 1938 982 1976 uuo
1011 1922 1176 1978 verbo
1219 1922 1660 1979 fundituseverti
1691 1934 1839 1979 secta
1876 1925 1974 1979 illa

402 2016 582 2081 potest
603 2028 617 2076 3
641 2009 800 2078 euius
822 2011 1077 2081 dogmata
1102 2018 1162 2064 ut
1189 2025 1219 2063 a
1260 2011 1362 2065 lide
1397 2027 1623 2081 prorsus
1654 2013 1850 2076 aliena,
1892 2015 1973 2068 sic

401 2116 528 2156 etun
559 2100 882 2156 infidelitate
909 2100 1202 2171 conjuncta
1247 2109 1394 2156 sunt.
1433 2101 1570 2156 Cum
1597 2103 1742 2157 enim
1777 2103 1973 2160 diebus

404 2193 638 2262 singuiis
667 2193 976 2253 abluantur,
1007 2193 1092 2248 vel
1137 2207 1234 2248 sua
1265 2194 1369 2263 ipsi
1416 2195 1752 2249 conscientia
1783 2194 1974 2251 redar-

403 2286 663 2347 guuntur,
716 2292 933 2332 omnem
969 2277 1112 2332 illam
1133 2317 1149 2342 ,
1183 2293 1348 2348 quam
1377 2278 1554 2348 pridie
1588 2290 1969 2350 conceperant,

403 2382 556 2438 spem
582 2381 706 2422 eum
733 2367 835 2423 tide
862 2375 1023 2437 atque
1051 2369 1358 2438 expiatione
1391 2369 1712 2440 perdidisse.
1755 2370 1890 2425 Nam
1924 2373 1972 2426 si

403 2473 572 2515 unum
608 2457 874 2512 duntaxat
904 2458 1228 2528 baptismum
1267 2468 1535 2524 tenerent,
1572 2461 1625 2515 in
1670 2476 1739 2517 eo
1765 2461 1974 2517 [iduciae

404 2548 611 2618 aliquid
652 2556 839 2618 utpote
865 2556 1120 2619 perpetuo
1147 2557 1312 2618 atque
1340 2550 1668 2618 immortali,
1702 2552 1974 2608 collocare

403 2646 646 2710 possent.
674 2637 794 2693 Jam
826 2654 952 2694 vero
982 2640 1075 2710 qui
1121 2639 1282 2695 hodie
1309 2655 1421 2694 non
1464 2642 1696 2697 curandi
1723 2643 1973 2713 corporis

404 2731 599 2801 gratia,
637 2730 732 2785 sed
766 2729 831 2784 ad
872 2729 1141 2801 expianda
1181 2731 1386 2787 scelera
1417 2732 1510 2787 loti
1558 2741 1717 2800 sunt,
1749 2735 1973 2804 quibus·

405 2835 511 2888 que
537 2819 657 2875 ideo
681 2827 996 2890 repurgata,
1016 2830 1075 2874 ut
1100 2820 1204 2889 ipsi
1237 2830 1507 2887 statuunt,
1533 2824 1719 2878 omnia
1741 2839 1865 2880 esse
1880 2824 1974 2880 de-

402 2910 532 2967 bent
560 2926 574 2962 ι
605 2909 764 2966 iidem
794 2926 918 2965 cum
962 2911 1229 2980 postridie
1262 2927 1481 2968 rursum
1528 2913 1847 2979 abluuntur,
1878 2914 1975 2970 de-

404 2999 615 3057 clarant
648 2997 889 3068 profecto
919 2997 1233 3054 hesternum
1271 2999 1425 3053 illum
1468 3001 1797 3070 baptismum
1843 3017 1973 3059 eva-

404 3089 611 3143 nuisse.
643 3087 757 3142 Nisi
806 3088 949 3143 enim
999 3089 1101 3146 iste
1136 3090 1419 3160 periisset,
1450 3091 1586 3145 nihil
1629 3100 1749 3149 erat
1779 3107 1878 3148 cur
1905 3093 1974 3148 ad

1811 432 1869 487 S.
1906 427 2251 486 EPtPnAMt

1994 557 2040 604 A

2001 1887 2043 1940 B

3522 427 3631 488 2³6

2343 541 2526 594 RATA
2565 537 3183 594 tiri-tEPOBAnthmN
3208 539 3223 602 (
3235 537 3317 607 Ιῡ)
3331 581 3348 606 ,

2074 650 2323 720 Τετάρτη
2351 653 2579 720 αἵρεσις
2624 651 2739 705 ἀπὸ
2775 651 2878 704 τοῦ
2920 652 3173 705 Ἰουδαΐσ
3217 652 3307 720 οῦ,
3350 651 3631 709 ἑπτακαι-

2451 719 2665 787 δεκάτη
2699 721 2766 772 δὲ
2798 719 2870 787 τῇ
2898 721 3159 775 ἀκολουθ
3185 738 3241 774 α.

2141 834 2373 898 Ταύταις
2408 834 2464 888 δὲ
2511 834 2798 887 συνέπεταί
2855 852 2941 897 τις
2989 835 3197 906 αἵρεσις
3235 836 3632 908 Ἠμεροῆαπτι-

2072 926 2230 988 στῶν,
2271 925 2412 979 οὕτω
2465 925 2789 995 καλουμένη,
2843 925 3009 994 μηδὲν
3046 927 3145 995 μὲν
3179 926 3628 997 παραλλάττουσα

2068 1016 2176 1070 τῶν
2194 1015 2390 1080 ἀλλων,
2414 1014 2528 1067 ἀλλ’
2552 1015 2643 1068 ίσα
2671 1013 2779 1066 τῶν
2807 1014 3181 1084 Γραμματέων
3202 1016 3294 1066 καὶ
3319 1016 3629 1086 Φαρισαίων

2071 1106 2344 1184 φρονοῦσα
2362 1123 2377 1137 ·
2409 1106 2469 1158 οὐ
2502 1107 2608 1177 μὴν
2631 1104 2947 1175 ἐξισουμένη
2976 1105 3087 1167 τοῖς
3116 1103 3490 1168 Σαδδουκαίοις
3515 1106 3562 1177 (i
3581 1106 3625 1177 i)

2069 1199 2128 1250 ἐν
2163 1199 2227 1267 τῇ
2255 1196 2362 1248 τῶν
2395 1194 2601 1267 νεκρῶν
2629 1193 2921 1247 ἀναστάσει
2950 1193 3126 1264 μόνον,
3155 1193 3287 1248 ἀλλά
3306 1197 3371 1265 τῇ
3405 1195 3629 1271 ἀπιστίᾳ

2070 1270 2171 1342 καῖ’
2190 1290 2302 1350 τοῖς
2328 1286 2523 1349 ἀλλοις.
2578 1286 2747 1346 Τοῦτο
2775 1285 2829 1338 δὲ
2858 1285 3105 1356 περιττὸν
3149 1284 3283 1356 αὕτη
3316 1286 3624 1358 κεκτημένη

2070 1377 2104 1447 ἠ
2134 1375 2377 1446 αἵρεσις·
2411 1373 2486 1437 ὡς
2511 1374 2569 1426 ἐν
2600 1372 2721 1445 ἔαρί
2750 1390 2809 1425 τε
2843 1374 2936 1426 καὶ
2969 1373 3281 1444 μετοπώρῳ,
3318 1374 3544 1445 χειμῶνί
3572 1393 3629 1430 τε

2071 1468 2164 1521 καὶ
2187 1466 2332 1537 θέρει
2350 1465 2574 1519 πάντοτε
2586 1450 2905 1536 καθὴμέραν
2930 1464 3279 1535 βαπτίζεσθαι
3301 1483 3314 1497 ·
3339 1466 3461 1521 ὅθεν
3488 1467 3592 1521 καὶ·
3610 1469 3627 1501 ¹

2082 1554 2589 1628 Ἠμεροῦαπτιστάν
2642 1555 2828 1625 εἴληφε
2874 1554 2970 1625 τὴν
3012 1542 3343 1626 ἐπωνυμίαν.
3387 1558 3630 1626 Ἔφασκε

2070 1646 2178 1719 γὰρ
2209 1645 2346 1718 αὔτη
2386 1646 2561 1709 ἄλλως
2608 1663 2728 1709 πως
2756 1647 2828 1716 μὴ
2849 1641 2983 1698 εἶναι
3022 1643 3119 1716 ζῇν
3149 1645 3440 1718 ἀνθρώπῳ,
3474 1649 3522 1700 εί
3556 1648 3632 1718 μή

2069 1753 2122 1788 τι
2154 1736 2262 1807 ἄρα
2290 1734 2412 1788 καθ’
2443 1733 2679 1803 ἑκάστην
2699 1732 2911 1802 ἡμέραν
2939 1731 3246 1802 βαπτίζοιτό
3262 1749 3346 1794 τις
3374 1733 3431 1784 ἐν
3456 1730 3631 1794 ὕδατι,

2070 1823 2463 1895 ἀπολουόμενός
2485 1839 2543 1876 τε
2576 1822 2669 1875 καὶ
2700 1821 3046 1891 ἁγνιζόμενος
3081 1821 3186 1874 ἀπὸ
3214 1821 3392 1890 πάσης
3431 1820 3631 1884 αίτίας.

2143 1916 2285 1987 Πρὸς
2333 1915 2535 1984 ταύτην
2570 1913 2627 1966 δὲ
2674 1916 2765 1966 καὶ
2814 1914 2982 1983 αὐτὴν
3020 1912 3077 1977 ἐξ
3135 1912 3253 1974 ἑνὸς
3296 1912 3453 1980 λόγου
3503 1913 3634 1983 ἡμῖν

2073 2004 2350 2076 ἀνατροπὴ
2375 2004 2697 2073 γενήσεται·
2733 2004 2814 2056 ὃτι
2848 2001 3099 2064 ἀπιστίας
3134 2003 3259 2073 παρ’
3288 2003 3470 2065 αὐτοῖς
3501 2004 3633 2073 μᾶλ-

2073 2094 2218 2164 λονῆ
2253 2093 2487 2155 πίστεως
2514 2093 2563 2145 oi
2598 2091 2766 2161 λόγοι.
2810 2092 3050 2161 Ἐλέγχει
3080 2091 3187 2162 γάρ
3220 2093 3417 2154 αὐτοὺς
3446 2093 3480 2162 ἡ
3512 2109 3634 2145 συν-

2072 2184 2279 2257 είδησις
2309 2182 2488 2237 αὐτῶν
2533 2181 2657 2235 καθ’
2686 2182 2921 2253 ἑκάστην
2953 2182 3163 2252 ἡμέραν
3202 2180 3630 2251 βαπτιζομένων,

2070 2275 2147 2338 ὡς
2166 2276 2248 2329 ὅτι
2276 2277 2310 2347 ἠ
2341 2273 2496 2336 ἐλπὶς
2518 2274 2617 2345 τῆς
2643 2272 2769 2344 χθὲς
2791 2273 3003 2346 ἡμέρας
3029 2273 3156 2342 παρ’
3182 2273 3361 2334 αὐτοῖς
3381 2271 3631 2342 τέθνηιιε,

2074 2368 2167 2421 καὶ
2194 2368 2228 2438 ἠ
2258 2366 2440 2428 πίστις
2470 2381 2530 2417 τε
2565 2365 2657 2418 καὶ
2704 2366 2732 2417 ὁ
2761 2365 3041 2434 άγνισμός.
3083 2365 3145 2416 Ei
3192 2363 3290 2433 μὲν
3321 2362 3513 2433 γὰρέν
3552 2362 3630 2416 ἐνὶ

2075 2457 2409 2528 βαπτίσματι
2431 2456 2724 2527 ἐστοίχουν,
2745 2456 2853 2527 ἀρα
2874 2455 3136 2528 ἐθάρρουν
3161 2454 3353 2524 τούτῳ,
3376 2454 3450 2517 ὡς
3473 2450 3629 2516 ζῶντι

2073 2550 2168 2602 καὶ
2196 2548 2445 2619 ἀθανάτῳ
2484 2548 2595 2602 δντι
2633 2550 2709 2611 είς
2738 2547 2830 2600 τὸν
2878 2547 3076 2600 αἰῶνα·
3109 2545 3267 2600 ὁπότε
3303 2546 3357 2598 δὲ
3398 2547 3632 2617 σήμερον

2076 2639 2177 2709 μὲν
2222 2638 2507 2692 ἐλούσαντο
2550 2639 2648 2707 οὐχ
2686 2637 2871 2691 ἕνεκεν
2913 2637 3159 2701 πλύσεως
3194 2636 3462 2707 σώματος,
3501 2635 3635 2689 ἀλλὰ

2072 2730 2256 2783 ἕνεκεν
2289 2729 2723 2800 ἁμαρτημάτων,
2757 2729 2863 2800 ἀρα
2900 2731 3018 2782 κατ’
3049 2729 3242 2789 αὐτοὺς
3277 2726 3633 2795 ἐκαθαρίσθη.

2072 2816 2237 2882 Αὖθις
2283 2819 2342 2874 δὲ
2375 2822 2442 2889 τῇ
2484 2818 2612 2890 ἑξῆς
2657 2818 2818 2873 πάλιν
2845 2818 3139 2888 λουόμενοι,
3180 2817 3526 2883 ἀπεφήναντο
3574 2818 3637 2866 τὸ

2073 2910 2340 2982 παρελθὸν
2372 2911 2430 2964 ἐν
2459 2913 2523 2980 τῇ
2558 2909 2685 2980 χθὲς
2712 2909 2958 2961 τεθνάναι
2989 2909 3287 2978 βάπτισμα.
3316 2906 3378 2963 El
3413 2904 3487 2974 μὴ
3528 2906 3637 2972 γὰρ

2071 3003 2134 3056 τὸ
2172 3003 2278 3074 πρὸ
2306 3004 2437 3071 μιᾶς
2463 2999 2761 3070 ἐτεθνήκει,
2783 2999 2884 3052 οὐκ
2928 2998 2994 3052 ἂν
3028 3001 3106 3062 είς
3144 2998 3239 3068 τὴν
3283 2994 3407 3068 ἑξῆς
3445 2996 3633 3066 ἐτέρου

2074 3093 2356 3147 ἐπεδέοντο
2404 3092 2538 3163 πρὸς
2584 3088 2920 3159 καθαρισμὸν
2968 3088 3396 3158 ἁμαρτημάτων.
3437 3086 3548 3139 Καὶ
3586 3086 3640 3139 εί

405 3179 692 3238 eriminum
740 3179 1098 3248 expiationem
1153 3181 1333 3236 denuo
1375 3181 1527 3236 illum
1575 3190 1792 3254 postera
1849 3184 1972 3240 luce
1998 3208 2039 3265 C
2074 3185 2211 3248 ὅλως
2238 3186 2341 3239 οὐκ
2376 3183 2669 3254 ἀπέχονται
2694 3179 2789 3235 τοῦ
2820 3175 3523 3251 άμαρτάνειν,νομίζοντες,
3553 3177 3643 3230 ὃτι

405 3277 727 3339 repeterent.
770 3268 922 3334 Quod
950 3270 999 3325 si
1028 3285 1253 3339 peccare
1278 3272 1501 3326 omnino
1523 3288 1632 3328 non
1673 3273 1968 3342 desinunt;

405 3359 825 3428 existimauitque
853 3374 934 3424 se,
973 3374 1094 3412 cum
1129 3367 1387 3430 perpetuo
1411 3376 1476 3416 ac
1511 3362 1703 3418 diebus
1725 3362 1973 3434 {singulis

404 3454 650 3517 peccent,
685 3448 892 3517 expiari
922 3463 1062 3518 aqua
1091 3464 1272 3518 posse,
1301 3450 1648 3535 vehementer
1690 3453 1970 3519 aberrant,

406 3553 507 3599 nec
542 3546 626 3594 est
648 3553 837 3597 eorum
866 3540 1115 3596 instituto
1143 3543 1339 3599 vanius
1367 3555 1460 3599 aut
1498 3543 1790 3604 absurdius
1812 3546 1974 3616 quid-

405 3645 589 3700 quam.
633 3631 840 3686 Etenim
883 3643 1057 3702 neque
1090 3632 1336 3692 Oceanus
1380 3634 1531 3706 ipse,
1569 3653 1748 3707 neque
1797 3635 1971 3692 maria

405 3720 624 3788 omnia;
674 3735 850 3792 neque
898 3736 1162 3790 perennes
1211 3723 1496 3780 fluviorum
1529 3741 1704 3796 aquae,
1734 3727 1817 3783 vel
1848 3727 1971 3782 son-

406 3812 576 3879 tium3
626 3828 801 3885 neque
846 3814 1108 3884 quidquid
1152 3817 1363 3887 uspiam
1408 3818 1714 3888 pluviarum
1757 3828 1877 3887 est,
1923 3821 1970 3880 si

477 3965 496 3998 ¹
525 3965 687 4025 Forte
726 3968 1254 4039 Ἦμεροὸαπτιστῶν.

407 4123 697 4256 οιιξιιίιὶιιε,
743 4200 798 4248 et
853 4194 905 4248 in
951 4194 1139 4264 primis
1200 4191 1488 4248 Pliarisaeis
1533 4193 1702 4248 tuisse
1751 4192 1969 4247 Marcus

407 4263 737 4330 evangelista
772 4272 998 4318 testatur
1045 4277 1162 4332 cap.
1209 4277 1308 4325 vn,
1345 4261 1378 4315 5
1409 4271 1463 4316 et
1510 4263 1564 4324 t,
1601 4270 1659 4316 ut
1689 4268 1743 4316 et
1775 4274 1970 4315 manus

408 4327 720 4399 frequenter
765 4332 1066 4393 abluerent,
1094 4343 1144 4385 et
1176 4347 1206 4385 a
1246 4331 1363 4385 soro
1396 4331 1682 4386 redeuutes
1725 4330 1969 4399 baptiza-

408 4408 616 4454 rentur.
647 4400 826 4466 Quare
857 4417 964 4456 non
997 4402 1211 4456 videtur
1238 4401 1522 4471 peculiaris
1557 4401 1671 4456 haee
1701 4407 1849 4454 secta
1876 4399 1971 4456 Ju-

409 4467 647 4524 daeorum
678 4471 986 4536 exstitisse;
1023 4471 1128 4527 nisi
1162 4471 1236 4525 ita
1280 4471 1524 4524 dieamus
1555 4470 1845 4527 nonnullos
1871 4470 1966 4542 qui

695 4122 1260 4193 Ἡμεροὸαπτιστῶν.
1361 4123 1659 4178 Commune
1766 4122 1968 4178 Judaeis

2071 3277 2137 3330 τὸ
2186 3276 2330 3347 ὕδωρ
2372 3274 2655 3346 καθαρίσει
2716 3272 2843 3336 τοὺς
2891 3269 3176 3340 ἐνδελεχῶς
3230 3268 3349 3322 καθ’
3399 3269 3641 3340 ἑκάστην

2075 3367 2514 3440 ἁμαρτάνοντας,
2567 3364 2793 3436 μάταιος
2841 3363 3017 3417 αὐτῶν
3056 3365 3089 3432 ἡ
3135 3362 3395 3422 ὑπόνοια,
3432 3362 3529 3415 καὶ
3575 3360 3642 3416 τὸ

2073 3460 2407 3531 ἐπιτήδευμα
2450 3456 2678 3530 φροῦδον
2720 3455 2816 3510 καὶ
2838 3454 3023 3509 ἕωλον.
3056 3452 3191 3508 Ούτε
3230 3453 3338 3523 γὰρ
3364 3453 3638 3518 Ὠκεανὸς,

2073 3551 2196 3606 οὔτε
2225 3550 2401 3604 πάντα
2427 3547 2494 3602 τά
2529 3546 2717 3620 ῥεῖθρα
2746 3545 2840 3600 καὶ
2886 3545 3116 3615 πελάγη,
3157 3541 3391 3614 ποταμοί
3415 3560 3475 3596 τε
3511 3543 3636 3598 ἀέν-

2075 3658 2193 3696 ναοι
2222 3641 2313 3694 καὶ
2345 3638 2547 3709 πηγαὶ,
2589 3636 2740 3690 πᾶσά
2763 3651 2823 3687 τε
2863 3636 2895 3704 ὴ
2934 3633 3263 3704 ὀμὸροτόκος
3305 3633 3465 3702 φύσις
3510 3650 3639 3689 cuv·-

2077 3729 2304 3784 ελθοῦσα
2339 3729 2560 3782 δύναται
2603 3726 2973 3796 ἁμαρτήματα
3015 3724 3305 3792 ἀφανίσαι·
3346 3724 3641 3796 ἐπειδήπερ

2076 3822 2138 3876 οὐ
2162 3819 2305 3876 κατά
2338 3819 2517 3890 λόγον,
2554 3817 2674 3876 οὐδὲ
2703 3817 2766 3870 ἐκ
2799 3813 3214 3887 προστάγματος
3237 3814 3371 3868 Θεοῦ
3408 3817 3637 3882 γίνεται,

2067 4125 2133 4194 τῆ
2160 4123 2267 4176 τῶν
2292 4140 2386 4177 νεκ
2425 4125 2499 4176 ῶν
2536 4124 2848 4190 ἀναστάσει,
2880 4125 3013 4181 ἀλλά
3049 4128 3115 4197 τῇ
3149 4126 3372 4180 ἀπιστία
3403 4128 3494 4180 καὶ
3524 4130 3637 4193 τοῖς

2068 4177 2266 4254 ἄλλοις.
2307 4142 2422 4247 Ser?
2442 4193 2556 4252 haec
2598 4194 2879 4249 sententia
2916 4195 2985 4250 ab
3033 4196 3121 4260 iis,
3164 4211 3284 4263 quae
3315 4182 3473 4265 paulo
3511 4204 3640 4254 ante

2068 4262 2358 4333 leguntnr3
2392 4269 2506 4316 tum
2555 4261 2610 4317 in
2644 4261 2920 4320 Breviario
2963 4273 3233 4319 sectarum
3286 4265 3445 4334 liujus
3491 4267 3636 4333 libri,

2070 4337 2124 4386 et
2210 4331 2266 4387 in
2314 4332 2694 4386 universarum
2784 4333 3224 4403 Anaeephalaeosi
3292 4335 3638 4404 reperiuntur

2068 4400 2136 4455 ab
2185 4399 2509 4472 EpiphaniO,
2561 4401 2910 4459 vehementer
2960 4403 3203 4458 dissidet.
3249 4402 3387 4457 Nam
3437 4405 3638 4476 ubique

2069 4478 2385 4526 constanter
2419 4472 2701 4535 asseritur,
2734 4470 3228 4542 Hemerobaptistas
3259 4489 3290 4528 a
3318 4471 3522 4529 Judaeis
3547 4491 3638 4530 re-

410 4552 470 4592 se
516 4541 802 4594 sanctitate
850 4551 1104 4610 praestare
1152 4539 1363 4595 caeteris
1406 4542 1621 4607 vellent,
1655 4555 1762 4603 non
1805 4542 1965 4595 mocio
2000 4532 2044 4589 b
2074 4539 2235 4609 liquis
2264 4541 2410 4596 nulla
2448 4541 2501 4593 in
2536 4548 2689 4610 parte
2716 4540 3060 4612 discrepare;
3105 4542 3238 4603 sive,
3274 4552 3333 4596 ut
3369 4543 3475 4597 hoe
3513 4544 3636 4600 loeo

408 4609 624 4731 gnoties
670 4624 698 4662 a
739 4609 862 4664 furo
900 4611 1159 4676 redirent,
1193 4624 1377 4664 verum
1413 4613 1574 4663 etiam
1613 4610 1829 4665 tametsi
1876 4625 1969 4679 pe-

447 4691 532 4730 em
580 4676 739 4732 domo
774 4694 881 4732 non
925 4679 1268 4734 extulissent.
1312 4677 1379 4732 de
1422 4678 1511 4733 die
1551 4681 1750 4749 saepius
1787 4679 1969 4734 lavare

409 4747 780 4804 consuevisse.
811 4747 1129 4817 Cuiusmodi
1168 4747 1350 4802 Banus
1380 4747 1468 4802 ille
1500 4747 1619 4815 suit,
1654 4749 1740 4803 cui
1774 4763 1834 4803 se
1874 4746 1969 4802 Jo-

409 4817 611 4885 sepbus
650 4818 702 4871 in
735 4819 1073 4888 disciplinam
1100 4817 1430 4882 tradidit,·ut
1460 4818 1512 4871 iu
1539 4816 1662 4877 Yita
1700 4832 1797 4872 sua
1826 4818 1963 4872 scri-

411 4893 561 4954 ptum
627 4888 865 4956 reliquit.
921 4886 1074 4939 {lunc
1131 4887 1275 4940 enim
1323 4884 1506 4947 refert,
1563 4886 1756 4958 ψυχρῷ
1813 4886 1964 4939 ὕδατι

409 4956 508 5024 τὴν
536 4956 767 5075 Ῠμέραν,
799 4956 893 5008 καὶ
927 4955 1023 5025 τὴν
1051 4955 1219 5007 νύκτα
1241 4954 1496 5017 πολλάκις
1524 4956 1809 5025 λουόμενον
1834 4954 1971 5026 πρὸς

410 5025 542 5091 ἀγνε
569 5041 652 5078 αν.
673 5025 762 5079 Sic
793 5024 978 5080 Esseni
1009 5025 1149 5092 apud
1181 5023 1429 5079 eumdem
1455 5023 1748 5094 ‹iosepbum
1778 5025 1869 5079 lib.
1906 5040 1967 5089 ιι,

411 5109 531 5162 cap.
565 5092 596 5146 7
622 5107 823 5164 corpus
854 5103 980 5149 ante
1023 5095 1201 5147 cibum
1246 5093 1538 5148 abluebant
1568 5093 1778 5165 frigida.
1830 5094 1969 5216 (guid

413 5163 575 5231 igitur
616 5163 1095 5234 Hemerobaptistae
1122 5162 1219 5229 illi,
1253 5177 1391 5232 quos
1420 5162 1752 5232 Epiphanius
1782 5177 1840 5217 re
1864 5171 1968 5228 ert,

413 5235 726 5299 inaruerint,
757 5244 814 5288 ut
857 5235 1169 5288 distinctam
1198 5232 1266 5286 ab
1291 5232 1412 5287 aliis
1441 5240 1643 5288 sectam
1671 5232 1968 5298 efficerent,

413 5315 520 5354 non
555 5303 690 5356 satis
717 5304 1096 5360 discernimus.

483 5369 593 5439 (Η)
625 5374 706 5426 Οὐ
728 5374 856 5440 μὴν
876 5369 1235 5441 ἑξισουμένη
1262 5369 1381 5435 τοῖς
1398 5368 1835 5436 Σαδδουκαίοις.
1865 5370 1969 5436 Qui

414 5439 588 5507 prima
631 5443 811 5510 specie
837 5442 1124 5496 verborum
1150 5440 1376 5494 istorum
1405 5454 1599 5493 sensns
1630 5440 1889 5502 occurrit,
1923 5440 1970 5495 is

411 5514 516 5572 est,
545 5523 703 5576 quem
730 5526 837 5565 non
869 5512 1030 5565 modo
1059 5523 1160 5563 nos
1193 5510 1315 5578 ipsi,
1351 5507 1444 5563 sed
1471 5508 1634 5562 etiam
1671 5508 1971 5563 Cornarius

412 5581 700 5645 expressit.
738 5579 1232 5648 llemerobaptistas
1268 5592 1374 5631 non
1432 5579 1606 5632 solum
1637 5579 1691 5632 in
1725 5579 1970 5648 neganda

417 5656 750 5702 mortuorum
799 5647 1217 5708 resurrectione,
1245 5661 1430 5700 verum
1477 5647 1530 5700 in
1572 5648 1775 5716 reliqua
1820 5650 1968 5702 omni

415 5712 723 5785 dogmatum
758 5718 991 5772 salsitate
1021 5715 1353 5770 concordare
1383 5732 1504 5770 cum
1533 5715 1863 5771 Satltlueaeis.
1893 5719 1969 5770 Οὐ

417 5785 526 5866 μὴν
553 5785 870 5859 ἐξισουμένη
914 5786 1092 5859 μόνον,
1121 5785 1314 5855 inquit,
1341 5789 1450 5849 τοῖς
1501 5786 1874 5852 Σαδδουκαίοις
1911 5789 1969 5840 ἐν

2069 4611 2307 4681 scripsit,
2329 4626 2359 4665 a
2383 4610 2592 4673 Scribis
2614 4618 2666 4665 et
2696 4608 3006 4667 Pharisaeis.
3038 4611 3187 4677 Quod
3212 4613 3257 4666 si
3280 4627 3628 4669 communem

2069 4693 2192 4733 cum
2233 4679 2547 4745 Sadducaeis
2590 4679 2930 4750 negationem
2977 4680 3394 4738 resurrectionis
3429 4682 3635 4739 babue-

2067 4751 2200 4812 rint,
2244 4751 2457 4819 aliaque
2501 4749 2773 4818 dogmata,
2801 4751 3000 4819 quibus
3043 4750 3129 4806 isti
3172 4765 3202 4803 a
3253 4749 3542 4807 Pharisaeis
3578 4761 3631 4806 et

2072 4817 2279 4873 Scribis
2308 4827 2586 4888 tantopere
2614 4818 2998 4882 abhorrebant,
3046 4827 3103 4872 ut
3146 4818 3213 4872 ad
3257 4820 3632 4877 Samaritanus

2069 4889 2409 4950 accederent,
2454 4887 2905 4957 quemadmodum
2947 4888 3001 4943 in
3050 4889 3265 4948 illorum
3306 4889 3631 4950 declaranda

2071 4955 2261 5013 baeresi
2294 4964 2521 5011 testatus
2558 4964 2673 5021 est;
2714 4955 2957 5026 proiecto
3001 4959 3228 5012 multum
3278 4973 3401 5013 eum
3442 4974 3471 5013 a
3504 4963 3632 5016 reli-

2070 5027 2193 5094 quis
2234 5025 2542 5082 luda-orum
2588 5025 2931 5089 factionibuS,
2970 5035 3080 5081 tum
3132 5042 3163 5081 a
3214 5026 3522 5091 Pharisaeis,
3568 5046 3634 5085 ac

2074 5095 2280 5152 Scribis
2330 5095 2811 5163 Hemerobaptistae
2863 5097 3097 5164 separati
3147 5105 3294 5152 sunt.
3360 5096 3490 5162 Quae
3548 5115 3635 5154 me

2071 5166 2211 5219 ratio
2244 5175 2566 5229 commovet,
2613 5171 2671 5217 ut
2714 5165 2869 5219 aliter
2915 5165 3198 5236 Epipbauii
3255 5167 3420 5222 verba
3465 5168 3636 5223 inter-

2070 5235 2330 5303 pretanda
2384 5234 2643 5304 judicem,
2700 5234 2939 5302 adeoque
2985 5235 3260 5290 contrario
3305 5251 3468 5290 sensu
3510 5256 3522 5290 :
3569 5252 3635 5292 ac

2070 5304 2223 5373 prior
2272 5305 2361 5358 ille
2399 5311 2506 5367 est,
2554 5318 2713 5373 quam
2746 5303 2799 5356 in
2828 5302 3019 5358 Latina
3050 5305 3300 5360 versione
3344 5307 3519 5376 posui.
3554 5308 3629 5361 Οὐ

2073 5373 2179 5445 μὴν
2210 5373 2549 5495 ἐξισουμένῧ,
2597 5372 2794 5441 inquit,
2823 5375 2934 5436 τοίς
2963 5374 3354 5439 Σαδδουκαίοις.
3391 5373 3514 5429 Non
3548 5386 3632 5433 tw

2072 5458 2190 5495 nien
2243 5459 2360 5496 cum
2419 5440 2493 5498 Sa
2531 5441 2728 5501 ducoeis
2775 5457 3084 5510 congruens,
3121 5444 3223 5497 boc
3281 5459 3390 5499 uno
3432 5446 3631 5514 capite,

2072 5509 2215 5580 quod
2256 5519 2592 5567 mortuorum
2638 5513 3092 5567 resurrectionem
3140 5527 3269 5575 non,
3315 5520 3373 5568 ut
3406 5513 3514 5568 iilis
3546 5514 3630 5568 ri-

2071 5595 2191 5635 sum
2217 5590 2324 5648 est,
2359 5582 2608 5651 abneget,
2637 5593 2945 5650 quanquam
2978 5581 3185 5650 reliqua
3217 5582 3274 5635 in
3300 5583 3546 5663 pertidia,
3578 5592 3632 5638 et

2072 5651 2334 5706 adversus
2378 5650 2651 5706 Christum
2696 5650 2966 5718 praecipue
3014 5659 3375 5716 contumacia,
3420 5651 3635 5707 Saddu-

2072 5735 2328 5800 cffeorum,
2354 5735 2416 5775 ae
2460 5729 2771 5776 caeterarum
2806 5718 3069 5776 Jutlaisnii
3101 5728 3374 5776 ieatrescon
3417 5723 3631 5792 gemina

2072 5798 2162 5844 stt.
