3850 6517
373 397 479 457 275

1761 389 1818 447 S.
1860 389 2205 445 Epwuaxn

3500 386 3607 446 276

376 513 696 586 deportatus
724 516 824 564 est.
853 505 989 560 Tum
1022 520 1168 557 anno
1198 501 1442 569 sequenti
1471 498 1862 571 Hierosolymis
1885 515 1946 555 se
1974 508 2018 558 Α
2049 500 2160 572 ρέτ,
2194 498 2415 552 ἐλθόντα
2442 498 2520 568 τῷ
2562 497 2687 569 ἑξῆς
2718 497 2945 568 ἐνιαυτῷ
2976 497 3203 568 ὀφθῆναι
3241 498 3469 554 ἐνώπιον
3495 505 3613 556 Κυ-

377 616 562 661 coram
588 598 697 654 Deo
723 595 1164 666 repraesentavit:
1198 599 1364 660 atque
1385 589 1507 644 inde
1532 589 1938 644 Bethlehemum

375 699 602 765 propter
652 687 872 761 generis
925 686 1385 758 propinquitatem
1435 696 1462 736 a
1511 688 1682 735 matre
1729 679 1943 734 delatus

377 791 483 841 est.
521 779 626 836 Sed
672 795 892 836 rursum
938 776 1302 831 Nazarethnm
1326 771 1558 840 ⁷rediens
1596 786 1740 826 anno
1769 770 1944 825 altero

381 885 628 932 vertente
684 871 1060 941 Hierosolyma
1116 865 1638 933 Bethlehemumque
1697 870 1945 932 gestante

382 972 556 1019 matre
577 961 870 1034 perductus
895 965 1000 1014 est.
1023 952 1352 1010 Bethlehemi
1377 965 1540 1022 porro
1569 964 1693 1003 cum
1712 949 1777 1002 ad
1801 946 1946 1006 aedes

383 1056 647 1127 quasdam
695 1067 817 1106 cum
865 1048 1035 1105 Matre
1088 1062 1151 1102 ac
1196 1043 1434 1115 Josepho
1483 1040 1813 1103 divertisset,
1852 1038 1945 1109 qui

379 1147 494 1217 jam
539 1143 729 1214 grandi
771 1149 903 1196 natu
934 1156 1057 1196 cum
1091 1137 1259 1192 Maria
1301 1136 1553 1207 degebat,
1601 1132 1844 1189 secundo
1879 1131 1947 1186 ab

387 1234 672 1289 nativitate
705 1245 848 1286 anno
879 1245 908 1284 a
934 1228 1104 1301 Magis
1131 1226 1394 1282 adorandi
1421 1239 1590 1280 causa
1619 1229 1945 1288 conventus,

383 1338 450 1380 ac
475 1323 634 1379 donis
658 1328 885 1376 ornatus
911 1311 1016 1376 est.
1052 1318 1247 1373 Eadem
1272 1331 1401 1372 vero
1433 1323 1612 1382 nocte,
1646 1329 1770 1369 cum
1793 1312 1951 1368 Jose-

383 1415 528 1488 phus
563 1428 659 1485 per
690 1410 962 1469 somnium
999 1408 1066 1465 ah
1109 1408 1302 1480 angelo
1338 1414 1485 1464 esset
1518 1405 1851 1470 admonitus,
1892 1404 1950 1458 in

389 1503 682 1577 AEgyptum
715 1500 1064 1557 transfertur.
1097 1496 1254 1555 Unde
1286 1513 1484 1554 rursus
1518 1507 1640 1568 post
1667 1496 1950 1552 biennium

386 1601 606 1650 mortuo
632 1592 744 1662 jam
783 1589 1013 1656 Herode,
1043 1602 1107 1644 ac
1134 1587 1460 1645 succedente
1479 1586 1743 1644 Archelao
1764 1599 1952 1641 rever·

380 1687 543 1744 titur.

454 1775 522 1833 11.
552 1773 831 1846 Siquidem
853 1787 997 1827 anno
1025 1769 1254 1826 [let-odis
1306 1784 1500 1834 xxxin,
1551 1768 1783 1839 Augusti
1838 1781 1953 1821 ιιιι

380 1864 715 1924 Bethlehemi
758 1864 815 1918 in
847 1862 1030 1919 Judaea
1078 1859 1325 1915 Salvator
1369 1861 1633 1917 nascitur.
1666 1858 1803 1914 Tum
1850 1857 1958 1915 He·

385 1957 546 2015 roais
598 1971 743 2011 xxxv
801 1954 859 2010 in
919 1952 1210 2024 AEgyptum
1261 1950 1540 2021 profectus
1585 1957 1689 2006 est.
1751 1949 1956 2004 Eodem

387 2047 603 2105 uei-oue
646 2052 884 2111 mortuo,
913 2043 980 2098 ab
1028 2041 1265 2114 AEgypto
1298 2041 1480 2099 rediit.
1512 2041 1692 2107 Quare
1732 2056 1957 2099 necesse

386 2147 474 2195 est
523 2149 707 2192 xxxvn
735 2131 965 2189 Herodis
987 2146 1130 2186 anno
1156 2138 1412 2201 quartum
1439 2133 1617 2186 aetatis
1658 2146 1771 2186 suae
1819 2145 1955 2200 pue-

388 2228 573 2284 rulum
601 2225 803 2298 egisse,
836 2238 960 2279 eum
991 2220 1256 2286 Herodes,
1277 2222 1520 2292 inquam,
1545 2229 1750 2291 septem
1780 2237 1844 2276 ac
1865 2222 1960 2275 tri·

386 2318 540 2393 ginta
587 2316 854 2374 contectis
894 2315 1054 2371 annis
1102 2313 1321 2370 vivendi
1372 2314 1531 2369 finem
1575 2313 1783 2368 habuit.
1829 2312 1959 2369 Post

390 2409 537 2465 hunc
553 2405 851 2463 Archelaus
870 2418 1061 2460 novem
1086 2386 1247 2458 annis
1263 2402 1547 2473 imperavit
1566 2421 1582 2470 ;
1604 2419 1713 2474 quo
1729 2418 1955 2475 regnum

389 2500 613 2556 ineunte
642 2497 908 2567 losephus
931 2511 997 2551 ex
1042 2493 1279 2566 AEgypto
1307 2509 1431 2548 cum
1464 2493 1656 2557 Maria,
1689 2508 1752 2548 ac
1788 2510 1959 2564 puero

389 2591 697 2663 digressus,
731 2589 823 2644 ubi
854 2586 1180 2642 Archelaum
1217 2586 1487 2656 imperare
1515 2585 1730 2650 didicit,
1765 2587 1818 2641 in
1851 2586 1963 2641 Ga-

388 2678 586 2735 liiaeam
617 2677 864 2740 secessit,
912 2691 977 2730 ac
1014 2683 1130 2729 tum
1177 2673 1426 2731 Nazareti
1465 2673 1712 2730 consedit
1784 2673 1960 2730 Caete-

391 2783 511 2824 rum
534 2766 834 2824 Archelaus
862 2764 1128 2821 Herodem
1151 2765 1424 2836 juniorem
1446 2766 1666 2837 genuit;
1696 2765 1789 2836 qni
1817 2780 1962 2819 nono

395 2860 571 2932 patris
597 2873 741 2914 anno
766 2860 821 2914 in
848 2858 1136 2928 imperium
1165 2859 1452 2914 successit.
1483 2856 1738 2929 idemque
1781 2873 1961 2913 annus

395 2967 430 3009 a
461 2951 748 3008 nativitate
780 2950 985 3005 Christi
1028 2964 1127 3004 xm
1175 2949 1550 3006 numerandus
1576 2957 1681 3006 est.
1754 2950 1961 3006 Octavo

393 3043 608 3101 decimo
635 3057 778 3098 anno
802 3041 1034 3098 Herodis
1062 3042 1332 3113 Agrippas.
1365 3040 1527 3098 lesus
1552 3041 1811 3098 Christus
1835 3057 1961 3113 pro-

2046 591 2161 662 ρίου
2206 593 2287 654 είς
2317 587 2689 660 Ἰερουσαλὴμ,
2714 588 3000 658 γενόμενόν
3047 605 3105 642 τε
3147 590 3204 642 ἐν
3249 590 3498 662 Βηθλεέμ
3522 594 3612 649 διὰ

2042 682 2139 754 τὴν
2170 681 2486 751 συγγένειαν
2513 681 2615 732 ὑπὸ
2641 679 2739 748 τῆς
2765 681 2968 751 μητρὸς
3002 679 3426 752 βασταζόμενον·
3458 681 3610 749 αὖθις

2047 773 2206 826 πάλιν
2244 774 2323 836 είς
2355 771 2605 843 Ναζαρὲτ
2640 768 3024 839 ἀπενεχθέντα,
3054 771 3146 823 καὶ
3185 771 3323 824 κατὰ
3357 772 3616 844 δευτέραν

2047 865 2291 937 περίοδον
2333 863 2576 918 ἐνιαυτοῦ
2631 864 2709 925 είς
2751 862 2817 916 τά
2853 862 3195 932 Ἰεροσόλυμα
3244 866 3335 917 καὶ
3370 865 3618 938 Βηθλεὲμ

2048 956 2363 1028 ἐληλυθότα,
2391 954 2788 1026 βασταζόμενον
2815 952 3073 1020 ὡσαύτως
3101 955 3205 1009 ύπδ
3223 957 3321 1027 τῆς
3353 956 3486 1020 ἰδίας
3514 975 3617 1028 μη·

2048 1046 2201 1118 τρός·
2231 1047 2289 1100 ἐν
2318 1044 2563 1115 Βηθλεέμ
2585 1043 2642 1096 δὲ
2666 1046 2723 1096 ἐν
2750 1041 2898 1114 οἰκία
2922 1043 3251 1098 κατελθόντα
3279 1046 3376 1100 σὺν
3405 1050 3473 1117 τῇ
3511 1047 3618 1118 ἰδία

2052 1140 2219 1211 μητρὶ
2269 1139 2363 1192 κα“ι
2392 1136 2588 1206 Ἰωσὴφ
2635 1134 2848 1206 γέροντι
2893 1134 3026 1195 ὄντι,
3056 1136 3151 1188 σὺν
3197 1139 3263 1207 τῇ
3322 1138 3513 1210 Μαρία
3560 1139 3619 1193 δὲ

2048 1229 2160 1283 ὄντι
2181 1247 2193 1258 ·
2222 1229 2439 1282 κάκεῖσε
2469 1227 2545 1297 τῷ
2571 1225 2804 1296 δευτέρῳ
2828 1224 2937 1278 ἔτει
2966 1225 3128 1278 αὑτοῦ
3161 1229 3464 1299 γεννήσεως
3488 1247 3616 1284 κατ-

2050 1324 2378 1378 οπτευθέντα
2436 1323 2538 1376 ὑπὸ
2588 1322 2696 1377 τῶν
2747 1320 2935 1391 μάγων
2984 1319 3420 1391 προσκυνηθῆναι
3470 1320 3619 1392 δῶρα

2050 1412 2304 1476 λαδόντα,
2335 1415 2428 1466 καὶ
2456 1413 2513 1464 ἐν
2539 1411 2671 1481 αὐτῇ
2716 1412 2780 1480 τῇ
2819 1408 2974 1460 νυκτὶ
3003 1409 3095 1461 ὑπ’
3129 1408 3359 1476 ἀγγέλου
3387 1409 3480 1461 τοῦ
3506 1410 3622 1462 'lw-

2055 1505 2162 1577 σὴφ
2181 1502 2617 1576 χρηματίσαντος
2644 1503 2721 1564 εἰς
2742 1500 3015 1570 Αἴγυπτον
3047 1496 3469 1569 παραληφθέντα
3486 1512 3499 1526 ·
3524 1498 3619 1554 ἀπ’

2054 1596 2261 1651 ἐκεῖθέν
2288 1612 2346 1648 τε
2370 1593 2531 1649 πάλιν
2568 1591 2655 1645 διὰ
2691 1592 2784 1645 δύο
2816 1591 2952 1645 ἐτῶν
2981 1587 3413 1660 ἐπανεληλυθότα
3440 1589 3623 1644 τελευ·

2054 1693 2315 1763 τησαντος
2338 1687 2431 1742 τοῦ
2469 1684 2732 1758 Ἡρώδου,
2754 1684 2812 1737 Ἀ
2822 1682 3046 1757 ρχελάου
3069 1700 3128 1736 τε
3149 1681 3556 1752 διαδεξαμένου.

2126 1782 2203 1835 B'.
2243 1779 2334 1852 Τῷ
2375 1776 2485 1848 γὰρ
2524 1774 2831 1848 τριακοστῷ
2863 1775 3030 1846 τρίτῳ
3067 1773 3177 1827 ἔτει
3206 1773 3470 1843 Ἡρώδου,
3504 1788 3625 1826 τεσ-

2061 1868 2381 1942 σαρακοστῷ
2403 1869 2461 1923 δὲ
2488 1866 2724 1937 δευτέρῳ
2746 1864 3057 1934 Αὐγούστου
3084 1863 3343 1935 βασιλέως
3370 1863 3627 1932 γεννᾶται

2057 1963 2087 2017 ὀ
2112 1962 2301 2034 Σωτὴρ
2328 1961 2387 2016 ἐν
2414 1958 2658 2029 Βηθλεέμ
2681 1956 2780 2026 τῆς
2799 1955 3077 2018 Ἰουδαίας.
3101 1956 3327 2008 Κάτεισι
3348 1953 3406 2007 δέ
3428 1956 3509 2017 είς
3532 1952 3629 2007 At·
3729 1968 3735 1973 ’

2056 2069 2263 2125 γυπτον
2304 2049 2382 2121 τῷ
2424 2045 2732 2123 τριακοστῷ
2783 2044 2891 2098 ἔτει
2926 2046 3033 2098 -καὶ
3070 2044 3304 2115 πέμπτῳ
3341 2041 3583 2115 Ἡρώδου
3606 2058 3624 2074 ·

2058 2146 2230 2201 ἄνεισι
2269 2143 2326 2196 δέ
2369 2141 2478 2195 ἀπὸ
2507 2141 2607 2210 τῆς
2632 2139 2904 2207 Αἰγύπτου
2939 2135 3076 2208 μετὰ
3122 2135 3220 2206 τὴν
3263 2133 3503 2208 Ἡρώδου
3539 2151 3628 2188 τε·

2056 2236 2271 2306 λευτην.
2302 2231 2393 2286 Διὸ
2423 2232 2517 2284 ἐπὶ
2543 2229 2833 2301 τριάκοντα
2878 2229 2970 2283 καὶ
2998 2226 3136 2280 ἑπτά
3162 2225 3305 2280 ἔτεσι
3333 2226 3432 2296 τῆς
3460 2225 3629 2297 αὐτῆς

2055 2325 2152 2382 τοῦ
2197 2321 2437 2397 Ἡρώδου
2467 2322 2638 2395 ἀρχῆς
2682 2317 2750 2392 ἦν
2799 2323 2827 2374 ὁ
2871 2322 2998 2382 παῖς
3020 2318 3304 2390 τεσσάρων
3336 2316 3622 2371 &vovete

2069 2415 2334 2489 Ἡρώδης,
2369 2411 2804 2486 τριακονταεπτά
2832 2410 2924 2481 ἔτη
2958 2408 3273 2481 πληρώσας,
3298 2406 3622 2479 κατέστρεψε

2058 2506 2151 2562 τὸν
2176 2507 2307 2578 βίον.
2331 2505 2622 2576 Ἀρχέλαος
2656 2504 2711 2557 δέ
2740 2502 2893 2557 ἐννέα
2927 2502 3021 2573 ἔτη
3048 2501 3342 2571 βασιλεύει,
3363 2493 3421 2553 οῦ
3446 2499 3502 2552 ἐν
3527 2497 3629 2570 ἀρ-

2061 2600 2128 2670 χῇ
2157 2597 2256 2667 τῆς
2279 2595 2554 2666 βασιλείας
2582 2591 2741 2660 ἐξιὼν
2763 2593 2964 2664 Ἰωσὴφ
2999 2593 3094 2646 ἀπ’
3120 2591 3393 2660 Αἰγύπτου
3429 2589 3542 2660 ἃμα
3564 2589 3631 2658 τῇ

2061 2689 2249 2762 Μαρίᾳ
2279 2687 2374 2742 καὶ
2416 2685 2498 2758 τῷ
2542 2685 2712 2751 παιδὶ,
2756 2684 2994 2749 ἀκούσας
3033 2684 3125 2738 τὸν
3143 2682 3433 2753 Ἀρχέλαον
3479 2680 3633 2751 βασι-

2060 2780 2262 2836 λεύειν,
2285 2776 2629 2850 ἀνεχώρησεν
2670 2775 2750 2838 είς
2794 2775 2861 2829 τά
2900 2775 3039 2846 μέρη
3075 2774 3174 2844 τῆς
3198 2771 3501 2833 Γαλιλαίας,
3538 2769 3637 2821 καὶ

2064 2869 2351 2942 κατῴκησε
2382 2869 2501 2922 τότε
2526 2869 2605 2932 είς
2632 2866 2906 2937 Ναζαρέτ.
2934 2865 3224 2938 Ἀρχέλαος
3264 2862 3320 2915 δὲ
3353 2862 3515 2930 γεννᾷ
3541 2859 3640 2911 τὸν

2073 2961 2321 3032 Ἡρώδην
2369 2958 2460 3013 τὸν
2507 2959 2787 3029 νεώτερον.
2821 2958 2930 3013 Καὶ
2978 2954 3247 3026 βασιλεύει
3281 2954 3527 3026 Ἡρώδης
3560 2951 3640 3022 τῷ

2063 3049 2268 3119 ἐννάτῳ
2296 3046 2405 3101 ἔτει
2432 3047 2531 3116 τῆς
2562 3044 2655 3099 τοῦ
2683 3044 2887 3116 πατρὸς
2909 3044 3203 3118 Ἀρχελάου
3239 3040 3512 3114 βασιλείας
3541 3057 3642 3094 κα·

390 3133 634 3205 mulgare
683 3131 927 3186 divinum
971 3130 1198 3186 verbum
1254 3145 1545 3203 aggressus
1601 3138 1706 3195 est,
1738 3147 1803 3187 ac
1833 3147 1957 3187 cum
1984 3162 2029 3221 c
2062 3141 2129 3194 τὰ
2158 3139 2429 3210 διαδοχήν.
2462 3137 2570 3191 Καὶ
2619 3137 2809 3207 γέγονε
2853 3136 2933 3206 τῷ
2964 3134 3112 3205 αὐτῷ
3137 3133 3395 3205 δεκατρία
3424 3132 3519 3202 ἔτη
3548 3131 3644 3185 λο-

389 3221 622 3281 'nonanis
669 3223 938 3293 baptismo
977 3222 1257 3289 initiatur,
1289 3230 1403 3277 tum
1436 3238 1638 3277 annum
1687 3224 1837 3279 illum
1866 3239 1960 3279 ac-

392 3324 608 3386 ceptum
653 3314 709 3369 in
744 3328 808 3369 ea
852 3314 1107 3383 praeconii
1155 3312 1436 3369 functione
1479 3316 1777 3378 consumit,
1809 3315 1963 3370 nnllo

393 3418 574 3470 neque
600 3400 933 3466 ludaeorum,
969 3417 1146 3471 neque
1171 3403 1474 3473 gentilium,
1507 3419 1682 3473 neque
1728 3403 1965 3458 Samari·

396 3501 687 3557 tantorum.
722 3507 900 3562 neque
936 3492 1164 3548 alterius
1209 3493 1427 3563 generis
1467 3504 1822 3564 repugnante.
1860 3494 1961 3551 Se-

392 3582 577 3640 cundo
595 3583 852 3653 praeconii
871 3583 1111 3639 coelestis
1139 3597 1283 3638 anno
1303 3585 1732 3654 quamplurimos
1781 3586 1966 3643 obtre-

394 3679 638 3730 etatem
668 3673 895 3741 habuit;
930 3675 1257 3745 quiquidem
1293 3674 1525 3732 Herodis
1567 3678 1811 3746 eiusdem
1846 3694 1960 3743 xix,

397 3763 604 3820 Christi
644 3778 798 3819 xxxn
834 3766 1063 3820 exstitit.
1095 3762 1320 3820 Demum
1366 3779 1434 3819 xx
1477 3767 1763 3822 tetrarchas
1791 3768 1965 3824 ilero-

398 3851 486 3910 dis
514 3867 665 3911 anuo
691 3852 944 3910 Christus
974 3853 1236 3911 Dominus
1269 3855 1342 3910 ob
1373 3856 1595 3911 humani
1627 3862 1842 3929 generis
1871 3876 1963 3916 sa-

402 3945 570 4001 lutem
603 3958 824 4016 passus,
862 3953 1028 4014 atque
1067 3944 1256 3999 eodem
1308 3955 1553 4016 tempore
1591 3949 1724 4003 nihil
1771 3963 1968 4019 passus

397 4034 643 4113 west:
675 4043 791 4091 tum
823 4050 949 4091 eum
995 4045 1224 4092 mortem
1256 4035 1553 4108 degustans
1597 4038 1772 4110 ipsum
1805 4041 1968 4095 etiam

404 4129 593 4186 crucis
635 4125 966 4198 supplicium
1012 4126 1211 4190 subiit,
1251 4141 1376 4182 cum
1421 4128 1636 4184 iuterim
1678 4129 1814 4185 nihil
1850 4129 1969 4199 ipsa

399 4217 687 4276 divinitate
741 4224 1041 4288 pateretur.
1091 4215 1300 4272 Christo
1341 4218 1500 4282 enim,
1548 4218 1624 4273 ait
1664 4216 1967 4289 Scriptura,

398 4325 495 4378 pro
514 4310 665 4365 nobi·
693 4311 746 4363 ιἰι
766 4325 929 4364 carne
943 4309 1159 4372 passo‘.
1189 4307 1537 4379 Rursumque
1569 4308 1969 4379 :Mortificams

397 4417 578 4465 carne,
611 4401 910 4469 vivificatus
934 4409 1110 4454 autem
1129 4399 1320 4462 spirim
1342 4401 1384 4468 ¹,
1406 4411 1465 4454 et
1495 4416 1614 4472 quae
1641 4410 1967 4472 sequuntur.

2063 3231 2323 3303 γιζόμενα
2355 3234 2419 3302 τῇ
2455 3229 2704 3300 ἐνσάρκῳ
2737 3226 2973 3301 Χριστοῦ
3000 3224 3291 3299 παρουσίᾳ.
3331 3220 3641 3277 Ὃκτωκαι-

2061 3328 2274 3398 δεκάτῳ
2301 3325 2359 3379 δέ
2383 3324 2494 3378 ἔτει
2514 3322 2756 3395 Ἡρώδου
2781 3320 2873 3376 τοῦ
2906 3317 3288 3389 ἐπικληθέντος
3308 3316 3639 3388 Ἀγρίππου,

2062 3422 2183 3476 τότε
2224 3417 2427 3493 ἧρξατο
2452 3416 2709 3490 ὀἸησοῦς
2750 3415 2842 3470 τοῦ
2888 3412 3262 3486 κηρύγματος,
3304 3410 3399 3467 καὶ
3434 3410 3496 3463 τὸ
3545 3408 3642 3480 βά·

2065 3528 2274 3585 πτισμα
2298 3511 2361 3565 τὸ
2390 3509 2499 3565 ἀπὸ
2528 3507 2773 3562 Ἰωάννου
2802 3506 2921 3561 τότε
2954 3503 3244 3576 λαμδάνει,
3297 3500 3391 3557 καὶ
3438 3499 3644 3573 κηρύσ·

2065 3620 2148 3657 σει
2222 3600 2468 3656 ἐνιαυτὸν
2534 3597 2719 3653 δεκτδν
2745 3637 2760 3660 ,
2814 3598 2906 3651 ὑπ’
2936 3594 3149 3658 οὐδενὸς
3202 3584 3638 3664 άντιλσγόμενος,

2066 3693 2189 3747 οὔτε
2234 3694 2341 3747 ὑπὸ
2375 3690 2676 3755 Ἰουδαίων,
2723 3688 2847 3744 οὔτε
2891 3687 2995 3743 ύπδ
3029 3685 3320 3758 Ἑλλήνων,
3366 3684 3487 3740 οὔτε
3535 3680 3643 3738 ὑπὸ

2068 3782 2438 3855 Σαμαρειτῶν,
2468 3780 2589 3836 οὔτε
2636 3779 2741 3835 ὑπό
2792 3795 2934 3843 τινος
2979 3777 3189 3849 ἐτέρου.
3220 3776 3449 3831 Ἔπειτα
3489 3776 3642 3829 ἀντι-

2067 3874 2357 3944 λεγόμενος
2397 3872 2661 3945 ἐκήρυξεν
2702 3869 2944 3924 ἐνιαυτὸν
2980 3869 3252 3942 δεύτερον,
3292 3868 3383 3921 καὶ
3421 3865 3644 3934 γέγονεν

2068 3965 2452 4020 ἐννεακαίδεκα
2500 3963 2595 4034 ἐτη
2648 3961 2726 4033 τῷ
2774 3960 2921 4032 αὐτῷ
2952 3960 3186 4034 Ἡρώδῃ.
3215 3960 3294 4031 τῷ
3326 3959 3383 4012 δέ
3426 3954 3640 4029 Σωτῆρι

2069 4053 2388 4127 τριακοστὸν
2431 4051 2702 4124 δεύτερον.
2744 4050 2836 4105 Ἐν
2888 4051 2942 4105 δὲ
2992 4049 3068 4121 τῷ
3118 4046 3347 4119 εἰκοστῷ
3393 4046 3502 4100 ἔτει
3542 4044 3639 4100 τοῦ

2081 4141 2321 4214 Ἡρώδου
2352 4140 2773 4214 τοῦτετράρχου
2800 4139 3133 4210 καλουμένου
3156 4137 3364 4208 γίνεται
3387 4134 3448 4190 τὸ
3475 4134 3643 4204 σωτή-

2075 4248 2187 4303 ριον
2219 4231 2390 4295 πάθος
2420 4232 2512 4286 καὶ
2545 4233 2579 4304 ἠ
2608 4231 2866 4296 ἀπάθεια,
2895 4230 2930 4302 ἢ
2956 4229 3187 4284 θανάτου
3214 4226 3422 4298 γεῦσις,
3454 4223 3644 4294 γεῦσίς

2070 4340 2131 4378 τε
2176 4322 2428 4388 θανάτου,
2477 4324 2606 4397 ἄχρι
2655 4322 2889 4391 σταυροῦ
2943 4322 3242 4393 πάσχοντος
3285 4321 3343 4372 ἐν
3391 4316 3641 4388 ἀληθεία,

2072 4415 2316 4481 ἀπαθοῦς
2343 4416 2400 4470 δέ
2429 4416 2677 4487 μένοντος
2717 4416 2776 4471 ἐν
2813 4415 3049 4485 θεότητι.
3079 4411 3334 4484 Χριστοῦ
3379 4410 3490 4483 γὰρ
3532 4425 3645 4464 πα-

398 4491 461 4550 ln
488 4507 663 4551 cruce
688 4495 1064 4566 suspenditur,
1086 4493 1344 4565 sepelitur
1366 4511 1382 4561 ;
1412 4493 1478 4548 ad
1510 4490 1714 4549 inferos
1737 4508 1862 4548 cum
1885 4494 1970 4549 di—
2001 4493 2046 4550 D
2073 4506 2285 4574 odrtoc
2304 4505 2455 4576 ὑπὲρ
2479 4505 2646 4576 ἡμῶν
2671 4507 2870 4575 σαρκὶ,
2898 4511 3062 4577 φησιν
3088 4506 3123 4577 ἡ
3152 4503 3340 4576 Γραφὴ
3360 4523 3375 4538 .
3413 4501 3508 4555 καὶ
3538 4501 3644 4554 πά.

398 4587 627 4643 vinitate
655 4603 778 4652 sua,
813 4587 1104 4658 animaque
1140 4584 1458 4649 descendit;
1491 4586 1761 4656 captivam
1816 4585 1972 4641 ducit

398 4678 811 4750 captivitatem;
854 4692 919 4732 ac
962 4676 1124 4732 tertio
1168 4675 1256 4732 die
1301 4691 1425 4730 cum
1466 4676 1816 4733 sanctissimo
1865 4690 1968 4733 suo

399 4785 630 4842 corpore
675 4768 744 4824 ad
781 4769 948 4826 vitam
987 4770 1276 4825 excitatur.
1309 4767 1465 4834 Quod
1513 4767 1731 4839 quidem
1764 4782 1965 4840 corpus

401 4877 579 4935 neque
617 4862 1024 4919 dissolvendum
1060 4861 1318 4930 amplius,
1361 4874 1463 4916 nec
1502 4874 1815 4932 passurum,
1864 4875 1967 4916 nec

401 4953 504 5009 sub
531 4952 725 5008 mortis
774 4950 1112 5007 dominatum
1142 4959 1329 5022 postea
1373 4965 1656 5007 cessurum
1700 4965 1827 5006 cum
1866 4965 1968 5007 sua

401 5043 688 5099 divinitate
728 5043 1032 5113 coniunxit.
1073 5042 1129 5098 ld
1179 5043 1322 5112 quod
1363 5041 1611 5114 Apostoli
1652 5042 1968 5099 testimonio

401 5135 792 5206 comprobatur
814 5154 832 5191 ι
868 5134 1038 5203 Mon,
1069 5136 1268 5207 inquit,
1307 5151 1411 5190 ιιοιι
1445 5135 1678 5205 amplius
1717 5135 1767 5190 ei
1795 5133 1969 5191 donii-

402 5226 622 5283 aabitnr
652 5228 695 5284 ⁸.

470 5317 562 5377 lu.
596 5318 712 5377 Hoc
754 5321 922 5392 igitur
959 5323 1138 5395 ipsum
1181 5335 1405 5391 eorpus,
1450 5334 1670 5376 carnem
1707 5319 1880 5390 ipsam
1914 5330 1972 5376 et

402 5410 666 5477 animam,
717 5413 834 5485 ipsa
875 5415 1077 5485 quihus
1122 5411 1409 5468 constabat
1445 5413 1648 5477 omnia,
1679 5427 1787 5467 non
1820 5410 1971 5466 aliud

402 5502 697 5575 quidquam
725 5512 919 5576 praeter
947 5520 1135 5561 verum
1158 5517 1378 5574 corpus,
1404 5503 1497 5557 sed
1524 5502 1812 5573 ipsummet
1834 5503 1966 5558 illud

403 5595 455 5647 vi
484 5595 693 5652 coelesti
725 5592 987 5666 perfudit,
1011 5601 1065 5648 et
1100 5593 1156 5648 in
1184 5607 1353 5646 unum
1385 5592 1657 5662 idemque,
1694 5592 1748 5649 in
1779 5608 1966 5661 unam,

483 5754 502 5786 ¹
532 5752 554 5810 1
584 5753 732 5810 Petr.
767 5766 844 5819 ιν,
885 5750 931 5803 l.
969 5830 979 5839 .
1011 5751 1032 5782 ¹
1059 5747 1076 5804 l
1102 5745 1248 5805 Petr.
1281 5763 1364 5814 ιιι,
1407 5751 1492 5807 18.
1569 5756 1588 5789 ⁸
1622 5755 1777 5811 Rom.
1805 5768 1880 5819 νι,
1908 5753 1965 5808 9.

2075 4596 2157 4654 λιν
2173 4618 2186 4633 ·
2221 4599 2586 4665 Θανατωθεὶς
2613 4597 2811 4668 σαρκί,
2836 4596 3216 4668 (moros-nocie
3239 4593 3308 4648 δὲ
3330 4593 3638 4662 πνεύματι,

2074 4692 2167 4745 καὶ
2208 4691 2280 4745 τὰ
2328 4690 2476 4761 ἑξῆς.
2506 4689 2859 4762 Σταυροῦται,
2889 4689 3172 4754 θάπτεται,
3208 4684 3537 4758 κατέρχεται
3562 4685 3643 4747 είς
3727 4680 3734 4684 ”

2072 4782 2143 4838 τά
2169 4782 2495 4854 καταχθόνιοι
2521 4783 2580 4836 ἐν
2604 4781 2819 4852 θεότητι
2842 4782 2937 4836 καὶ
2959 4781 3018 4834 ἐν
3036 4780 3182 4851 ψυχῇ
3200 4792 3216 4809 ·
3247 4772 3641 4850 αίχμαλωτεύει

2072 4873 2172 4945 την
2205 4872 2599 4946 αἰχμαλωσίαν,
2619 4873 2713 4927 καὶ
2738 4872 3021 4927 ἀνίσταται
3053 4873 3119 4942 τῇ
3146 4867 3305 4941 τρίτη
3330 4866 3513 4939 ἡμέρα
3542 4864 3640 4917 σὺν

2074 4964 2223 5037 αὐτῷ
2251 4963 2329 5037 τῷ
2356 4963 2495 5035 ἁγίῳ
2528 4962 2761 5035 σώματι,
2792 4963 3096 5027 συνενώσας
3122 4961 3185 5017 τὸ
3213 4960 3370 5033 σῶμα
3417 4962 3483 5031 τῇ
3526 4957 3643 5012 θεό-

2072 5072 2216 5130 τητι,
2252 5055 2447 5128 μηκέτι
2482 5055 2761 5126 λυόμενον,
2806 5056 3002 5126 μηκέτι
3047 5054 3273 5124 πάσχον,
3311 5050 3506 5124 μηκέτι
3538 5049 3641 5102 ὑπὸ

2076 5146 2306 5203 θανάτου
2354 5144 2761 5219 κυριευόμενον,
2789 5145 2865 5210 ὥς
2892 5161 3056 5216 φησιν
3087 5145 3116 5199 ό
3144 5141 3466 5204 Ἀπόστολος
3483 5156 3496 5168 ·
3530 5138 3641 5193 Θά-

2073 5254 2253 5303 νατος
2278 5235 2466 5293 αὑτοῦ
2490 5235 2692 5292 οὐκέτι
2712 5237 2991 5306 κυριεύει.

2143 5329 2217 5382 P.
2258 5328 2399 5382 Αὐτὸ
2424 5326 2584 5399 σῶμα
2612 5326 2898 5397 ἀληθινῶς,
2921 5325 3088 5397 αὐτὴν
3118 5326 3218 5399 τὴν
3243 5324 3441 5396 σάρκα,
3469 5319 3640 5389 αὐτὴν

2073 5418 2172 5491 τὴν
2206 5417 2404 5490 ψυχὴν,
2427 5418 2567 5472 αὐτά
2589 5419 2658 5473 τὰ
2684 5421 2860 5474 πάντα
2881 5462 2898 5487 ,
2930 5421 3030 5473 οὐκ
3062 5418 3189 5473 ἄλλο
3219 5434 3273 5470 τι
3301 5413 3450 5486 παρά
3483 5412 3544 5466 τὸ
3580 5411 3641 5465 δν

2078 5509 2270 5582 σῶμα,
2299 5508 2414 5563 ἀλλ’
2447 5509 2582 5566 αὐτὸ
2611 5511 2674 5566 τὸ
2697 5510 2758 5564 δν
2794 5508 3212 5582 ἐνδυναμώσας,
3243 5509 3322 5572 είς
3366 5506 3495 5577 μίαν
3525 5502 3643 5557 ἐνό-

2076 5616 2247 5672 τητα,
2280 5602 2358 5664 εἰς
2397 5598 2523 5669 μίαν
2559 5600 2787 5673 θεότητα
2808 5640 2823 5667 ,
2864 5601 2935 5655 τὸ·
2957 5598 3217 5672 σαρκικδν
3257 5595 3551 5667 ἄφθαρτον,
3581 5590 3643 5646 τὸ
