3850 6517
294 434 369 490 as
1558 422 1618 477 s.
1662 418 2005 475 smefflmn
2045 417 2222 477 vin.
2928 382 2942 402 “
3411 431 3418 436 -
3461 408 3533 462 20

300 547 462 605 αὑτοῦ
498 546 561 600 τὸ
600 545 721 609 πῶς
747 542 1032 615 διαθρέψαι
1062 540 1397 611 Ἐπιφᾱνιον,
1433 538 1526 593 καὶ
1551 537 1650 609 τὴν
1677 537 1865 591 τούτου
1893 542 1942 599 Α
1970 535 2200 591 sollicita
2231 544 2397 600 esset,
2420 535 2697 605 quomodo
2727 532 3088 605 Epiphanium
3116 531 3310 598 aleret,
3342 539 3399 586 et
3424 532 3543 614 eJus

300 644 565 717 ἀδελφὴν,
612 641 796 710 ἐπειδὴ
840 639 1168 711 συμμέτρως
1211 637 1396 707 διῆγον
1444 635 1515 688 τὰ
1560 631 1867 704 σωματικά.

300 736 418 789 Τῶν
443 735 502 789 δὲ
527 732 757 804 ἐχόντων
780 729 1072 799 ὑποζύγιον
1098 729 1330 784 ἄτακτον
1374 726 1512 796 πρὸς
1544 723 1870 795 ὑπηρεσίαν,

299 819 455 877 εἶπεν
508 821 544 892 ἡ
597 821 777 892 μήτηρ
821 817 985 873 αὑτοῦ
1054 817 1191 889 πρὸς
1242 813 1554 884 Ἐπιφάνιον
1572 829 1587 844 ·
1632 811 1834 865 Τέκνον
1852 851 1867 874 ,

302 912 491 983 ἐπειδὴ
530 909 782 964 στένωσιν
812 910 944 979 ἡμῖν
971 907 1198 978 παρέχει
1239 907 1269 960 ὀ
1307 901 1452 967 οἶκος
1478 902 1606 974 περὶ
1632 903 1733 965 τὰς
1763 918 1870 954 σω-

214 991 220 995 *
309 1002 543 1075 ματικὰς
584 1001 804 1073 χρείας,
843 1000 936 1054 καὶ
983 997 1256 1071 χρῄζομεν
1301 995 1594 1066 ἐδωδίμων,
1638 993 1770 1047 λάθε
1811 992 1873 1047 τὸ

308 1093 593 1162 ὑποζύγιον
618 1092 680 1145 τὸ
703 1090 764 1145 av
787 1091 848 1143 ἐν
881 1088 961 1160 τῷ
985 1089 1117 1159 οίκῳ
1140 1087 1296 1158 ἡμῶν
1316 1103 1330 1119 ·
1374 1085 1466 1138 καὶ
1489 1083 1691 1138 ἄπελθε
1714 1083 1774 1136 ἐν
1800 1085 1867 1153 τῇ

311 1182 604 1256 πανηγύρει
627 1221 643 1246 ,
675 1181 769 1236 καὶ
810 1180 1060 1251 πώλησον
1092 1179 1250 1233 αὑτό·
1282 1176 1374 1231 καὶ
1415 1177 1732 1246 ποιήσωμεν
1769 1174 1869 1244 τὴν

306 1274 456 1346 ἡμῶν
483 1273 621 1345 “W
647 1270 941 1343 διατροφὴν
965 1267 1170 1341 χρείαν.
1200 1268 1259 1320 ‘0
1279 1267 1335 1320 δὲ
1374 1265 1687 1335 Ἐπιιράνιος
1714 1261 1868 1316 εἶπεν

301 1363 437 1436 πρὸς
467 1363 566 1435 τὴν
602 1361 796 1415 ἑαυτοῦ
832 1361 1073 1433 μητέρα·
1104 1358 1327 1429 Μῆτερ,
1363 1358 1426 1411 σὺ
1447 1355 1751 1424 γινώσκεις,
1785 1353 1867 1406 δτι

299 1453 533 1509 ἄτακτύν
569 1455 718 1507 ἐστιν
750 1452 812 1505 τὸ
855 1449 1149 1520 ὑποζύγιον
1175 1449 1331 1520 ἡμῶν
1353 1466 1367 1480 ·
1406 1448 1499 1501 καὶ
1543 1446 1723 1511 ἔσται,
1770 1444 1868 1498 ἐὰν

296 1545 516 1601 ἀπέλθω
535 1546 631 1599 ἐπὶ
656 1544 720 1597 τὸ
743 1538 1084 1615 διαπωλῆσαι
1114 1542 1263 1607 αὐτὸ,
1287 1539 1486 1602 εἰδότες
1509 1539 1558 1591 οἱ
1581 1535 1870 1607 συναχθέν·

294 1655 386 1702 τες
413 1636 604 1707 ἄνδρες
643 1637 701 1687 ἐν
730 1633 809 1705 τῷ
849 1634 999 1704 τόπῳ
1035 1635 1226 1704 ἐκείνῳ
1272 1631 1369 1702 τὴν
1414 1629 1638 1696 ἀταξίαν
1680 1627 1865 1691 αὑτοῦ,

296 1726 701 1798 τιμωρήσονταί
750 1742 816 1796 με
843 1725 1113 1793 λέγοντες,
1160 1724 1241 1776 δτι
1270 1722 1454 1775 Κακδν
1483 1721 1641 1790 ἔχων,
1683 1717 1866 1780 κακῶς

299 1816 575 1887 ὑπομένῃς
605 1814 742 1869 κατὰ
772 1814 865 1869 τὸν
892 1815 1080 1886 νόμον.
1117 1808 1284 1866 Εἶπεν
1310 1812 1368 1865 δὲ
1387 1813 1421 1881 ἡ
1450 1810 1633 1880 μήτηρ
1666 1806 1831 1861 αὑτοῦ
1849 1823 1863 1836 ·

303 1907 536 1960 Ἀπελθε
558 1948 573 1972 ,
616 1907 837 1960 τέκνον·
886 1906 981 1959 καὶ
1022 1907 1052 1960 ὀ
1090 1903 1224 1967 Θεὸς
1263 1902 1372 1958 τῶν
1418 1900 1669 1971 πατέρων
1711 1898 1881 1970 ἡμῶν,

310 1995 561 2067 Ἀδραὰμ
603 1995 698 2050 καὶ
750 1995 934 2049 Ἰσαὰκ
979 1995 1072 2048 καὶ
1125 1992 1317 2046 ’ῐακὼδ
1346 1990 1508 2046 δώσει
1544 1988 1757 2042 σύνεσιν
1791 1984 1869 2057 τῷ

295 2079 607 2157 ὑποζυγίῳ,
653 2087 803 2149 ὅπως
849 2084 936 2140 διὰ
980 2082 1075 2138 τοῦ
1131 2084 1436 2154 τιμήματος
1489 2078 1656 2134 αὑτοῦ
1707 2080 1870 2148 ἡμεῖς

293 2176 718 2250 διακονηθῶμεν.
754 2178 814 2230 ὐ
842 2177 899 2234 δὲ
937 2176 1246 2245 Ἐπιφάνιος
1282 2172 1752 2242 ἐπικαλεσάμενος
1775 2168 1868 2222 τὸν

293 2269 443 2335 Θεὸν,
488 2269 583 2322 τὸν
632 2269 793 2322 δόντα
821 2268 983 2339 χάριν
1031 2265 1112 2336 τῷ
1151 2267 1374 2320 Μωὺσεῖ
1415 2263 1686 2316 ἐπιτελεῖν
1728 2259 1869 2313 κατὰ

299 2359 589 2428 πρόσωπον
614 2359 817 2429 Φαραὼ
847 2356 914 2411 τὰ
951 2359 1153 2428 σημεῖα
1183 2355 1250 2409 τὰ
1279 2355 1532 2426 μέγιστα,
1574 2349 1867 2423 ἐπορεύθη,

301 2447 616 2517 βουλόμενος
645 2446 742 2517 τὴν
772 2445 1017 2514 ὑπακοὴν
1037 2444 1138 2514 τῆς
1159 2442 1296 2505 ίδίας
1321 2440 1528 2513 μητρὸς
1557 2437 1867 2510 πληρῶσαι.

369 2536 448 2588 B'.
467 2537 580 2587 Καὶ
602 2536 670 2605 δὴ
700 2535 954 2588 εἰσελθὼν
981 2537 1059 2598 είς
1083 2535 1180 2606 τὴν
1212 2536 1540 2604 πανήγυριν,
1567 2531 1785 2600 ἐγένετο
1808 2529 1871 2583 τὸ

311 2620 601 2688 ὑποζύγιον
637 2621 699 2673 τὸ
727 2622 955 2674 ἄτακτον
973 2659 989 2683 ,
1021 2622 1272 2674 εὑτακτον
1291 2660 1306 2682 ,
1354 2623 1449 2674 καὶ
1477 2621 1646 2690 πολλῇ
1693 2620 1871 2691 πραΰ-

304 2728 427 2781 τητι
457 2711 896 2782 κεκοσμημένον.
930 2707 1263 2780 Παρεγένετο
1284 2708 1341 2760 δέ
1368 2725 1450 2771 τις
1464 2710 1710 2771 Ἰουδαῖος
1736 2710 1871 2782 ἀνὴρ

296 2800 736 2870 πραγματευτὴς
756 2838 774 2865 ,
820 2799 1043 2868 ὀνόματι
1102 2796 1294 2851 Ἰακὼὄ
1312 2814 1325 2827 ·
1391 2798 1484 2850 καὶ
1535 2793 1686 2851 εἶπεν
1740 2798 1874 2870 πρὸς

307 2890 639 2958 Ἐπιφάνιον·
675 2889 881 2953 Βούλει,
908 2887 1140 2952 παιδίον,
1175 2887 1236 2940 τὸ
1260 2887 1551 2957 ὑποζύγιον
1572 2888 1730 2943 τοῦτο
1755 2907 1870 2944 πω-

296 2977 491 3048 λῆσαις
532 2980 591 3033 Ὀ
627 2979 686 3033 δὲ
730 2979 1041 3047 Ἐπιφάνιος
1086 2976 1278 3030 εἶπεν·
1331 2977 1477 3041 Ναὶ,
1522 2978 1731 3050 πάτερ·
1781 2978 1872 3032 διὰ

295 3069 453 3123 τοῦτο
501 3071 727 3142 ἐνήνοχα
769 3070 902 3123 αὑτὸ
945 3068 1198 3124 ἐνταῦθα.
1257 3070 1317 3122 Ὀ
1360 3069 1419 3122 δὲ
1478 3067 1672 3123 Ἰακὼὸ
1716 3063 1870 3123 εἶπεν

293 3162 427 3234 πρὸς
460 3163 775 3235 Ἐπιφὰνιον
793 3178 808 3192 ·
835 3162 1003 3226 Ποίας
1029 3162 1327 3234 θρησκείας
1376 3161 1679 3233 ὑπάρχεις;
1727 3162 1786 3214 ⁰0
1813 3161 1872 3215 δέ
1897 3195 1940 3253 C

305 3255 618 3324 ’Βπιφάνιος
658 3252 841 3308 εἶπεν·
883 3253 1157 3318 Ἰουδαῖος.
1191 3250 1362 3308 Εἶπεν
1385 3253 1444 3307 δὲ
1480 3252 1705 3307 Ἰακώδ·
1737 3252 1868 3307 Σύν·

296 3343 440 3396 εθνοι
485 3345 665 3409 ὅντες,
720 3345 793 3415 μὴ
837 3345 1111 3416 ἁμαρτίαν
1160 3345 1389 3416 μεσίτην
1437 3343 1692 3414 λάθωμεν
1746 3342 1869 3397 καθ’

297 3435 526 3498 ἑαυτῶν,
559 3436 747 3489 τέκνον
765 3453 778 3466 ·
807 3436 940 3490 ἀλλὰ
970 3435 1178 3489 δικαίου
1208 3434 1344 3489 Θεοῦ
1379 3435 1534 3499 ὄντες
1569 3434 1871 3489 δικαιώσω·

296 3543 399 3596 μεν
427 3526 528 3596 τὴν
555 3525 652 3579 τοῦ
675 3524 966 3595 ὑποζυγίου
990 3527 1176 3598 τιμήν.
1210 3526 1300 3590 Ὦς
1329 3528 1466 3596 μήτε
1498 3526 1564 3578 σὺ
1585 3523 1867 3595 ἀδικηθῇς.

293 3617 430 3686 μήτε
468 3617 580 3685 ἐγὼ
625 3616 918 3690 ζημιωθῶ·
966 3617 1042 3689 μὴ
1090 3616 1187 3671 καὶ
1226 3615 1473 3687 κατάρας
1517 3616 1732 3679 ἑαυτοῖς
1773 3616 1871 3667 ἐπ-

291 3708 605 3783 ενέγκωμεν
653 3711 788 3783 μετὰ
829 3710 1004 3765 ταῦτα
1027 3749 1042 3774 ,
1102 3709 1198 3763 καὶ
1247 3708 1617 3780 ἀγανακτήσει
1661 3709 1691 3762 ὀ
1736 3706 1871 3771 Θεὸς

291 3800 413 3855 καθ’
447 3800 632 3874 ἡμῶν·
685 3800 821 3858 ἀλλὰ
872 3802 1076 3873 μᾶλλον
1127 3799 1380 3866 εὐλογίας
1403 3815 1419 3832 ·
1468 3800 1551 3852 δτι
1603 3795 1868 3855 slav-'O

291 3885 562 3962 εὐλογῶν
585 3892 922 3962 εὐλογεῖται
954 3930 971 3953 ,
1004 3889 1107 3940 καὶ
1137 3891 1168 3939 ό
1193 3886 1603 3955 καταρώμενος
1625 3887 1872 3957 καταρᾶ-

296 4001 411 4037 ται.
462 3983 730 4042 Ἀκούσας
771 3980 830 4032 δὲ
873 3975 1098 4030 ταῦταὸ
1139 3975 1471 4045 Ἐπιφὰνιος,
1508 3978 1709 4052 σφῷρα
1750 3981 1872 4052 ἐφο-

303 4071 449 4138 δήθη
477 4070 576 4139 τὴν
619 4068 938 4139 κατάκρισιν
986 4064 1081 4120 τοῦ
1142 4063 1352 4135 Ἰακὼὸ,
1407 4069 1499 4122 καὶ
1535 4066 1688 4125 εἶπεν
1737 4073 1871 4144 πρὸς

309 4159 505 4213 αὑτόν·
553 4158 742 4216 Οὐκέτι
774 4159 1033 4232 βούλομαί
1075 4177 1157 4214 σοι
1203 4161 1535 4234 πιπράσκειν
1576 4164 1636 4218 τὸ
1669 4165 1870 4232 ὑποζύ-

186 4312 197 4323 ,
309 4269 418 4322 γιον
460 4250 638 4308 τοῦτο.
697 4251 751 4307 Ὁ
789 4251 844 4306 δὲ
895 4251 1090 4305 'laxos
1134 4249 1288 4307 εἶπεν
1337 4254 1471 4326 πρὸς
1517 4255 1866 4327 Ἐπιιράνιοψ

299 4343 398 4398 Διὰ
442 4343 602 4398 ποίαν
644 4343 839 4406 αίτίαν,
884 4337 931 4397 ὧ
978 4343 1204 4410 τέκνον;
1263 4344 1323 4402 ’0
1383 4346 1697 4415 Ἐπιφάνιος
1744 4345 1867 4402 εἶπε

299 4433 433 4506 πρὸς
474 4432 666 4487 αὑτόν·
701 4433 775 4486 Τὸ
813 4431 1107 4501 ὑποζύγιον
1148 4433 1339 4500 τοῦτο,
1382 4436 1591 4509 πάτερ,
1634 4438 1868 4493 ἄτακτόν

1974 644 2242 695 sororem,
2288 629 2732 698 quandoquidem
2762 636 2921 683 erant
2968 626 3195 682 modicae
3225 641 3422 681 eorum
3457 627 3540 682 fa·

1973 722 2222 775 cultateS.
2252 717 2389 773 Cum
2409 733 2579 772 unum
2606 733 2738 773 vero
2759 718 3074 787 jumentum
3096 717 3359 773 haherent
3383 719 3539 773 indo·

1972 811 2189 877 mitum,
2237 810 2375 865 dixit
2434 821 2610 864 mater
2667 808 3013 878 Epiphanio:
3072 808 3172 864 Fili
3205 849 3221 875 ,
3284 809 3541 878 quoniam

1975 900 2176 955 familia
2220 910 2427 965 nostra,
2464 900 2517 954 in
2548 899 2615 955 iis
2652 914 2774 971 quae
2805 899 2872 953 ad
2890 901 3137 970 corporis
3177 915 3336 955 usum
3388 901 3549 969 perti·

1974 999 2124 1057 nent,
2170 991 2324 1046 nohis
2367 991 2567 1061 praebet
2604 991 2907 1059 angustias,
2942 1000 2999 1045 et
3025 991 3151 1045 ciho
3196 991 3504 1062 indigemus
3526 1033 3543 1053 ,

1971 1083 2156 1153 accipe
2179 1082 2507 1152 Jumentum.
2542 1081 2689 1152 quod
2727 1089 2813 1138 est
2852 1081 2992 1136 intra
3021 1081 3243 1136 domum
3276 1091 3541 1146 nostram,

1969 1182 2024 1228 et
2053 1174 2188 1228 sade
2230 1174 2299 1228 ad
2325 1175 2620 1238 nundinas,
2650 1185 2705 1228 et
2731 1173 2940 1230 vende:
2986 1181 3043 1226 et
3076 1173 3147 1227 ita
3178 1172 3231 1226 id
3260 1173 3409 1242 quud
3438 1173 3542 1230 etit

1968 1265 2036 1318 ad
2069 1278 2169 1318 nos
2210 1264 2433 1320 alendos
2471 1265 2615 1328 usui,
2662 1263 3152 1332 suppeditabimus.
3201 1260 3545 1333 Epiphanius

1969 1363 2148 1408 autem
2183 1354 2321 1409 dixit
2357 1356 2516 1409 matri
2558 1369 2717 1410 snae:
2772 1353 2896 1409 Scis
2942 1354 3247 1423 jumentum
3295 1364 3544 1410 nostrum

1968 1443 2147 1498 adhuc
2190 1457 2313 1498 esse
2364 1443 2712 1508 indomitum,
2774 1443 2974 1512 fletque
3025 1453 3086 1497 ut
3117 1444 3161 1498 si
3212 1459 3334 1498 eam
3374 1445 3445 1498 ad
3488 1445 3544 1501 id

1968 1535 2329 1598 vendendum,
2380 1536 2473 1605 qui
2508 1535 2562 1589 in
2607 1534 2700 1590 illo
2733 1535 2857 1589 loco
2887 1535 3201 1606 congregati
3244 1544 3429 1599 erunt,
3464 1537 3545 1590 vi-

1969 1629 2156 1684 dentes
2184 1628 2306 1698 ejus
2339 1628 2709 1693 insolentiam,
2755 1643 2841 1688 me
2870 1642 3030 1698 poena
3071 1628 3327 1694 adiciant,
3361 1629 3543 1684 diceu-

1973 1730 2095 1776 tes:
2127 1719 2262 1776 Cum
2307 1720 2510 1773 maium
2567 1719 2789 1785 habeas,
2838 1719 2979 1773 male
3033 1719 3258 1788 patieris
3300 1732 3367 1774 ex
3406 1719 3542 1788 lege.

1971 1811 2114 1865 Dixit
2137 1812 2187 1865 ei
2219 1821 2429 1866 mater:
2469 1808 2604 1871 Abi,
2647 1809 2759 1874 mn
2801 1808 2942 1865 Deus
2977 1817 3193 1878 patrum
3231 1818 3546 1865 nostrorum

1973 1901 2222 1964 Abrahae,
2270 1899 2422 1955 isaac
2449 1908 2503 1954 et
2538 1897 2729 1965 Jacob,
2777 1899 3028 1968 jumento
3057 1898 3210 1954 dahit
3240 1899 3548 1972 inteiiissen·

1973 1995 2099 2046 tiam
2122 2031 2138 2056 ,
2176 1999 2235 2045 nt
2260 2005 2353 2057 per
2380 1991 2501 2060 ejus
2534 1990 2767 2060 pretium
2813 2003 2913 2044 nos
2945 1997 3139 2045 nostru
3173 1990 3296 2044 usui
3336 1988 3549 2046 servia·-

1971 2097 2114 2137 mns.
2165 2080 2505 2151 Epiphanius
2540 2089 2747 2144 autem,
2805 2078 2918 2134 Deo
2950 2079 3225 2144 invocato,
3273 2082 3366 2150 qui
3400 2080 3551 2136 dedit

1970 2171 2106 2225 Mosi
2169 2172 2425 2241 gratiam,
2485 2177 2545 2225 ut
2606 2170 2844 2224 maxima
2896 2170 3053 2240 signa
3110 2169 3314 2226 faceret
3360 2186 3550 2228 coram

1969 2261 2274 2324 Pharaone,
2311 2258 2586 2330 profectus
2615 2266 2718 2324 νει,
2747 2258 2934 2313 votens
2962 2259 3182 2314 obedire
3215 2261 3375 2315 matri
3407 2276 3547 2318 suae.

2055 2525 2119 2580 ΙΙ.
2160 2527 2297 2582 Cum
2324 2524 2391 2579 ad
2422 2525 2697 2579 nundinas
2744 2534 2925 2579 autem
2950 2534 3096 2580 esset
3134 2524 3435 2596 ingressus,
3462 2538 3554 2581 ac·

1970 2619 2101 2675 cidit
2142 2627 2199 2673 ιιι
2232 2618 2542 2688 jumentum
2590 2615 2912 2671 indomitum
2964 2617 3116 2672 fleret
3156 2616 3455 2687 piacidum,
3498 2627 3553 2671 et

1972 2709 2128 2763 vaide
2176 2716 2544 2762 mansuetum.
2593 2703 2782 2760 Adfuit
2830 2713 3010 2759 autem
3066 2705 3289 2775 quidam
3331 2701 3553 2759 luda-us

1972 2799 2299 2871 negotiator,
2345 2798 2568 2852 nomine
2606 2795 2799 2860 Jacob,
2858 2796 2952 2866 qui
3004 2796 3143 2850 dixit
3197 2796 3499 2866 Epiphanio
3533 2815 3550 2850 a

1978 2891 2092 2956 Vis,
2120 2907 2154 2946 o
2183 2891 2256 2945 titi
2281 2929 2297 2954 ‚
2332 2890 2567 2946 vendero
2599 2890 2703 2944 hoc
2740 2887 3092 2959 jumentum?
3130 2886 3278 2941 Dixit
3315 2887 3554 2958 Epipha-

1973 2983 2098 3038 nius
2129 3000 2143 3036 :
2176 2981 2427 3045 Maxime,
2464 2988 2640 3051 pater,
2670 2995 2733 3036 ea
2763 2979 2911 3035 enim
2941 2980 3011 3034 de
3035 2992 3202 3034 causa
3232 2979 3282 3033 id
3325 2977 3547 3033 adduxi.

1974 3071 2331 3142 Respondens
2363 3081 2567 3133 autem,
2599 3071 2737 3126 dixit
2775 3070 3117 3142 Epiphanio:
3160 3069 3457 3140 Cuiusnam
3488 3085 3551 3126 es

1976 3162 2295 3232 religionis!
2333 3160 2478 3217 Dixit
2526 3161 2865 3232 Epiphanius
2910 3180 2925 3216 ι
2992 3147 3236 3217 ludin-us.
3295 3160 3441 3214 Dixit
3499 3162 3552 3215 ei

1973 3251 2142 3310 Jacob
2172 3271 2187 3309 ι
2216 3253 2355 3309 Cum
2381 3253 2558 3309 simus
2591 3254 2837 3323 ejusdem
2871 3253 3071 3324 gentis,
3114 3266 3223 3308 non
3260 3252 3421 3308 dehet
3465 3252 3552 3306 in·

1977 3355 2057 3399 ter
2086 3361 2186 3401 nos
2219 3355 2503 3417 peccatum
2546 3345 2927 3402 intercedere:
2979 3346 3073 3402 sed
3116 3360 3241 3401 cum
3292 3345 3364 3400 sit
3411 3343 3553 3400 Deris

1979 3445 2164 3492 noster
2203 3437 2409 3506 justus,
2462 3436 2869 3492 constituamus
2903 3435 3113 3506 justum
3152 3434 3385 3505 jumenti
3428 3449 3549 3504 pre·

1979 3529 2135 3595 tium,
2162 3538 2224 3585 ut
2256 3544 2434 3600 neque
2476 3536 2532 3584 tu
2566 3529 2768 3599 injuria
2802 3527 3076 3593 afficiaris,
3121 3542 3222 3581 neo
3262 3541 3365 3595 ego
3404 3526 3555 3581 dam·

1976 3634 2104 3673 num
2136 3619 2315 3689 patiar
2347 3634 2456 3675 :ne
2491 3618 2780 3675 maledicta
2812 3626 3000 3688 postea
3036 3615 3197 3672 nohis
3231 3615 3551 3677 inseramus.

1975 3722 2029 3768 et
2052 3712 2197 3769 Deus
2229 3714 2388 3770 nohis
2441 3714 2743 3778 irascatur;
2775 3713 2867 3768 sed
2906 3711 3087 3782 potius
3125 3711 3552 3775 bennedictiones,

1976 3807 2236 3878 quoniam
2256 3806 2395 3862 dixit
2421 3807 2437 3838 ⁸
2468 3825 2481 3860 :
2516 3806 2621 3871 Qui
2652 3805 2929 3866 benedicit,
2972 3802 3341 3862 benedicetur,-
3372 3810 3423 3853 et
3461 3800 3554 3870 qui

1978 3899 2272 3962 ntaledioit,
2304 3907 2381 3953 est
2430 3896 2766 3951 vualede‘ctus.
2807 3893 2902 3950 nis
2941 3903 3124 3949 antem
3169 3890 3393 3953 auditis,
3428 3890 3547 3960 Epi·

1975 3991 2216 4062 phanius
2251 3989 2408 4044 valde
2458 3988 2639 4043 timuit
2685 3985 3197 4042 condemnationem
3240 3981 3432 4046 Jacob,
3502 3988 3556 4036 et

1976 4082 2111 4137 dixit
2140 4081 2190 4136 ei
2222 4098 2236 4135 ι
2279 4079 2415 4136 Nolo
2447 4079 2543 4134 tibi
2576 4077 2812 4149 amplius
2833 4075 3067 4131 vendere
3094 4075 3199 4130 hoc
3221 4074 3551 4144 iumentum.

1976 4172 2147 4228 Jacob
2178 4187 2307 4227 vern
2350 4171 2487 4227 dixit
2520 4170 2861 4240 Epiphanio:
2917 4166 3165 4234 Quanam
3201 4166 3268 4220 de
3297 4179 3483 4219 causa.
3520 4180 3554 4218 o

1976 4264 2053 4318 iili
2076 4264 2100 4317 ⁴?
2124 4262 2467 4334 Epiphanius
2506 4261 2644 4315 dixit
2678 4262 2727 4317 ei
2756 4279 2768 4315 :
2810 4258 2922 4316 linc
2949 4259 3284 4329 jumentum,
3316 4271 3350 4311 o
3376 4246 3548 4327 pater}

1977 4364 2054 4410 est
2087 4354 2329 4410 insolens
2360 4361 2414 4408 et
2440 4352 2802 4418 indomitum;
2830 4350 3202 4405 acerbissimae
3238 4364 3365 4401 vero
3391 4347 3552 4402 sannis

1977 4446 2241 4517 angustiae
2268 4445 2486 4500 subiere
2505 4444 2728 4498 domum
2761 4457 2959 4496 meam.
2984 4442 3268 4497 {dstantem
3292 4440 3423 4493 mihi
3444 4455 3554 4491 ma·

295 4527 462 4587 ἔστιν,
493 4525 587 4578 καὶ
621 4526 876 4588 στένωσῑς
909 4525 1240 4598 πικροτάτου
1269 4525 1430 4596 λιμοῦ
1461 4528 1780 4599 ἐπεισῆλθεν
1814 4531 1872 4583 ὲν
1906 4550 1951 4605 0
1977 4546 2131 4592 teret
2156 4551 2350 4601 soror3
2384 4545 2538 4605 pater
2584 4535 2728 4589 enim
2777 4548 2933 4589 meus
2978 4533 3213 4587 excessit
3244 4546 3275 4585 e
3308 4531 3414 4584 vita
3449 4533 3542 4584 hn-

296 4616 373 4687 τῷ
401 4619 533 4688 οἴκῳ
567 4634 666 4686 μου
688 4632 702 4647 ·
736 4616 972 4687 ὑπάρχει
1005 4616 1112 4687 γάρ
1146 4634 1235 4688 μοι
1269 4618 1485 4688 μήτηρ,
1518 4619 1611 4671 καὶ
1643 4621 1866 4690 ἀδελφή.

310 4708 367 4759 ⁰0
396 4707 500 4776 γὰρ
530 4709 713 4778 πατήρ
742 4725 842 4777 μου
875 4706 1100 4777 ἐξῆλθεν
1126 4707 1218 4761 τὸν
1249 4706 1361 4778 βίον
1383 4707 1476 4761 τὸν
1509 4708 1862 4780 ἀνθρώπινον.

297 4801 408 4870 Τῆς
450 4794 543 4853 οὗν
590 4801 795 4873 μητρός
842 4818 945 4871 μου
973 4800 1190 4869 ἐγένετο
1218 4800 1465 4864 κέλευσις
1492 4802 1585 4855 τοῦ
1620 4802 1868 4876 πωλῆσαι

296 4893 355 4945 τὸ
390 4889 682 4959 ὑποζύγιον
711 4893 798 4946 διὰ
832 4893 931 4963 τὴν
965 4892 1156 4962 χρείαν
1205 4892 1312 4944 τῶν
1345 4891 1636 4962 ἐδωδίμων.
1671 4894 1784 4949 Νῦν
1809 4895 1894 4948 δὲ’

296 4985 503 5055 ἥκουσα
553 4983 708 5056 παρὰ
754 4983 870 5048 σοῦ,
920 4985 1117 5056 πάτερ,
1164 4984 1246 5037 ὅτι
1280 4983 1446 5038 κακὸν
1483 4984 1544 5037 τὸ
1593 4985 1866 5038 καταὸλά-

297 5093 468 5141 πτειν,
495 5077 590 5131 καὶ
620 5075 896 5147 ἑφοδήθην
918 5076 1010 5129 τὸν
1037 5076 1191 5139 Θεὸν,
1224 5077 1430 5147 μήποτε
1455 5077 1739 5152 καταράσῃ
1775 5094 1862 5149 με,

1980 4643 2159 4682 mana.
2182 4626 2483 4680 Matermca
2508 4626 2695 4694 jussit,
2717 4636 2774 4678 nt
2790 4623 3077 4679 venderem
3099 4622 3201 4677 hoc
3219 4622 3547 4691 1Ῑιιιιιωιιιιιιι,

1977 4730 2265 4790 propterea
2324 4717 2470 4789 quod
2531 4716 2654 4770 cihn
2706 4715 3103 4784 indigeremus.
3160 4711 3313 4766 Nunc
3367 4721 3547 4766 autern

1976 4813 2157 4866 audivi
2188 4828 2249 4866 ex
2282 4820 2352 4874 te,
2387 4817 2561 4879 pater,
2592 4808 2737 4877 qnod
2786 4804 2987 4858 malum
3041 4803 3114 4857 sit
3160 4804 3419 4857 damnum
3472 4805 3551 4857 as-

1977 4896 2119 4956 serre
2146 4919 2159 4967 ;
2192 4911 2245 4957 et
2273 4902 2441 4956 Deum
2480 4899 2660 4962 timui,
2702 4912 2766 4951 ne
2794 4896 2935 4950 sorte
2965 4903 3021 4949 tu
3067 4895 3199 4950 mihi
3234 4892 3548 4961 rualene-as,

1976 4998 2024 5040 et
2061 4983 2264 5045 iile'me
2307 4990 2498 5059 puniat
2528 4994 2747 5056 propter
2796 4994 2944 5041 tuam
2995 4985 3047 5039 in
3085 5001 3171 5040 me
3216 4982 3554 5040 maledictio·

1979 5094 2124 5133 nem.

297 5171 390 5223 καὶ
438 5169 816 5242 τιμωρήσεταί
860 5187 926 5240 με
976 5171 1004 5223 ὀ
1040 5170 1172 5235 Θεὸς
1213 5170 1304 5224 διὰ
1343 5171 1443 5242 τῆς
1487 5172 1732 5243 κατάρας
1772 5172 1872 5244 τῆς
1909 5174 2205 5245 γενομένης
2233 5174 2311 5239 εἰς
2340 5173 2460 5245 ἐμέ.

367 5261 441 5315 Γ.
486 5262 748 5326 Ἀκούσας
793 5263 850 5317 δὲ
888 5263 1063 5317 ταῦτα
1108 5263 1134 5315 ὁ
1169 5262 1396 5329 Ἶακὼδ,
1439 5263 1745 5337 ἐθαύμασεν
1775 5267 1868 5320 ἐπὶ

300 5354 365 5423 τῇ
396 5352 687 5423 ἀποκρίσει
717 5353 810 5406 τοῦ
841 5353 1029 5417 παιδός
1047 5354 1166 5407 ’καὶ
1184 5353 1361 5408 λαῆὼν
1384 5355 1512 5428 τρία
1535 5356 1866 5430 νομίσματα,

303 5442 501 5497 ἔδωκεν
537 5445 836 5515 Ἐπιφανίῳ
861 5486 875 5509 ,
911 5445 1027 5516 ἅμα
1074 5445 1169 5499 καὶ
1201 5445 1463 5510 τοιούτοις
1501 5445 1680 5516 λόγοις
1720 5446 1868 5501 διδά-

306 5546 448 5582 σκων
491 5532 649 5585 αὑτόν
668 5550 682 5562 ·
713 5534 936 5598 Τέκνον,
962 5535 1090 5589 λάὅε
1120 5533 1322 5606 ταύτην
1347 5535 1445 5606 τὴν
1478 5535 1746 5604 εὑλογίαν,
1774 5536 1868 5588 καὶ

307 5619 532 5692 πορεύου
563 5622 696 5692 πρὸς
728 5625 827 5697 τὴν
860 5625 957 5697 σὴν
983 5625 1224 5698 μητέρα·
1263 5629 1355 5680 καὶ
1402 5627 1653 5690 εἰσοίσεις
1698 5627 1755 5680 ἐν
1792 5625 1869 5696 τῷ

376 5773 395 5808 ⁸
417 5771 555 5830 Gen.
586 5790 756 5844 nvn,
781 5776 869 5833 29.

2047 5267 2131 5324 nl.
2171 5268 2307 5325 Cum
2339 5271 2455 5326 haec
2490 5280 2671 5325 autem
2705 5265 2974 5323 audiisset
3000 5265 3186 5336 Jacob,
3215 5264 3445 5322 miratus
3469 5274 3549 5323 est

1976 5374 2298 5432 responsum
2345 5361 2535 5434 pucri3
2595 5360 2916 5431 accepitque
3008 5368 3116 5415 tres
3171 5372 3446 5425 nummos,
3500 5363 3553 5411 ι·ι

1977 5451 2125 5508 dedit
2155 5451 2483 5524 EpiphaniO,
2522 5449 2694 5515 siniuk
2730 5447 2894 5504 ctiam
2952 5464 3072 5504 eum
3125 5448 3327 5502 domtus
3369 5442 3550 5499 vernt»

1980 5542 2340 5614 hujusmodi:
2381 5540 2505 5605 Fili,
2576 5539 2716 5597 hanc
2760 5539 2944 5612 accipe
2999 5538 3451 5601 benedictionum.
3499 5538 3551 5589 ui

1984 5635 2124 5691 vadc
2149 5633 2215 5689 ad
2245 5638 2472 5689 matrem
2517 5641 2686 5703 tuam,
2722 5643 2775 5692 ct
2808 5632 3008 5692 inseres
3040 5646 3202 5704 panus
3236 5626 3287 5683 in
3328 5625 3549 5683 donnum
