3850 6517
294 507 396 564 909

971 498 1339 557 onssttsus
1378 497 1721 556 HAERESES
1758 495 1888 552 Lm.
1927 491 1995 548 lt.
2038 493 2201 550 Tou.
2239 494 2261 549 1
2300 523 2371 536 —
2407 491 2683 548 nAEnEs.
2725 492 2809 547 1.t.

3450 488 3556 546 stu

294 621 382 675 τοῦ
404 618 638 693 κηρύξαι
660 615 720 672 τὸ
739 613 1088 684 Εὑαγγὲλιον·
1113 614 1210 668 καὶ
1232 613 1490 687 κηρύττει
1521 613 1736 686 πρῶτον
1753 610 1863 682 (55)
1895 613 1940 669 Α
1971 608 2066 661 vit.
2129 605 2266 661 Hutc
2311 606 2476 677 igitur
2521 603 2851 676 praedieandi
2904 603 3183 674 Evangelii
3227 619 3427 661 munus
3470 608 3558 661 es!

290 716 346 766 ἐν
369 711 671 783 Δαλματίᾳ,
702 711 797 764 καὶ
822 706 1043 778 Γαλλίᾳ,
1074 706 1168 759 καί
1199 707 1257 760 ὲν
1296 706 1515 778 Ἰταλίᾳ,
1552 706 1648 759 καὶ
1679 704 1869 759 Μακε-

287 805 456 876 δονία.
500 803 670 875 Ἀρχὴ
698 802 755 855 δὲ
779 804 837 855 ὲν
866 802 930 869 τῇ
960 796 1181 870 Γαλλίᾳ·
1216 797 1293 861 ὡς
1321 796 1416 849 καὶ
1434 795 1561 867 περί
1582 810 1742 849 τινων
1759 791 1868 846 τῶν

288 896 456 950 αὐτοῦ
486 895 794 961 ἀκολούθων
833 894 979 964 λέγει
1009 895 1066 947 ὲν
1103 892 1223 955 ταῖς
1257 888 1423 943 αὑτοῦ
1470 884 1808 948 Ἐπιστολαῖς
1840 883 1870 938 ό

290 987 454 1049 αὐτὸς
484 987 715 1052 Παῦλος·
746 986 1037 1055 Romame,
1068 982 1255 1054 φησιν.
1284 981 1353 1039 ἐτ’
1384 975 1457 1048 τῇ
1482 978 1715 1043 Γαλλίᾳ
1732 975 1864 1045 (34).

292 1078 367 1130 Ού
402 1076 511 1149 γάρ
544 1080 602 1130 ὲν
629 1078 696 1147 τῇ
730 1076 767 1127 Γ
769 1076 985 1146 αλατίᾳ,
1022 1073 1097 1138 ὥς
1136 1089 1282 1135 τινες
1322 1067 1686 1141 πλανηθέντες
1716 1066 1869 1137 νομί-

294 1170 498 1234 ζουσιν,
520 1169 656 1222 ἀλλὰ
688 1172 746 1223 ὲν
771 1167 840 1239 τῇ
875 1166 1093 1239 Γαλλίᾳ.

368 1259 466 1312 ΙΒ’.
499 1260 644 1330 Πλὴν
679 1259 771 1311 ἐπὶ
798 1258 859 1312 τὸ
893 1254 1252 1328 προκείμενον
1280 1253 1589 1323 ἐλεύσομαι.
1628 1248 1872 1317 Ἀνενέγ-

296 1370 490 1417 καντος
514 1353 622 1424 γὰρ
646 1347 739 1404 τοῦ
764 1350 949 1404 Δουκᾶ
968 1348 1068 1411 τὰς
1084 1345 1436 1416 γενεαλογίας
1460 1343 1568 1397 ἀπὸ
1591 1342 1699 1395 τῶν
1722 1341 1871 1395 κάτω

294 1444 389 1497 ἐπὶ
417 1443 485 1495 τὰ
515 1442 647 1505 ἄνω,
680 1439 774 1495 καὶ
807 1438 1113 1510 φθάσαντος
1147 1438 1246 1502 τὴν
1280 1435 1516 1507 ἔμφασιν
1546 1430 1871 1505 ποιήσασθαι

289 1534 389 1606 τῆς
423 1532 628 1588 ἄνωθεν
656 1529 749 1586 τοῦ
772 1530 907 1585 Θεοῦ
937 1530 1110 1599 Λόγου
1134 1528 1458 1600 παρουσίας,
1487 1522 1623 1594 όμοῦ
1654 1540 1711 1576 τε
1742 1539 1869 1576 συν-

290 1622 556 1691 αφθέντος
587 1623 653 1691 τῇ
694 1619 943 1691 ὲνσάρκῳ
981 1615 1145 1671 αὐτοῦ
1173 1613 1474 1686 οἰκονομίᾳ.
1515 1614 1604 1666 ἴνα
1641 1611 1873 1681 ἀποτρέ-

287 1714 457 1784 ψηται
501 1712 609 1766 ἀπὸ
640 1711 749 1764 τῶν
782 1688 1213 1779 πεπλανημένων
1250 1704 1349 1778 τὴν
1386 1704 1617 1774 πλάνην,
1648 1703 1749 1757 ούκ
1788 1704 1874 1755 ὲν·

288 1802 541 1873 ενόησαν.
570 1800 660 1854 Διὸ
687 1798 912 1872 ὕστερον
940 1796 1242 1866 ἀναγκάζει
1271 1795 1333 1851 τὸ
1359 1798 1513 1865 ἅγιον
1535 1794 1759 1865 Πνεῦμα
1780 1793 1872 1847 τὸν

302 1893 557 1963 Ἰωάννην
601 1891 1037 1962 παραιτούμενον
1087 1886 1545 1957 εὐαγγελίσασθαι
1589 1881 1656 1938 δι’
1710 1883 1870 1938 εὐλά-

289 1985 441 2037 6ειαν
481 1983 573 2037 καὶ
619 1979 1118 2053 ταπεινοφροσύνην
1160 1981 1253 2033 ἐπὶ
1293 1981 1360 2049 τῇ
1414 1972 1660 2048 γηραλέᾳ
1707 1974 1873 2029 αὑτοῦ

291 2074 496 2147 ἡλικίᾳ,
532 2074 672 2146 μετὰ
693 2074 789 2145 ἔτη
822 2074 1147 2144 ἐνενήκοντα
1174 2071 1273 2141 τῆς
1298 2067 1493 2122 ἑαυτοῦ
1529 2067 1696 2136 ζωῆς,
1735 2066 1873 2136 μετὰ

288 2168 387 2239 τὴν
427 2164 593 2220 αὐτοῦ
636 2166 743 2219 ἀπὸ
774 2167 875 2237 τῆς
911 2165 1134 2235 Πάτμου
1162 2162 1277 2234 (55)
1323 2158 1601 2221 ἐπάνοδον,
1649 2156 1749 2227 τὴν
1781 2156 1875 2208 ἐπὶ

290 2258 559 2313 Κλαυδίου
590 2257 889 2329 γενομένην
924 2256 1218 2327 Καίσαρος.
1256 2252 1365 2306 Καὶ
1406 2249 1545 2322 μετὰ
1578 2248 1739 2302 ἱκανὰ
1778 2246 1874 2317 ἔτη

290 2346 383 2399 τοῦ
412 2347 690 2417 διατρίψαι
722 2346 886 2399 αὐτὸν
914 2344 1023 2397 ἀπὸ
1047 2344 1144 2413 τῆς
1184 2340 1368 2405 Ἀσίας
1389 2337 1759 2407 ἀναγκάζεται
1778 2337 1872 2389 ἐκ·

295 2437 484 2491 θέσθαι
522 2436 583 2489 τὸ
614 2436 965 2504 Εύαγγέλιον.
1003 2433 1115 2486 Καὶ
1144 2432 1245 2485 ούκ
1271 2427 1340 2503 ἦν
1371 2430 1523 2503 αὐτῷ
1558 2429 1718 2501 χρεία
1744 2428 1876 2500 περὶΙ

295 2529 393 2599 τῆς
445 2527 711 2600 ἑνσάρκου
756 2524 1138 2598 πραγματείας
1188 2522 1552 2591 λεπτολογεῖν·
1609 2521 1709 2592 ἤδη
1765 2522 1876 2591 γὰρ

295 2620 615 2690 ἦσφάλιστο.
659 2619 818 2673 Ἀλλὰ
844 2619 921 2682 ὡς
946 2616 1175 2671 κατόπιν
1193 2613 1357 2670 τινῶν
1380 2613 1601 2686 βαίνων,
1623 2614 1717 2666 καὶ
1733 2612 1877 2685 ὀρῶν

295 2712 490 2776 αύτοῦς
530 2712 622 2766 ἐπὶ
658 2712 725 2766 τὰ
770 2710 1080 2784 ἔμπροσθεν
1113 2710 1292 2773 ὄντας,
1336 2707 1431 2761 καὶ
1458 2703 1555 2760 ἐπὶ
1580 2705 1649 2760 τὰ
1673 2704 1878 2778 τραχύ-

295 2822 428 2876 τερα
462 2805 686 2869 ἑαυτοὺς
711 2803 1077 2867 ἐκδεδωκότας
1137 2801 1232 2855 καὶ
1261 2801 1471 2865 πλάνας
1502 2799 1597 2853 καὶ
1632 2796 1880 2855 ἀκανθώ-

293 2894 380 2964 δη,
416 2894 853 2950 ἀνακαλέσασθαι
875 2894 1081 2957 αὐτοὺς
1105 2894 1184 2956 είς
1212 2890 1428 2945 εὐθεῖαν
1450 2890 1570 2944 όδὸν
1591 2888 1881 2961 προνοοῦν-

291 3002 405 3051 τος,
455 2987 548 3042 xci.
594 2984 1026 3060 ᾁσφαλιζομένου
1083 2982 1622 3056 ἐπικηρυκεύσασθαι
1671 2981 1876 3045 αὐτοῖς·

292 3076 387 3130 καὶ
419 3070 563 3131 εἴτι-ε·
595 3078 663 3131 Τί
689 3077 963 3132 πλανᾶσθε
982 3094 998 3139 ς
1020 3075 1431 3149 ποῖτρὲπεσθε;
1458 3073 1552 3127 ποῖ
1580 3070 1878 3135 πλανᾶσθε,

291 3168 556 3240 Rapa-202,
586 3170 683 3223 καὶ
720 3168 936 3235 Ἔδίων,
961 3170 1056 3223 καὶ
1082 3169 1145 3223 οἱ·
1165 3167 1344 3233 ἄλλοι;
1373 3166 1488 3221 Οὐκ
1515 3164 1663 3218 ἔστιν
1685 3150 1878 3227 οὕτως,

296 3257 373 3324 ὡς
406 3261 674 3331 νομίζετε.
717 3261 827 3315 Nat
865 3260 1130 3331 ἐγεννήθη
1160 3261 1189 3313 ό
1222 3258 1459 3333 Χριστὸς
1496 3256 1637 3312 κατὰ
1675 3256 1878 3329 σάρκα,

1971 700 2271 765 ereditum3
2308 698 2470 769 idque
2494 698 2612 768 ipse
2654 698 2890 767 primum
2943 698 2996 751 in
3033 696 3320 762 Dalmatia,
3359 696 3557 759 Gallia.

1971 786 2123 845 ltalia
2163 802 2218 845 et
2267 788 2582 844 Macedonia
2632 788 2926 860 praestitiu
2976 788 3072 843 sed
3126 789 3182 843 in
3224 788 3403 843 Gallia
3448 804 3561 858 prm

1970 883 2222 948 eaeteris3
2259 890 2317 936 ut
2349 882 2416 938 de
2458 881 2735 936 nonnullis
2781 879 3077 936 comitibus
3116 878 3234 936 suis
3273 878 3478 935 Paulus
3504 880 3560 935 in

1971 973 2232 1046 Epistolis
2288 981 2566 1029 testatur:
2608 972 2898 1036 Crescens,
2951 974 3160 1044 inquit,
3205 974 3262 1027 ιἰι
3310 971 3489 1028 Gallia
3516 973 3558 1027 ¹.

1971 1065 2090 1121 Non
2123 1066 2267 1122 enim
2303 1065 2356 1119 in
2390 1061 2600 1120 Galatia
2632 1062 2917 1135 legendum
2956 1073 3076 1129 est,
3125 1073 3186 1120 ut
3232 1063 3562 1137 quibusdam

1972 1158 2250 1213 immerito
2288 1158 2512 1229 placuit,
2549 1155 2642 1211 sed
2676 1156 2732 1209 in
2768 1150 2964 1209 Gallia.

2043 1248 2158 1307 Xll.
2193 1250 2299 1306 Sed
2344 1258 2405 1306 ut
2451 1250 2518 1304 ad
2560 1249 2870 1304 institutum
2909 1246 3172 1304 redeam:
3209 1263 3335 1304 eum
3385 1246 3565 1309 Lucas

1973 1342 2042 1395 ah
2091 1339 2450 1396 inferioribus
2496 1340 2563 1395 ad
2618 1341 2906 1412 superiora
2950 1340 3332 1411 generationes
3372 1339 3574 1410 perdu-

1973 1434 2165 1495 xisset,
2215 1446 2280 1487 ae
2323 1432 2569 1487 divinum
2602 1427 2842 1487 Verbum
2873 1446 2905 1487 e
2937 1431 3078 1485 coelo
3115 1430 3400 1502 delapsum
3441 1444 3569 1487 esse

1974 1523 2376 1595 sigttilicasset3
2426 1524 2703 1594 simulque
2746 1534 3016 1594 susceptae
3050 1522 3237 1577 carnis
3275 1521 3346 1576 ab
3372 1523 3566 1577 eodem

1975 1615 2293 1687 mysterium
2335 1615 2636 1686 attigisset,
2667 1623 2725 1670 ιιι
2764 1629 2941 1670 eaecos
2982 1611 3233 1669 homines
3270 1612 3341 1666 ab
3381 1627 3569 1668 errore

1973 1714 2274 1771 revocare-t,
2309 1705 2417 1762 hoe
2457 1706 2535 1760 illi
2581 1711 2766 1761 tamen
2803 1701 3024 1774 assequi
3070 1701 3454 1773 nequiverunt.
3483 1700 3568 1757 ot»

1982 1798 2036 1852 id
2070 1797 2269 1853 deinde
2303 1790 2545 1868 Spiritus
2572 1803 2798 1851 sanctus
2823 1794 3114 1858 Joannem,
3143 1793 3376 1849 invitum
3407 1795 3563 1860 licet,

1975 1904 2040 1943 ae
2079 1888 2340 1958 religione
2369 1886 2607 1958 quadam
2662 1895 2717 1941 et
2770 1885 2942 1941 animi
2993 1884 3367 1941 moderatione
3418 1884 3567 1941 desu-

1910 1964 1949 2020 B
1979 1980 2237 2051 gientem,
2269 1979 2341 2033 ad
2368 1978 2722 2036 scribendum
2753 1975 3109 2047 Evangelium
3139 1978 3374 2047 impulit,
3403 1976 3572 2050 434

1978 2071 2171 2125 affecta
2210 2071 2324 2142 jam
2369 2076 2552 2137 aetate,
2606 2078 2793 2140 utpote
2844 2069 2937 2140 qui
2988 2069 3102 2139 jatn
3153 2070 3567 2141 nonagesimum

1976 2174 2180 2213 annum
2230 2157 2552 2223 excederet,
2603 2166 2894 2227 postquam
2933 2172 2964 2211 a
3019 2152 3210 2212 Patmo
3258 2156 3438 2212 insula
3491 2171 3570 2213 re·

1980 2265 2169 2305 versus
2197 2257 2302 2314 est,
2348 2249 2498 2320 quod
2523 2248 2744 2320 quidem
2781 2247 3008 2302 Claudio
3059 2248 3361 2318 imperante
3398 2249 3572 2303 conti-

1975 2341 2075 2413 git.
2105 2339 2473 2409 Quamobrem
2505 2358 2630 2398 eum
2672 2342 2873 2395 multos
2904 2337 3017 2412 jam
3058 2355 3235 2397 annos
3275 2343 3571 2399 mansisset
3649 2380 3657 2398 -.

1979 2434 2032 2488 in
2065 2430 2216 2497 Asia,
2254 2431 2605 2504 Evangelium
2645 2433 2887 2489 seribere
2925 2440 3154 2487 coactus
3195 2441 3301 2489 est.
3350 2434 3410 2488 ln
3459 2449 3570 2506 qno

1978 2523 2114 2577 nibil
2148 2538 2290 2595 opus
2324 2524 2515 2580 habuit
2564 2524 2878 2600 accuratius
2923 2539 2988 2580 ea
3033 2524 3297 2581 mandare
3348 2526 3570 2590 litteris,

1978 2631 2099 2687 quae
2133 2614 2410 2680 Christus,
2440 2625 2712 2686 quatenus
2753 2632 2922 2674 earne
2967 2627 3087 2674 erat
3147 2616 3431 2687 praeditus.
3459 2617 3572 2673 edi·

1977 2706 2168 2762 disset.
2210 2701 2338 2762 Haee
2380 2706 2528 2762 enim
2573 2706 2814 2763 stabilita
2845 2707 2960 2778 iam
3002 2723 3068 2763 ac
3114 2709 3411 2763 constituta
3462 2707 3578 2763 sue⁴

1978 2805 2125 2851 rant.
2163 2796 2270 2852 Sed
2299 2796 2522 2867 perinde
2545 2797 2678 2868 egit,
2709 2813 2776 2854 ae
2809 2799 2857 2856 si
2901 2808 3026 2870 post
3068 2799 3208 2855 alios
3244 2798 3572 2865 ambularet,

1978 2904 2120 2961 quos
2147 2900 2202 2945 et
2229 2889 2613 2947 antecedentes
2640 2899 2912 2957 cerneret,
2943 2901 2999 2948 et
3026 2907 3124 2962 per
3151 2891 3476 2963 confragosa
3507 2906 3572 2948 ae

1979 2984 2154 3053 spinis
2187 2981 2368 3038 ohsita
2398 2982 2539 3048 loca,
2574 2990 2627 3038 et
2652 2983 2975 3039 diverticula
3003 2983 3314 3055 gradientes
3346 2984 3403 3039 in
3428 2984 3572 3038 viam

1981 3090 2242 3132 revocare
2296 3084 2541 3147 cuperet,
2580 3086 2635 3132 et
2680 3078 2735 3132 in
2782 3085 2960 3131 tutum
2997 3077 3284 3140 reducere,
3338 3078 3413 3132 ita
3464 3077 3572 3131 illis

1980 3166 2316 3221 denuntians
2369 3173 2425 3222 et
2477 3168 2833 3223 exclamans:
2864 3167 3009 3234 Quid
3046 3166 3280 3225 erratis?
3320 3181 3431 3240 quo
3475 3182 3571 3223 voa

1986 3255 2349 3313 convertitis?
2385 3272 2526 3329 quos
2575 3256 2858 3314 anfractus
2887 3259 3158 3331 quaeritis,
3200 3263 3259 3314 tu
3294 3258 3569 3324 Cerinthe.

293 3352 472 3425 δῆλον.
514 3353 647 3407 Ἰδοὺ
673 3352 784 3423 γὰρ
810 3351 975 3416 αὐτὸς
1002 3349 1271 3422 ὁμολογῶ,
1301 3351 1385 3404 ὅτι
1426 3349 1483 3410 ’0
1505 3349 1696 3418 Λόγος
1724 3345 1883 3416 σὰρξ
1989 3356 2046 3404 ιιι
2080 3348 2304 3415 Marcio,
2339 3365 2547 3421 vosque
2580 3352 2795 3406 caeteri?
2832 3349 2951 3408 Non
2985 3353 3057 3406 ita
3091 3368 3152 3408 se
3181 3368 3272 3409 res
3305 3353 3488 3417 babet,
3516 3359 3571 3408 ut

294 3443 550 3516 ἐγένετο.
594 3443 755 3499 Ἀλλὰ
781 3444 876 3517 μὴ,
902 3444 1050 3510 ἐξότε
1072 3444 1293 3513 ἐγένετο
1321 3442 1478 3515 σὰρξ,
1507 3442 1767 3512 νομίσητε
1793 3439 1884 3494 τὸν
1987 3442 2233 3497 creditis.
2262 3440 2516 3504 Christus
2549 3442 2768 3512 quidem
2815 3443 3118 3499 secundum
3149 3459 3369 3500 caruem
3412 3454 3573 3501 natus

296 3535 458 3592 αὐτὸν
484 3531 645 3593 εἴναι.
669 3537 788 3593 Οὔκ
805 3536 922 3592 ἔστι
948 3535 1062 3607 γὰρ
1088 3535 1198 3590 ἀπὸ
1218 3535 1429 3606 χρόνων
1452 3532 1673 3606 Μαρίας
1697 3532 1884 3604 μόνον,
1989 3540 2093 3595 εει,
2123 3548 2300 3604 neque
2334 3533 2439 3588 hoe
2469 3534 2766 3590 obscurum
2803 3543 2908 3591 est.
2946 3533 3102 3592 Ultro
3135 3537 3187 3592 id
3217 3552 3320 3608 ego
3358 3536 3572 3592 fateor:

295 3627 372 3693 ὡς
394 3611 626 3695 ἕκαστος
653 3628 814 3702 ἡμῶν
840 3628 936 3699 ἀφ’
954 3629 1081 3682 ὅτου
1107 3627 1364 3695 γεννᾶται
1388 3625 1647 3697 ὑπάρχει·
1674 3624 1805 3696 πρὶν
1826 3623 1885 3677 δὲ
1999 3621 2247 3689 Verbum,
2295 3624 2539 3694 inquam,
2572 3641 2700 3681 caro
2749 3625 2950 3695 [actum
2993 3636 3070 3681 est
3100 3627 3142 3679 ¹.
3174 3623 3374 3680 Verum
3408 3642 3479 3681 ne
3506 3626 3579 3683 ab

291 3720 387 3774 τοῦ
413 3708 761 3789 γεννηθῆναι,
790 3720 891 3770 οὐκ
919 3713 1083 3768 εἶναι.
1989 3728 2056 3769 eo
2084 3716 2262 3770 solum
2293 3722 2538 3786 tempore
2585 3730 2695 3786 quo
2745 3731 2877 3772 caro
2926 3715 3131 3772 factum
3171 3726 3278 3783 est,
3322 3718 3579 3774 eumdem

297 3811 469 3865 fuisse
533 3813 795 3877 putatote.
854 3805 1039 3875 Neque
1095 3804 1240 3859 enim
1303 3819 1333 3857 a
1398 3802 1582 3857 Mariae
1634 3813 1878 3877 tempore
1911 3806 2177 3861 duntaxat
2230 3808 2440 3863 exstitit
2465 3824 2481 3875 ;
2545 3807 3003 3880 quemadmodum
3067 3787 3294 3880 quilibet
3325 3817 3576 3867 nostrum

296 3909 412 3955 tunt
446 3915 569 3954 cum
602 3908 763 3953 natus
789 3907 895 3962 est,
925 3913 1049 3954 esse
1090 3897 1293 3967 coepit;
1335 3912 1437 3952 nec
1473 3904 1762 3969 antequam
1792 3906 2112 3955 nasceretur
2143 3900 2255 3954 ullo
2287 3901 2450 3956 modo
2487 3899 2609 3956 fuit.

382 3997 443 4048 'O
486 3995 539 4048 6³-
579 3996 733 4063 ἅγιος
762 3993 891 4058 Θεὸς
935 3993 1129 4062 Λόγος,
1157 3992 1288 4058 Υίδς
1316 3990 1410 4046 τοῦ
1450 3991 1609 4061 Θεοῦ,
1650 3994 1886 4065 Χριστὸς

301 4083 507 4155 Κύριος
535 4084 693 4155 ἡμῶν
715 4082 957 4154 Ἰησοῦς,
992 4083 1093 4136 οὐκ
1125 4082 1273 4136 ἔστιν
1302 4081 1412 4137 ἀπὸ
1432 4081 1640 4153 χρόνων
1664 4084 1886 4152 Μαρίας

305 4177 463 4251 μόνον
540 4175 663 4229 οὔτε
711 4175 820 4230 ἀπὸ
851 4177 1058 4248 χρόνων
1116 4176 1314 4249 Ἰωσὴφ
1347 4175 1528 4247 μόνον,
1574 4174 1698 4238 οὔτε
1744 4174 1885 4239 Ἠλὶ,

299 4266 427 4322 οὔτε
462 4267 613 4333 Αευῒ,
643 4265 766 4320 οὔτε
793 4266 1116 4339 Ζοροὸἀδελ,
1148 4266 1270 4321 οὔτε
1300 4265 1590 4337 Σαλαθιὴλ,
1624 4266 1749 4320 οὔτε
1774 4265 1886 4319 Νά-

374 4423 391 4456 ¹
421 4421 462 4476 ΙΙ
492 4421 635 4477 Tim.
667 4436 742 4490 tv,
785 4420 867 4476 to.
943 4422 964 4452 ²
991 4418 1149 4475 ¹loan.
1187 4437 1225 4485 ι,
1255 4421 1341 4475 tt.

300 4578 476 4643 εἰδὼς,
536 4581 631 4634 καὶ
683 4577 1185 4652 παρτκολουθηκὼς
1220 4578 1393 4635 ἅπασι
1444 4576 1757 4649 κατηγορῶ.
1791 4576 1885 4632 Sic

301 4651 315 4702 i
359 4651 467 4703 itur
493 4649 672 4705 Lucas
702 4649 816 4703 ἄνω
851 4667 909 4703 εν
950 4648 1489 4722 παρηκολουθηκέναι
1522 4649 1687 4701 πᾶσιν
1726 4649 1887 4720 άκρι·

340 4719 417 4784 ῶς
464 4722 689 4785 dicitur,
744 4720 847 4773 hoc
896 4728 981 4775 est
1015 4728 1315 4789 comperta,
1357 4720 1771 4789 explorataque.
1818 4732 1884 4772 ae

306 4799 549 4860 spectata
583 4792 747 4846 etiam
789 4790 1066 4846 habuisse.
1106 4790 1186 4843 Ae
1214 4790 1389 4845 videri
1423 4795 1625 4860 potest,
1661 4798 1717 4845 et
1747 4803 1886 4844 non-

305 4861 455 4915 nulla
486 4862 571 4916 hic
605 4860 897 4917 antithesis
942 4875 1084 4924 esse,
1119 4866 1178 4914 ut
1220 4875 1346 4915 eum
1377 4875 1442 4915 su
1515 4860 1663 4917 riore
1717 4874 1881 4913 versu

305 4932 545 4986 dixerit:
572 4929 1022 5013 Quandoquidem
1063 4932 1219 4986 multi
1251 4945 1341 4986 res
1370 4944 1400 4983 a
1472 4929 1647 4985 bristo
1698 4937 1884 5000 gestas

302 5002 546 5056 scribere
597 5016 839 5071 aggressi
898 5009 1048 5064 sunt,
1094 4999 1277 5064 καθὼς
1320 5016 1397 5052 πα
1438 4999 1627 5054 ἑδοσαν
1666 5002 1803 5071 ἡμῖν
1832 5000 1881 5051 oi
1952 5005 1958 5011 '

300 5072 395 5123 ἀπ’
422 5072 459 5125 ά
532 5072 618 5137 ”ς;
650 5071 833 5126 statim
849 5072 1105 5140 subjiciat
1129 5069 1388 5137 ;Ἔδοξεκ
1431 5070 1522 5142 μοὶ
1541 5068 1885 5143 παρηκολου-

301 5141 515 5211 θηκότι,
582 5156 649 5196 oe
686 5149 791 5203 est,
831 5143 925 5211 qui
980 5158 1114 5205 non,
1144 5149 1204 5195 ut
1234 5142 1333 5203 illi,
1392 5143 1458 5195 ὲκ
1506 5140 1881 5212 παραδόσεως,

302 5212 398 5268 sed
427 5228 495 5268 ex
528 5212 750 5284 propria
784 5210 837 5265 id
898 5211 1127 5268 scientia
1175 5211 1560 5280 compererim.
1609 5210 1882 5266 Caeterum

301 5284 518 5338 tametsi
552 5286 618 5336 ad
651 5298 777 5339 eum
808 5297 1029 5337 seusun
1076 5282 1476 5336 accommodari
1518 5280 1680 5336 Lucae
1720 5279 1881 5334 verba

303 5352 439 5406 nihil
472 5353 747 5423 prohibet,
787 5368 897 5408 non
934 5352 1143 5407 idcirco
1175 5361 1354 5406 tamen
1394 5350 1601 5407 Christi
1636 5350 1883 5421 discipu·

304 5421 417 5475 lum
447 5419 619 5479 fuisse
642 5433 795 5479 certo
840 5424 1196 5493 pronuntiare
1224 5423 1423 5489 ausim,
1456 5436 1582 5475 eum
1620 5422 1747 5477 huie
1780 5420 1883 5474 ad-

305 5492 512 5546 versari
536 5495 820 5550 sententiae
855 5496 1012 5565 longe
1051 5494 1234 5563 plures
1275 5490 1382 5544 Pl’.
1416 5491 1737 5560 intelligam.
1773 5489 1881 5546 Sed

304 5561 409 5617 ista
444 5565 891 5631 commemoravi,
923 5572 982 5617 ut
1013 5579 1082 5617 ne
1121 5560 1284 5617 Lucae
1310 5561 1414 5631 ipsi
1460 5561 1529 5615 de
1561 5577 1621 5616 se
1654 5562 1879 5616 testanti

307 5632 573 5703 refragari
596 5634 888 5705 quisquam
919 5633 1279 5705 Epiphaniutn
1313 5631 1631 5686 arbitretur.

377 5704 492 5776 (53)
510 5704 622 5758 Καὶ
647 5705 920 5775 κηρύττει
953 5702 1208 5773 πρῶτον.
1239 5701 1440 5757 Lucam
1463 5702 1518 5755 in
1542 5700 1716 5757 Gallia
1745 5716 1882 5773 prae-

304 5772 543 5842 dieasse‚
575 5777 780 5839 nullus,
819 5774 966 5861 quod
1017 5773 1211 5834 sciam.
1239 5770 1498 5844 prodidit.
1523 5776 1701 5844 Atque
1732 5772 1877 5828 haud

304 5845 426 5900 seio
457 5859 526 5900 an
547 5845 777 5901 Galliam
809 5844 1143 5916 oisalpinam
1175 5843 1463 5925 intelligat,
1500 5857 1597 5917 per
1620 5857 1786 5918 quam
1821 5846 1877 5899 in

304 5912 649 5981 Dalmatiam,
672 5913 1045 5987 Graeciamque
1068 5914 1428 5970 contenderit.
1805 5924 1817 5936 “

2057 3996 2126 4048 At
2181 4005 2572 4053 sacrosanctus
2625 3995 2770 4052 Dens
2824 3994 3085 4063 verbum‚·
3137 4010 3201 4051 ae
3252 3994 3346 4051 Dei
3379 3994 3571 4054 Filius.

1982 4084 2235 4142 Christus
2258 4085 2420 4142 Jesus
2449 4086 2712 4144 Dominus
2738 4097 2946 4154 noster,
2989 4104 3097 4144 non
3122 4104 3152 4143 a
3181 4086 3366 4145 Mariae
3395 4090 3574 4146 solum

1984 4182 2229 4247 tempore
2254 4192 2377 4233 esse
2408 4179 2595 4249 coepit.
2622 4195 2800 4251 neque
2821 4177 3047 4251 «loseph,
3075 4179 3158 4235 vel
3186 4179 3290 4245 Eli,
3313 4180 3398 4236 vel
3419 4179 3572 4247 Levi,

1986 4269 2069 4323 rel
2095 4266 2419 4339 zorobabel,
2455 4272 2537 4325 vel
2563 4268 2844 4336 Salathiel,
2874 4269 2959 4325 vel
2993 4269 3230 4332 Nathan.
3257 4271 3339 4326 vel
3366 4269 3572 4339 David3

2063 4577 2177 4649 (34)
2205 4579 2495 4649 Κρίσκης,
2525 4579 2749 4649 φησίν.
2799 4582 2871 4635 ἐν
2927 4580 3004 4651 τῇ
3038 4581 3295 4650 Γαλλίᾳ.
3339 4581 3454 4637 {mo
3493 4585 3574 4649 είς

1915 4616 1963 4678 Ῑ)
1991 4648 2239 4704 Γαλλίαν.
2266 4648 2401 4705 Nam
2442 4651 2604 4721 vulgo
2649 4647 2730 4716 είς
2774 4651 3063 4705 Γαλατίαν.
3106 4652 3240 4717 Quae
3283 4662 3367 4708 est
3417 4662 3576 4709 vetu-

1987 4719 2232 4775 stissima
2287 4729 2343 4775 et
2385 4722 2696 4777 certissima
2767 4721 2952 4782 lectio.
3015 4720 3283 4791 quidquid
3343 4721 3576 4780 affirmet.

1988 4788 2344 4860 Epiphanius.
2401 4791 2576 4858 Quam
2611 4797 2665 4845 et
2709 4792 2981 4847 Eusebius
3044 4794 3079 4845 Ι.
3124 4807 3182 4847 ιιι
3235 4790 3406 4858 Ηίει.,
3441 4794 3571 4855 ed.

1985 4860 2298 4932 chrysost..
2337 4861 2682 4923 Ambrosius,
2725 4861 3125 4924 Theodoretus.
3181 4877 3246 4916 ae
3289 4861 3486 4927 Graeci,
3518 4872 3575 4919 et

1987 4929 2166 4987 Latini
2231 4948 2425 4988 omnes
2474 4939 2805 5004 agnoscunt.
2834 4932 3158 5001 Quanquam
3204 4948 3317 4987 non
3345 4934 3570 5001 desunt,

1984 5001 2078 5071 qui
2168 5017 2213 5056 ,ι-
2232 5000 2505 5057 Γαλατίαν
2532 5002 2676 5127 38υά
2709 5001 2939 5059 Paulum
2976 5001 3206 5059 Galliam
3245 5004 3571 5075 intelligant,

1987 5080 2047 5125 nt
2131 5072 2499 5129 'heodoretus.
2607 5082 2912 5129 rescentem
2968 5089 3098 5128 vero
3170 5071 3472 5128 Galliarum
3517 5082 3573 5131 et

1984 5139 2213 5197 Galatiae
2262 5143 2469 5213 pariter
2513 5146 2823 5214 apostolum
2865 5146 3058 5204 fuisse.
3095 5141 3212 5197 Ado
3253 5144 3308 5197 in
3335 5143 3564 5217 Martyr.

1986 5227 2018 5264 v
2055 5210 2175 5268 Kal.
2206 5213 2318 5270 Jul.
2374 5214 2430 5268 in
2460 5209 2722 5269 Chronico
2750 5220 3004 5276 testatur,
3035 5223 3094 5266 ut
3132 5221 3188 5267 et
3230 5210 3393 5269 Rom.
3427 5214 3574 5270 Mar·

1985 5290 2006 5336 t
2045 5297 2342 5357 natorum.
2376 5281 2547 5339 Vetus
2569 5285 2715 5339 enim
2748 5284 2975 5339 Galatiae
3002 5283 3271 5339 duntaxat
3297 5282 3568 5343 meminit.

2031 5360 2052 5406 t
2079 5362 2231 5411 certe
2253 5353 2489 5410 dubitari
2511 5362 2712 5426 potest,
2740 5363 2922 5410 utrum
2953 5368 3064 5409 non
3087 5354 3250 5409 modo
3276 5352 3569 5420 Crescens.

1984 5422 2082 5477 sed
2134 5426 2219 5481 vel
2279 5425 2424 5481 alius
2466 5427 2758 5496 quisquam
2815 5440 2911 5496 per
2964 5424 3055 5479 illa
3085 5432 3336 5496 tempora
3370 5424 3571 5481 Galliis

1938 5535 1942 5540 .
1984 5491 2265 5563 Evangelii
2290 5498 2466 5550 lucem
2497 5496 2831 5565 importarit.

2053 5563 2163 5629 (55)
2190 5564 2352 5621 Μετὰ
2371 5564 2489 5633 τὴν
2517 5564 2704 5621 αὑτοῦ
2731 5565 2849 5621 ἀπὸ
2885 5564 2996 5634 τῆς
3024 5567 3287 5638 Πάτμύυ.
3314 5564 3431 5622 Non
3468 5566 3568 5638 igi·

1982 5640 2076 5688 tur
2122 5636 2179 5689 in
2230 5634 2422 5691 Patmo
2483 5636 2708 5705 scripsit
2759 5634 3153 5708 Evangelium:
3195 5638 3292 5694 sed
3341 5635 3564 5705 Ephesi.

1981 5703 2170 5775 Neque
2209 5721 2339 5761 vero
2391 5706 2515 5761 sub·
2548 5704 2802 5770 Claudio,
2845 5710 2940 5765 sed
2987 5708 3094 5765 tub
3121 5706 3296 5765 Nerva
3330 5705 3572 5762 Cocceio

1982 5777 2052 5829 ah
2086 5776 2280 5833 exsilio
2305 5791 2560 5833 reversus
2591 5784 2698 5840 est,
2727 5779 2981 5847 quamvis
3011 5781 3208 5836 iterum
3240 5784 3430 5850 postea
3463 5776 3571 5834 sub

1980 5844 2213 5904 Claudio
2253 5854 2568 5905 revocatum
2613 5849 2834 5904 asserit.
