3850 6517
385 520 454 578 55
1685 527 1743 583 S.
1785 528 2126 582 Emptum
2169 528 2345 582 vlu.
3561 532 3633 587 ὅθ

383 649 548 705 opera
583 645 762 691 autem
808 649 1105 693 cernuntur
1148 640 1347 697 babere
1392 644 1651 698 fructum.
1682 643 1816 698 Volo
1854 661 1954 715 ego
1984 653 2025 706 Α
2055 644 2230 716 ἔργων
2261 644 2368 697 τῶν
2403 646 2733 716 γινομένων·
2772 650 2817 699 οἱ
2850 647 2956 717 γὰρ
2981 648 3126 717 λόγοι
3162 647 3417 700 πέτανται
3449 647 3632 719 ἄκαρ-

385 741 604 795 quoquc
631 742 752 783 esse
779 744 842 783 ex
875 731 942 785 iis
973 732 1063 800 qui
1101 734 1346 787 serviunt
1386 733 1667 788 crucifixo.
1699 734 1947 790 Philoso-

383 816 495 886 pho
541 832 672 872 vero
720 819 851 874 dixit
904 819 1447 891 EpiphaniuszQuid
1495 826 1599 879 hoc
1648 826 1885 889 miraris,
1913 842 1947 880 o

382 908 726 978 philosophe,
743 921 997 983 tanlquam
1024 914 1077 968 id
1101 931 1201 974 nos
1222 916 1544 972 fecerimus?
1561 916 1910 989 Nequaquam
1929 937 1944 985 ;

383 1000 479 1054 sed
524 1012 606 1056 est
639 1000 734 1056 Dei
768 1003 957 1068 Filius,
991 1005 1086 1074 qui
1137 1007 1252 1062 haec
1281 1010 1539 1077 praeclara
1577 1008 1705 1064 facit
1735 1026 1828 1078 per
1851 1024 1951 1074 eos,

378 1090 479 1164 qui
513 1091 615 1163 ipsi
645 1092 890 1152 credunt,
918 1093 1056 1149 Cum
1104 1097 1217 1152 hacc
1245 1109 1297 1154 et
1325 1100 1408 1155 his
1445 1100 1597 1170 plura
1631 1099 1949 1168 philosopho

381 1181 610 1238 dixisset
657 1183 1012 1252 Epiphanius,
1062 1190 1270 1257 rogavit
1312 1206 1436 1244 eum
1483 1191 1856 1261 philosophus,
1890 1198 1950 1243 ut

381 1272 538 1328 daret
559 1273 610 1327 ci
638 1273 711 1339 id,
743 1275 889 1344 quod
919 1286 1002 1333 est
1034 1278 1086 1332 in
1111 1279 1351 1345 Christo,
1383 1281 1738 1351 signaculum.
1765 1280 1945 1349 ipsum

381 1374 514 1433 ergo
565 1371 621 1418 et
667 1381 753 1418 me
798 1381 876 1421 ac<
894 1369 1005 1438 epit
1030 1369 1386 1440 EpiplianiuS,
1420 1383 1474 1427 et
1502 1372 1700 1426 ivimus
1731 1371 1795 1425 ad
1834 1387 1947 1425 ma·

382 1469 547 1525 gnum
588 1453 938 1523 Hilarionem,
971 1460 1064 1529 qui
1106 1476 1230 1516 eum
1276 1463 1597 1532 baptizavit;
1631 1462 1949 1532 egimusque

382 1543 574 1613 viginti
599 1544 714 1600 dies
753 1546 805 1603 in
839 1551 1170 1606 monasterio
1208 1553 1387 1622 magni
1414 1551 1706 1608 Hilarionis
1737 1572 1750 1610 ε
1784 1569 1949 1624 quem

381 1636 594 1706 rogavit
640 1635 995 1707 Epiphanius»,
1031 1650 1089 1698 ut
1133 1657 1256 1696 cum
1294 1641 1595 1713 Epiphanio
1628 1644 1949 1714 philosopho

382 1725 622 1780 mitteret
653 1741 722 1782 ex
751 1728 1006 1785 fratribus
1035 1747 1206 1788 unum
1238 1730 1720 1803 Eleutheropolim,
1744 1742 1802 1789 ut
1823 1751 1947 1789 eum

380 1819 665 1889 episcopus
715 1821 914 1880 faceret
946 1825 1350 1896 presbyterum.
1390 1827 1545 1894 Quod
1595 1833 1758 1884 etiam
1800 1829 1943 1884 ficit.

383 1910 447 1965 1⁴21
497 1926 684 1968 rursus
705 1913 903 1970 ivimus
929 1914 1346 1987 -Spanhydrion.
1387 1918 1725 1989 Epiphanius
1764 1929 1946 1976 autem

2054 755 2146 790 ποι
2187 738 2337 800 ὄντες
2358 754 2369 766 ·
2402 737 2468 789 τὰ
2496 737 2550 788 δὲ
2578 737 2713 806 ἔργα
2747 737 2993 804 φαίνεται
3019 739 3274 810 ἔγκαρπα
3305 738 3458 792 ὄντα·
3487 738 3629 792 θέλω

2054 827 2209 895 κάγὼ
2235 826 2487 894 γενέσθαι
2517 825 2610 879 τοῦ
2642 827 3076 897 ἐσταυρωμὲνου.
3113 825 3278 882 Εἶπεν
3308 828 3364 881 δὲ
3399 828 3627 897 Ἐπιφά-

2053 934 2162 980 νιος
2194 916 2268 985 τῷ
2302 917 2571 986 φιλοσόφῳ
2592 934 2604 947 ·
2642 917 2706 968 Τί
2738 917 3059 986 θαυμάζεις,
3087 919 3269 987 φησιν,
3296 910 3341 970 ὦ
3372 914 3627 985 φιλόσοφε

2054 1007 2147 1061 ἐπὶ
2180 1007 2357 1069 τοῦτο,
2393 1007 2467 1070 ὡς
2516 1006 2671 1076 ἡμῶν
2724 1008 3091 1078 ποιησάντωνς
3121 1005 3227 1059 Οῦ·
3274 1006 3385 1059 ἀλλ’
3421 1007 3449 1058 ό
3501 1005 3627 1068 Υἱὸς

2055 1096 2146 1150 τοῦ
2193 1096 2327 1150 Θεοῦ
2374 1099 2520 1150 ἐστιν
2552 1099 2579 1149 ὁ
2614 1082 2778 1154 ποιῶν
2806 1097 2896 1151 διὰ
2931 1098 3039 1151 τῶν
3074 1097 3431 1151 πιστεῦοντων
3478 1096 3627 1171 αὐτῷ

2054 1190 2126 1242 τὰ
2154 1189 2292 1243 καλὰ
2326 1187 2512 1244 ταῦτα.
2570 1188 2677 1241 Καὶ
2727 1188 2899 1242 ταῦτα
2948 1186 3116 1240 εἰπὼν
3169 1187 3479 1255 Ἐπιφάνιος
3531 1188 3627 1240 καὶ
3680 1182 3686 1189 ’

2056 1279 2275 1334 πλείονα
2318 1278 2521 1331 τούτων
2551 1277 2627 1346 τῷ
2660 1279 2952 1348 φιλοσόφῳ,
2993 1279 3365 1350 παρεκάλεσεν
3402 1277 3567 1330 αὐτὸν
3597 1280 3625 1332 ὁ

2055 1366 2358 1437 φιλόσοφος,
2384 1369 2530 1431 ὅπως
2559 1367 2719 1420 δώσει
2752 1368 2898 1438 αὐτῷ
2929 1368 3025 1440 τήν
3060 1370 3115 1421 ἐν
3140 1366 3358 1439 Χριστῷ
3398 1369 3629 1437 σφραγῖ-

2053 1459 2135 1512 δα.
2171 1458 2365 1516 Λαὸὼν
2396 1458 2452 1511 δὲ
2482 1458 2644 1512 αὑτὸν
2676 1459 2768 1512 καὶ
2811 1459 2910 1529 ἐμὲ
2947 1458 3277 1528 Ἐπιφὰνιος,
3322 1456 3623 1530 ἐπορεύθη-

2057 1566 2155 1619 μεν
2183 1549 2317 1621 πρὸς
2342 1549 2433 1603 τὸν
2462 1549 2632 1623 μέγαν
2663 1548 2963 1620 Ἰλαρίωνα,
2992 1549 3086 1601 καὶ
3117 1548 3409 1602 ἐόὰπτισεν
3439 1547 3624 1602 αὐτόν.

2055 1642 2164 1696 Καὶ
2189 1642 2522 1714 ἐποιήσαμεν
2549 1642 2606 1694 ἐν
2636 1640 2712 1710 τῷ
2744 1640 3089 1714 μοναστηρίῳ
3113 1640 3204 1693 τοῦ
3232 1640 3462 1711 μεγάλου
3491 1638 3627 1690 Ἱλα-

2056 1731 2246 1802 ρίωνος
2293 1739 2341 1785 κ’
2383 1732 2615 1804 ἠμέρας.
2661 1731 3038 1802 Παρεκάλεσεν
3083 1729 3139 1782 δὲ
3179 1729 3487 1799 Ἐπιφάνιος
3534 1729 3627 1780 τὸν

2057 1823 2229 1892 μέγαν
2277 1822 2555 1893 Ἱλαρίωνα
2601 1821 2915 1875 ἀποστεῖλαι
2979 1821 3117 1892 μετὰ
3171 1821 3483 1890 Ἐπιφανίου
3530 1818 3655 1874 τοῦ.

2055 1915 2150 1967 καὶ
2184 1912 2471 1981 φιλοσόφου
2507 1912 2605 1966 ἐ’να
2646 1910 2752 1965 τῶν
2797 1911 3040 1983 ἀδελφῶν
3069 1913 3126 1965 ἐν
3166 1911 3624 1983 Ἐλευθεροπόλει,

380 2015 502 2062 cnm
554 2016 745 2059 omnes
786 2003 1107 2060 advocasset
1153 2005 1370 2073 fratres,
1403 2009 1481 2063 sic
1507 2010 1588 2064 eis
1612 2009 1747 2065 dixit
1783 2029 1796 2064 :
1827 2009 1945 2073 Hic.
1982 1999 2022 2052 Β
2052 2004 2196 2066 ὅπως
2237 2005 2451 2073 ποιήσει
2500 2004 2660 2056 αὑτὸν
2696 2004 2724 2054 ὁ
2756 2003 3049 2066 ἐπίσκοπος
3087 2003 3473 2074 epactes-,spem
3516 2003 3628 2054 Καὶ

379 2092 473 2161 qui
518 2093 619 2148 sibi
661 2086 954 2163 aliquando
988 2096 1267 2152 videbatur
1295 2113 1418 2153 esse
1446 2099 1671 2168 aliquid,
1703 2116 1826 2154 cum
1860 2102 1946 2155 ni-

379 2180 456 2239 Ιιί1
489 2191 652 2249 esset,
684 2182 902 2239 dicebat
949 2199 1008 2240 se
1055 2200 1178 2241 esse
1224 2188 1640 2257 philosophum;
1678 2204 1822 2244 nunc
1848 2207 1948 2244 au-

378 2280 485 2328 tum
515 2272 609 2329 D.,i
638 2274 814 2343 gratia
845 2289 1006 2330 verns
1040 2285 1123 2331 est
1172 2275 1350 2333 sat-tus
1388 2278 1768 2348 pliilosoplius;
1804 2279 1945 2348 ipse-

377 2376 485 2431 que
528 2363 787 2435 spiritalis
839 2372 1019 2418 vester
1061 2374 1212 2433 pater
1248 2377 1349 2421 est.
1383 2367 1554 2434 Igitur
1606 2367 1944 2438 Epiphanius

377 2452 730 2522 philosophus
758 2469 789 2506 a
823 2453 932 2510 Deo
965 2456 1195 2526 gratiam
1230 2470 1313 2511 est
1342 2466 1690 2522 consecutus,
1723 2467 1776 2513 ct
1800 2475 1940 2529 pra»-

376 2552 496 2598 erat
522 2545 620 2599 toti
657 2544 848 2601 choro.

376 2636 702 2708 φιλόσοφος,
752 2641 848 2702 καὶ
895 2641 994 2712 τῆς
1048 2642 1344 2714 ἱερωσύνης
1391 2617 1723 2714 ιιατηξιώθη.

2052 2092 2117 2167 δὴ
2143 2075 2374 2163 ό”μέγας
2399 2093 2641 2164 Ἰλαρίων
2670 2095 2922 2164 ἐποίησεν
2951 2093 3144 2159 οὕτως.
3174 2095 3284 2147 Καὶ
3315 2093 3474 2147 πάλιν
3501 2094 3630 2145 ἐπο-

2057 2182 2328 2254 ρεύθημεν
2354 2184 2412 2235 ὲν
2444 2183 2520 2252 τῷ
2558 2185 2901 2255 μοναστηρίῳ
2927 2189 2958 2256 ή
2969 2186 3083 2256 μῶν
3105 2186 3183 2257 τῷ
3214 2185 3630 2258 ἐπικαλουμένῳ

2055 2274 2393 2344 Σπανυδρίῳ.
2432 2275 2490 2327 ‘0
2564 2270 2653 2327 οὗν
2722 2277 2777 2330 Ἐ
2791 2276 3033 2344 ,τιφὰνιος
3118 2276 3631 2348 προσκαλεσάμενος

2051 2366 2299 2427 ἅπαντας
2353 2368 2478 2430 τοὺς
2527 2367 2807 2436 ἀδελφοὺς.
2839 2363 2991 2420 εἶπεν
3039 2369 3221 2432 αὐτοῖς
3242 2383 3255 2398 ·
3294 2364 3481 2431 Οὗτος,
3531 2387 3627 2438 φη-

2050 2455 2155 2518 σὶν,
2186 2457 2214 2508 ὃ
2248 2472 2378 2508 ποτε
2415 2457 2587 2511 δοκῶν
2626 2454 2764 2512 εἷναί
2800 2476 2874 2523 τι,
2907 2458 3069 2530 μηδὲν
3100 2458 3193 2519 ὧν,
3228 2460 3411 2530 ἔλεγεν
3434 2459 3627 2513 ἑαυτὸν

2005 2571 2013 2578 -
2049 2546 2358 2617 φιλόσοφον.
2393 2547 2506 2601 Νῦν
2552 2549 2608 2603 δὲ
2659 2551 2838 2620 χάριτι
2887 2552 3123 2623 Χριστοῦ
3164 2553 3378 2621 ἐγένετο
3416 2552 3630 2624 ἀληθῶς

1781 2636 1950 2706 Οὗτός
1984 2644 2134 2695 ἐστιν
2180 2641 2210 2693 ό
2261 2643 2623 2712 πνευματικὸς
2682 2644 2834 2715 ὑμῶν
2874 2649 3074 2717 πατήρ.
3146 2647 3203 2699 Ὀ
3247 2643 3339 2700 οὗν
3406 2644 3632 2710 'Emed-

376 2748 507 2795 νιος,
533 2733 562 2785 ό
595 2734 690 2793 καὶ
714 2736 743 2788 ὀ
770 2735 1076 2806 φιλόσοφος,
1108 2737 1417 2809 κατηξιώθη
1439 2739 1773 2810 χαρίσματος
1794 2737 1948 2809 παρὰ
1978 2734 2136 2800 Θεοῦ,
2170 2736 2265 2789 καὶ
2286 2732 2353 2808 ἦν
2377 2736 2675 2808 ήγοόμενος
2707 2739 2905 2802 παντὸς
2933 2738 3026 2792 τοῦ
3057 2740 3238 2813 χοροῦ.

446 2817 638 2906 ΧΧἯτ
680 2823 1048 2897 ingredientes
1096 2839 1277 2888 autem
1324 2829 1480 2883 multi
1535 2829 1945 2892 monasterium,

377 2925 487 2966 non
514 2914 767 2969 sinebant
792 2916 1072 2984 quiescere
1098 2917 1480 2987 Epiphanium.
1513 2918 1648 2973 Cum
1681 2920 1862 2989 itaque
1887 2919 1943 2974 in

377 3001 562 3056 animo
593 3002 818 3058 haberet
860 3005 1038 3067 locum
1070 3004 1391 3076 relinquere,
1427 3007 1694 3076 proficisci
1721 3023 1848 3062 vero
1878 3009 1933 3062 in

377 3102 557 3160 partes
603 3091 840 3164 AEgypti,
870 3095 1008 3150 dixi.
1051 3096 1186 3151 mihi
1221 3116 1235 3153 ι
1268 3096 1506 3168 Sequere
1539 3115 1645 3166 me,
1692 3100 1786 3157 lili.
1810 3099 1941 3171 -Ego

378 3196 508 3238 vero
545 3183 656 3238 dixi
714 3184 765 3239 ei
798 3207 810 3240 :
844 3183 1053 3254 Sequar
1101 3194 1174 3250 te,
1208 3201 1532 3257 quocunque
1577 3187 1728 3253 ieris,
1756 3187 1936 3243 Pater.

2122 2829 2266 2894 KG'·
2309 2827 2525 2881 Πολλῶν
2560 2824 2652 2882 οῦν
2698 2828 3094 2897 είσερχομένων
3127 2829 3185 2876 ἐν
3232 2822 3303 2887 τῷ
3350 2831 3619 2885 μοναστη-

2052 2918 2169 2989 ρίῳ,
2206 2917 2307 2969 οὐκ
2338 2917 2464 2969 εἴων
2513 2919 2742 2986 ἠρεμεῖν
2773 2916 2863 2966 τὸν
2905 2912 3237 2978 Ἐπιφὰνιον.
3272 2906 3382 2959 Καὶ
3401 2903 3471 2972 δὴ
3498 2920 3622 2955 σκε·

2046 3008 2287 3078 ψάμενος
2314 3003 2634 3058 καταλιπεῖν
2661 3002 2751 3055 τὸν
2783 3002 2965 3078 τόπον,
2998 2997 3326 3069 πορεύεσθαι
3356 2996 3411 3049 δὲ
3439 2993 3529 3047 ἐπὶ
3557 2994 3628 3046 τὶ

2049 3097 2185 3168 μέρη
2220 3095 2514 3162 Αἰγύπτου,
2549 3090 2701 3147 εἶπεν
2756 3092 2887 3163 πρὸς
2944 3090 3009 3161 μέ
3042 3104 3055 3118 ·
3084 3090 3306 3153 Τέκνον,
3346 3085 3629 3141 ἀκολούθει

2046 3204 2157 3257 μοι.
2205 3181 2372 3239 Εἶπον
2413 3185 2470 3238 δὲ
2518 3184 2654 3256 πρὸς
2698 3183 2889 3237 αὐτόν·
2930 3181 3304 3252 ’Δκολουθήσω
3349 3197 3430 3232 σοι
3492 3179 3630 3230 ὅπου

376 3272 514 3334 Cum
563 3289 752 3330 omnes
788 3286 969 3331 autem
1013 3275 1208 3332 fratres
1256 3277 1593 3341 advocasset,
1629 3287 1683 3332 et
1711 3281 1790 3333 cis
1827 3279 1945 3333 vale
1973 3265 2017 3322 C
2050 3275 2115 3329 ἂν
2173 3275 2412 3350 ἀπέρχῃ)
2461 3275 2663 3344 Πάτερ.
2714 3271 3229 3343 Προσκαλεσάμενος
3278 3268 3334 3321 δὲ
3385 3268 3632 3328 ἅπαντας

377 3363 626 3429 dixisset,
653 3364 787 3419 ‹nxn
814 3380 829 3418 ε
857 3363 1028 3431 Vade,
1057 3380 1091 3421 0
1135 3367 1250 3431 oni,
1283 3351 1350 3421 ain
1407 3368 1697 3424 videndum
1751 3369 1947 3424 tratres

377 3455 470 3522 qni
522 3464 652 3510 sunt
695 3455 750 3510 in
795 3457 1128 3513 monasterio
1171 3458 1352 3527 magni
1393 3458 1703 3516 Hilarionis,
1739 3457 1873 3513 Cnm
1909 3461 1945 3513 ii

379 3555 560 3601 autem
610 3548 1004 3605 intellexissent
1052 3566 1178 3606 eum
1230 3552 1369 3608 velle
1416 3554 1689 3617 recedere,
1729 3562 1947 3623 propter

379 3650 626 3704 nagnam
672 3638 974 3693 molestiam
1009 3654 1200 3695 eorum
1255 3642 1346 3710 qui
1377 3640 1725 3706 accedebant,
1756 3656 1945 3696 omnes

379 3725 631 3788 cadentes
666 3727 719 3781 in
745 3725 961 3790 facicm,
987 3730 1112 3783 cum
1147 3728 1270 3784 fletu
1300 3739 1355 3784 et
1382 3730 1597 3799 planctu
1623 3744 1747 3784 cum
1780 3744 1945 3800 roga-

379 3815 508 3870 bant
533 3833 597 3871 ne
628 3818 817 3873 exiret.
849 3818 1203 3889 Epiphanius.
1226 3836 1357 3875 vero
1392 3821 1507 3890 ipse
1533 3836 1772 3890 quoque,
1825 3836 1942 3874 ma·

380 3921 484 3974 gna
511 3905 705 3961 ductus
755 3906 1144 3972 misericordia,
1191 3909 1466 3978 persuasit
1511 3909 1611 3973 eis,
1640 3908 1825 3978 dicens
1888 3920 1949 3962 se

382 4008 491 4048 non
536 4008 656 4052 esse
706 3995 936 4064 amplius
975 4011 1340 4052 recessurum.
1376 3997 1511 4052 Cum
1544 3999 1731 4053 decem
1764 4007 1949 4051 antem

381 4083 502 4147 dies
530 4084 935 4154 praeteriissent,
956 4087 1164 4157 aceepit
1190 4103 1277 4143 me
1305 4098 1492 4152 noctu,
1518 4088 1831 4157 egressique
1855 4103 1951 4141 su-

385 4190 528 4238 mus,
557 4184 613 4229 et
644 4174 844 4233 ivimus
887 4170 1338 4248 Hierosolymam,
1369 4185 1724 4245 nostramque
1779 4174 1947 4229 vitam

386 4262 755 4327 adoravimus,
799 4279 992 4334 nempe
1029 4265 1391 4322 venerandam
1448 4263 1662 4322 Domini
1708 4278 1947 4319 crucem.

388 4352 720 4423 fuimusque
753 4355 806 4412 in
830 4355 1067 4422 civitate,
1102 4356 1220 4417 loca
1250 4356 1511 4415 obeuntes
1535 4365 1589 4410 et
1617 4360 1836 4410 orantes
1862 4367 1950 4408 se-

385 4443 561 4508 decim
614 4445 751 4512 dies,
784 4444 1032 4516 Cumque
1075 4462 1175 4503 nos
1217 4447 1598 4518 egrederemur
1631 4461 1661 4500 e
1715 4445 1951 4506 civitate,

388 4544 446 4590 ιιι
470 4521 1039 4607 [νεηίιειιιιιείὸρροιι.
1057 4536 1133 4609 et]
1150 4538 1531 4608 navigaremus
1556 4538 1609 4592 in
1633 4534 1952 4612 AEgyptum,

2051 3369 2175 3430 τοὺς
2228 3366 2510 3435 ἀδελφοὺς,
2540 3365 2631 3416 καὶ
2667 3363 3069 3442 συνταξάμενος
3118 3361 3321 3424 αὐτοῖς,
3352 3358 3448 3429 τήν
3494 3357 3631 3410 ἁπό-

2052 3474 2233 3528 κρισιν
2269 3457 2463 3528 ἔφερεν
2506 3457 2688 3524 αὐτοῖς
2731 3454 2904 3523 λέγων
2951 3455 3068 3507 ὅτι·
3111 3451 3441 3524 Πορεύομαι,
3474 3449 3630 3519 φησὶ,
3699 3472 3702 3477 ·

2052 3547 2239 3611 τέκνα,
2258 3549 2336 3610 είς
2364 3545 2650 3614 ἐπίσκεψιν
2677 3545 2784 3598 τῶν
2813 3545 3058 3612 ἀδελφῶν
3086 3545 3144 3595 ἐν
3176 3541 3252 3615 τῷ
3283 3539 3632 3611 μοναστηρίῳ

2050 3638 2143 3692 τοῦ
2175 3638 2408 3706 μεγάλου
2441 3637 2762 3707 Ἱλαρίωνος.
2796 3634 2918 3686 Τῶν
2948 3634 3003 3687 δὲ
3029 3633 3335 3702 νοησάντων
3392 3633 3473 3684 ὅτι
3501 3633 3632 3685 ἀνα-

2052 3727 2251 3799 χωρεῖν
2286 3724 2552 3794 βούλεται,
2582 3724 2670 3776 διὰ
2713 3723 2810 3794 τὴν
2840 3721 3037 3792 πολλὴν
3068 3721 3287 3791 ὄχλησιν
3320 3721 3427 3775 τῶν
3454 3738 3635 3792 παρα-

2053 3815 2377 3886 γενομένων,
2410 3815 2459 3866 οἱ
2496 3813 2694 3875 πάντες
2731 3811 2988 3874 πεσόντες
3021 3811 3113 3862 ἐπὶ
3146 3811 3457 3882 πρόσωπον,
3496 3810 3635 3880 μετὰ

2054 3904 2248 3960 πολλοῦ
2277 3901 2555 3975 κλαυθμοῦ
2584 3903 2675 3956 καὶ
2709 3900 2943 3972 ὀδυρμοῦ
2972 3901 3313 3970 παρεκάλουν
3341 3902 3429 3953 τὸν
3478 3901 3633 3954 Ἐπι-

2055 3999 2265 4067 φάνιον,
2296 3995 2436 4049 ὥστε
2492 3995 2567 4066 μὴ
2619 3991 2877 4059 ἐξελθεῖν.
2913 3991 3021 4045 Τοῦ
3072 3991 3129 4044 δὲ
3173 3992 3489 4059 Ἐπιφανίου
3539 3993 3632 4044 καὶ

2054 4086 2218 4139 αὐτοῦ
2249 4087 2326 4147 είς
2361 4085 2527 4137 πολὺν
2550 4081 2727 4136 οἶκτον
2755 4080 3017 4147 ἐλθόντος,
3053 4081 3269 4136 ἔπεισεν
3300 4083 3517 4145 αὐτοὺς,
3547 4081 3634 4134 λέ-

2055 4190 2166 4242 γων
2215 4173 2413 4244 μηκέτι
2462 4173 2785 4242 ἀναχωρεῖν.
2824 4170 2914 4239 Μή
2949 4172 3289 4241 ποιησάντων
3324 4171 3377 4223 δέ
3410 4171 3567 4239 ἡμῶν
3605 4178 3631 4223 ι’

2056 4264 2294 4335 ἡμέρας,
2324 4261 2517 4314 ἐλαὸἑν
2562 4278 2629 4331 με
2655 4262 2868 4328 νυκτὸς,
2903 4263 2996 4314 καὶ
3031 4260 3344 4332 ἐξήλθομεν,
3375 4262 3468 4313 καὶ
3500 4263 3632 4313 ἐπο-

2061 4349 2330 4421 ρεύθημεν
2376 4350 2433 4401 ἐν
2468 4348 2881 4421 Ἱεροσολύμοις,
2911 4350 3006 4403 καὶ
3032 4352 3511 4421 προσεκυνήσαμεν
3533 4350 3634 4421 τὴν

2060 4439 2202 4510 ζωὴν
2224 4437 2400 4515 ήμῶν,
2416 4438 2505 4493 τὸν
2522 4439 2703 4509 τίμιον
2733 4440 2964 4512 σταυρὸν
2990 4439 3082 4493 τοῦ
3108 4441 3377 4501 Δεσπότου
3403 4458 3416 4471 ·
3444 4442 3633 4511 ἐποιή-

2063 4549 2234 4604 σαμεν
2264 4531 2320 4584 δέ
2369 4534 2426 4584 ἐν
2470 4533 2537 4601 τῇ
2581 4530 2755 4594 πόλει,
2799 4532 3133 4603 διερχόμενοι
3162 4533 3287 4595 τοὺς
3316 4533 3514 4593 τόπους
3539 4534 3634 4586 καὶ

387 4623 631 4684 occurrit
664 4624 821 4680 nobis
857 4626 1105 4695 ‚quaedam
1155 4626 1349 4681 mulier
1379 4627 1591 4690 insana,
1618 4637 1678 4680 ut
1705 4640 1824 4694 quae
1863 4640 1953 4680 ve·
1987 4617 2027 4670 D
2058 4622 2355 4693 εὐχόμενοι,
2392 4628 2465 4686 ις’
2508 4623 2719 4693 ἡμέρας
2742 4639 2756 4654 ·
2810 4622 2904 4676 καὶ
2951 4623 3014 4694 δὴ
3060 4623 3428 4694 ἐξερχόμενων
3477 4623 3634 4693 ήμῶν

387 4726 608 4780 xnretur
652 4734 682 4772 a
729 4719 921 4788 spiritu
967 4719 1267 4775 immundo.
1301 4718 1419 4789 lpsa
1454 4728 1630 4773 autem
1666 4733 1789 4773 cnm
1820 4715 1949 4785 Epi-

387 4805 571 4874 phanii
596 4807 895 4876 accepisset
924 4807 1236 4877 diploidem,
1264 4822 1385 4861 eam
1432 4805 1767 4869 dilaceravit,
1799 4814 1853 4859 et
1885 4820 1954 4860 ex

386 4912 449 4953 ca
476 4897 611 4952 exiit
643 4895 959 4954 immundus
1004 4898 1250 4967 spirituS.
1282 4896 1415 4963 Quae
1444 4895 1732 4966 procidens
1759 4895 1826 4950 ad
1858 4911 1952 4962 pe-

361 4989 481 5043 des
507 4985 815 5058 Epiphanii,
847 5003 970 5043 eum
998 4989 1445 5057 rogabat,dicens
1472 5007 1484 5042 ε
1516 4987 1771 5058 ignoscas
1794 4986 1950 5053 mihi,

385 5076 564 5143 Pater,
591 5086 645 5137 et
671 5094 739 5134 ne
773 5094 1115 5140 succenseas.
1137 5077 1190 5133 ls
1217 5089 1396 5146 aulem
1420 5080 1557 5135 dixit
1578 5084 1672 5144 ei:
1701 5077 1845 5133 Vade
1864 5093 1953 5132 sa·

386 5183 455 5230 na
483 5169 538 5222 in
572 5168 793 5235 domum
829 5178 1000 5237 tuoni,
1032 5166 1244 5244 Ruptus
1269 5169 1414 5223 enirn
1446 5170 1674 5239 est,·qui
1707 5180 1757 5224 te
1798 5185 1956 5238 rupe-

387 5271 490 5316 rat.
524 5259 589 5314 Et
617 5260 715 5314 ivit
743 5260 933 5315 mulier
970 5261 1026 5316 in
1062 5276 1212 5330 pace,
1254 5260 1321 5316 Et
1360 5276 1612 5316 cum-nos
1642 5261 1955 5330 descendis-

386 5365 569 5404 scmus
613 5350 666 5402 in
711 5347 938 5418 Joppen,
972 5350 1279 5405 invenimus
1309 5365 1499 5418 navem
1534 5362 1801 5419 paratam,
1831 5366 1953 5418 quae

386 5440 602 5495 volebat
627 5439 707 5494 ire
731 5440 1134 5506 Alexandriam,
1171 5441 1417 5512 Cumque
1448 5442 1856 5519 navigassemus
1885 5443 1955 5495 ab

385 5527 580 5599 Joppe,
609 5538 732 5598 post
760 5539 870 5583 tres
899 5529 1015 5586 dies
1047 5531 1276 5600 ingressi
1323 5547 1514 5586 sumus
1545 5530 1951 5584 Alexandriam.

389 5618 556 5682 Nobis
580 5631 762 5673 autem
806 5636 943 5675 nave
968 5623 1225 5691 egressis,
1258 5632 1312 5676 ct
1360 5621 1787 5692 ingredientibus
1822 5623 1955 5690 civi-

389 5719 577 5770 tatem,
602 5714 839 5764 occurrit
867 5711 1087 5779 quidam
1118 5709 1360 5778 Judaeus,
1393 5694 1614 5767 nomine
1644 5712 1857 5780 Aquila,
1882 5712 1956 5765 le-

390 5801 682 5876 gisperitus
713 5815 775 5857 ac
796 5802 1073 5871 magister.
1101 5802 1278 5872 Coepit
1308 5818 1436 5856 vero
1464 5801 1799 5873 Epiphanius
1820 5820 1956 5873 quo-

387 5905 492 5973 quc
517 5906 638 5948 cum
669 5907 731 5946 eo
760 5894 827 5948 de
859 5893 972 5959 lege
991 5892 1430 5949 dissererc.'1'oto
1457 5911 1585 5965 ergo
1613 5895 1704 5951 illo
1725 5895 1810 5948 dic
1838 5896 1956 5964 plu·

2056 4715 2165 4768 ἀπὸ
2211 4715 2310 4784 τῆς
2356 4714 2582 4778 πόλεως,
2612 4714 2758 4779 ὅπως
2787 4715 3218 4785 ἁποπλεύσωμεν
3244 4718 3302 4768 ἐν
3336 4714 3623 4785 Αἰγύπτῳ,

2058 4804 2368 4872 ἀπήντησεν
2396 4805 2529 4875 ήμῐν
2570 4807 2701 4876 γυνή
2736 4823 2840 4872 τις,
2876 4806 3173 4876 μαινομένη
3204 4805 3310 4857 ὑπὸ
3336 4805 3448 4858 τοῦ·
3469 4807 3630 4860 πνευ-

2061 4909 2226 4965 ματος
2258 4892 2591 4964 ἀκαθόιρτου.
2617 4894 2764 4966 Αὕτη
2786 4895 3055 4966 λαόομένη
3088 4898 3182 4966 τῆς
3205 4895 3465 4959 διπλοΐδος
3481 4898 3631 4949 Ἐπι-

2058 4986 2270 5053 φανίου,
2318 4984 2600 5057 διέρρηξεν
2649 4987 2848 5058 αὐτήν·
2908 4988 2999 5041 καὶ
3047 4987 3251 5052 εὐθέως
3293 4987 3512 5058 ἐξῆλθεν
3570 4989 3631 5042 τὸ

2058 5076 2361 5147 ᾄκᾴθαρτον
2391 5076 2608 5149 πνεῦμα
2636 5078 2731 5132 ἀπ’
2759 5079 3026 5149 αὐτῆς.Ἤ
3046 5079 3102 5139 δὲ
3135 5081 3372 5134 πεσοῦσα
3401 5082 3481 5144 εἰς
3506 5083 3629 5143 τοὺς

2059 5165 2222 5229 πόδας
2269 5167 2602 5235 Ἐπιφανίου,
2634 5169 2930 5240 παρεκάλει
2962 5170 3192 5238 λέγουσα
3215 5185 3231 5201 ·
3265 5169 3626 5242 Συγχὼρησόν

2061 5274 2172 5329 μοι,
2216 5258 2417 5330 Πάτερ,
2465 5259 2559 5312 καὶ
2608 5259 2682 5330 μὴ
2733 5242 2972 5332 ὀργίζου.
3004 5257 3171 5314 Εἶπεν
3215 5261 3269 5314 δὲ
3316 5263 3630 5330 Ἐπιφάνιος

2058 5349 2192 5420 πρὸς
2212 5351 2310 5422 τὴν
2336 5333 2565 5418 γυναῖκα
2584 5368 2597 5381 ·
2623 5352 2815 5418 Βάδιζε
2843 5353 3156 5421 ὑγιαίνουσα
3182 5355 3239 5406 ἐν
3267 5353 3344 5424 τῷ
3371 5353 3444 5423 σῷ
3472 5355 3624 5424 οἴκῳ·

2055 5441 2085 5492 ὀ
2122 5440 2229 5512 γὰρ
2276 5441 2445 5513 ῥήξας
2487 5442 2731 5514 ἐρράγη.
2786 5444 2897 5499 Καὶ
2941 5443 3209 5515 ἐπορεύθη
3237 5446 3270 5514 ή
3294 5444 3428 5514 γυνὴ
3463 5446 3519 5496 ἐν
3551 5444 3628 5514 τῷ

2056 5533 2189 5603 οἴκῳ
2222 5533 2413 5602 αὐτῆς.
2449 5533 2830 5588 Κατελθόντων
2862 5534 2919 5586 δέ
2949 5535 3103 5604 ήμῶν
3142 5537 3222 5598 εἰς
3261 5535 3504 5606 Ἰόππην,
3533 5535 3624 5589 εὖ·

2061 5639 2225 5694 ρομεν
2251 5623 2467 5693 ἕτοιμον
2484 5624 2664 5676 πλοῖον
2684 5623 3000 5695 βουλόμενον
3025 5624 3349 5695 πορεύεσθαι
3381 5628 3458 5689 είς
3476 5627 3627 5680 Ἀλε-

2061 5714 2729 5786 ξάνδρειαν.”Εξελθόντων
2773 5716 2830 5768 δὲ
2866 5717 3019 5786 ήμῶν
3060 5717 3165 5771 ἀπὸ
3194 5718 3288 5770 τοῦ
3327 5718 3507 5771 πλοίου
3535 5719 3628 5773 καὶ

2062 5804 2409 5858 εἰσελθόντων
2437 5807 2494 5857 ἐν
2528 5808 2594 5875 τῇ
2643 5806 2813 5863 πόλει,
2852 5807 3161 5878 ἀπήντησεν
3183 5811 3314 5880 ἡμῖν
3356 5803 3623 5872 Ἰουδαῖος,

2058 5894 2275 5966 ὀνόματι
2313 5893 2560 5957 Ἀκύλας,
2594 5893 3062 5972 νομοδιδάσκαλος.
3101 5899 3207 5953 Καὶ
3234 5897 3433 5974 ἦρξα-ιο
3479 5899 3626 5954 'Em-

2222 6050 2237 6076 Ι
