3850 6517
309 499 368 552 m
1598 498 1656 555 S.
1700 496 2042 554 ErtPttAMt
2084 495 2263 552 VtTA.
3490 496 3564 554 92

304 617 406 669 cst.
463 606 728 679 Epiphani
756 649 770 673 ,
843 610 1117 682 inquiens.
1180 611 1520 683 Epiphanius
1572 629 1704 668 vero
1751 613 1887 667 nihil
1917 618 1959 672 A
1991 613 2125 676 ἐστι,
2161 612 2363 684 Κύριε;
2397 612 2508 666 Καὶ
2554 609 2704 667 εἶπεν
2736 613 2871 685 πρὸς
2909 612 3104 667 αὐτόν·
3138 609 3371 666 'Aeetes
3402 612 3462 665 ἐν
3484 609 3565 678 τῷ

305 700 664 756 entitur-batus
691 718 703 755 ι
741 698 879 768 Quid
909 712 1014 766 est.
1044 701 1318 757 Domine?
1344 702 1412 756 Et
1432 703 1570 757 dixit
1606 703 1654 757 ci
1684 721 1697 756 :
1735 701 1883 758 Vade

307 786 358 839 in
398 788 676 856 templum,
705 792 851 860 quod
879 800 1104 847 vocatur
1146 791 1336 846 Tutela
1363 789 1535 856 «lovis,
1579 802 1635 849 et
1667 794 1884 849 solven-

306 890 390 932 tur
420 880 696 950 signacula
747 893 1049 953 portarum,
1077 893 1133 940 et
1176 885 1423 943 invenies
1461 888 1695 942 multum
1736 886 1877 942 auri.

303 969 437 1023 llum
476 979 534 1025 tu
574 972 625 1026 id
658 975 955 1041 acceperis,
995 989 1116 1031 eme
1147 976 1478 1033 frumentum
1514 988 1569 1033 et
1614 979 1876 1035 hordeum

303 1056 667 1125 Faustiniani,
712 1073 766 1117 et
796 1062 865 1118 da
912 1063 1229 1120 alimentum
1277 1068 1582 1137 egentibus.
1636 1066 1878 1138 Epipha-

302 1151 426 1207 nius
460 1161 641 1207 autem
677 1154 773 1208 ivit
817 1157 1067 1226 protinus
1095 1159 1150 1213 in
1183 1160 1464 1229 tempium,
1509 1168 1564 1216 et
1607 1176 1729 1217 cum
1775 1158 1878 1218 fuit

300 1255 468 1312 prope
509 1243 817 1314 ingressum
870 1249 1079 1318 templi,
1125 1250 1310 1305 statim
1343 1250 1656 1306 ceciderunt
1697 1251 1879 1322 signa-

264 1346 268 1350 ’
299 1330 444 1394 cula,
479 1341 527 1386 ct
560 1342 730 1402 ραι-ιω
762 1345 964 1405 apertae
994 1347 1144 1395 sunt.
1180 1339 1462 1410 Ingressus
1491 1357 1620 1397 vero
1643 1341 1878 1412 Epipha-

299 1420 425 1477 nius
461 1422 665 1477 invenit
701 1426 936 1482 multum
979 1429 1122 1485 auri.
1171 1430 1310 1485 Cum
1355 1447 1420 1487 ex
1449 1447 1517 1489 eo
1564 1448 1704 1504 ergo
1728 1449 1895 1489 acce-x

297 1509 488 1577 pisset,
533 1511 680 1568 dedit
723 1512 1107 1584 Faustiniano,
1143 1529 1194 1574 ct
1234 1519 1419 1576 dixit:
1478 1522 1678 1593 Accipe
1719 1539 1880 1594 pecu-

297 1599 467 1664 niam,
504 1607 558 1656 et
605 1602 670 1658 da
706 1606 837 1661 milti
869 1606 1223 1665 frumentum.
1265 1612 1334 1669 At
1372 1628 1572 1670 avarus
1619 1623 1674 1670 et
1706 1616 1877 1671 scele-

297 1703 417 1750 stus
459 1694 848 1758 Faustinianus
894 1718 1029 1759 auro
1072 1715 1296 1776 accepto
1347 1704 1679 1762 frumentum
1735 1724 1877 1779 prae-

296 1785 414 1842 huit
447 1788 552 1860 ipsi
596 1806 693 1861 per
735 1794 946 1851 modios
991 1805 1196 1852 ternos.
1234 1796 1576 1868 Epiphanius
1604 1809 1783 1854 antem
1821 1800 1872 1855 id

295 1877 520 1947 praebuit
541 1880 928 1952 indigentibus,
957 1883 1077 1940 Non
1109 1884 1427 1944 deiecerunt
1455 1903 1584 1960 ergo
1605 1890 1872 1959 pecuniae,

294 1968 470 2026 donec
500 1972 836 2043 Epiphanius
878 1978 1013 2032 emit
1055 1980 1261 2046 omnia,
1302 1995 1424 2050 quae
1460 1981 1693 2037 habehat
1723 1980 1864 2036 Fau·
1908 1969 1946 2022 Β

293 2059 568 2119 stinianus
613 2064 680 2119 ad
712 2065 1056 2122 alimentum.
1113 2067 1359 2140 implevit
1404 2079 1586 2127 autem
1638 2070 1870 2142 Epipha-

292 2149 418 2205 nius
453 2152 654 2209 multas
681 2154 874 2211 domos
905 2155 1177 2214 frumento
1203 2168 1258 2216 et
1289 2160 1512 2231 hordeo,
1547 2162 1692 2232 quod
1721 2179 1871 2219 cmc-

291 2248 378 2297 rat
411 2257 440 2295 a
492 2241 850 2299 Faustiniano
878 2265 893 2301 t
943 2257 997 2302 ct
1052 2249 1147 2304 toti
1201 2251 1404 2307 civitati
1464 2253 1883 2324 suppeditavit,

292 2331 406 2388 sive
439 2335 621 2403 potius
649 2335 792 2391 Dens
822 2352 920 2407 per
947 2338 1334 2410 Epiphaniam.

366 2447 502 2506 LlV.
533 2448 855 2506 Defecerant
873 2462 1054 2506 autem
1078 2467 1218 2508 escae
1239 2453 1293 2508 in
1321 2454 1485 2511 domo
1504 2454 1868 2526 Faustiniani,

290 2559 344 2604 et
374 2550 516 2605 inter
536 2565 728 2605 omnes
757 2549 1639 2624 bomineslautaeerantepulae,et
1663 2527 1871 2630 magna!

290 2653 550 2722 angustiae
568 2651 621 2708 in
637 2653 803 2709 domo
817 2652 1178 2709 Faustiniani.
1195 2654 1374 2712 Malus
1395 2672 1524 2714 vero
1536 2667 1590 2715 et
1604 2658 1896 2720 violentus.

290 2761 344 2808 et
375 2753 770 2810 immisericors
812 2752 1224 2820 Faustinianus,
1255 2757 1513 2826 probrum
1543 2773 1664 2814 esse
1695 2769 1869 2829 ratus,

290 2857 444 2913 eibos
475 2858 660 2913 domui
694 2872 807 2912 suae
847 2866 1031 2927 petere
1057 2856 1126 2913 ab
1155 2856 1483 2928 Epiphanio,
1503 2874 1629 2915 cum
1652 2875 1747 2916 sex
1776 2862 1873 2916 ha-

290 2955 443 3011 beret
459 2956 678 3027 propria
698 2955 935 3028 navigia,
957 2956 1062 3010 alia
1080 2971 1299 3026 quoque
1319 2946 1562 3029 quinque
1576 2958 1866 3014 conduxit:

209 3100 213 3105 .
289 3061 346 3108 et
391 3067 517 3108 cum
546 3053 784 3109 dedisset
826 3053 1095 3123 pecunias
1142 3052 1391 3124 Longino
1431 3052 1598 3109 totius
1651 3051 1871 3132 familiae

292 3169 408 3210 suae
454 3153 792 3217 fidelissimo,
847 3154 996 3210 misit
1021 3169 1144 3209 eum
1198 3155 1262 3208 ad
1299 3154 1587 3210 emendum
1618 3152 1862 3208 frumen-

1989 703 2100 775 ναῷ
2126 704 2202 774 τῷ
2228 703 2546 774 καλουμένῳ
2569 703 2690 768 Διὸς
2707 703 3013 772 Ἀσφάλεια,
3034 704 3127 757 καὶ
3157 701 3479 773 λυθήσονται
3504 710 3566 760 αί

1988 795 2095 848 τῶν
2121 796 2300 867 θυρῶν
2334 796 2656 868 σφραγῖδες·
2694 796 2789 849 καὶ
2823 794 3081 849 εἰσελθὼν
3131 795 3385 866 εὑρήσεις
3423 812 3545 866 χρυ·

1990 886 2103 939 σίον
2144 884 2277 938 πολύ
2294 904 2307 915 ·
2359 885 2518 939 τοῦτο
2549 884 2728 939 λαὸὼν
2770 885 3044 956 ἀγόρασον
3095 883 3215 938 ὅλον
3264 884 3356 937 τὸν
3415 888 3567 938 σῖτον

1985 975 2393 1042 Φαυστινιανοῦ,
2422 977 2520 1036 καὶ
2569 976 2671 1053 τὴν
2713 976 2924 1050 κριθὴν,
2960 975 3054 1030 καὶ
3084 975 3174 1039 δδς
3210 975 3417 1047 τροφὴν
3453 977 3557 1036 τοῖς

1984 1069 2275 1138 δεομένοις.
2293 1069 2351 1122 Ὀ
2383 1068 2511 1137 γοῦν
2544 1070 2857 1139 Ἐπιφάνιος
2896 1066 3163 1139 ἐπορεύθη
3203 1068 3263 1119 ἐν
3302 1065 3382 1138 τῷ
3409 1065 3522 1136 ναιῖι
3545 1078 3562 1093 ·

1987 1161 2080 1213 καὶ
2126 1161 2203 1225 ὡς
2236 1162 2459 1232 ἤγγισεν
2493 1162 2628 1234 πρὸς
2659 1161 2756 1234 τὴν
2787 1162 2991 1215 εἴσοδον
3034 1158 3127 1213 τοῦ
3169 1159 3324 1224 ναοῦ,
3356 1158 3558 1223 εύθέωε.

1984 1252 2186 1306 ἔπεσαν
2214 1255 2274 1308 αἱ
2307 1256 2621 1326 σφραγῖδες,
2658 1255 2752 1309 καὶ
2784 1255 2842 1308 αἱ
2871 1253 3031 1324 θύραι
3060 1251 3431 1323 ἠνεῴχθησαν,
3467 1251 3556 1311 καῖ

1984 1343 2239 1401 είσελθὼν
2267 1347 2604 1415 Ἐπιφάνιος,
2636 1340 2794 1416 εὗρεν
2820 1344 3048 1416 χρυσίον.
3076 1342 3232 1400 πολύ.
3249 1340 3443 1397 Λαὸὼν
3463 1338 3569 1395 οὖν

1983 1433 2136 1499 αὐτὸ,
2167 1433 2227 1500 ἐξ
2248 1436 2411 1490 αὐτοῦ
2436 1435 2678 1491 ἐπεδίδου
2704 1434 2784 1505 τῷ
2812 1433 3181 1504 Φαυστινιανῷ
3206 1433 3381 1501 λέγων
3400 1451 3413 1464 ·
3456 1434 3556 1487 Ad·

1983 1525 2067 1592 δε,
2094 1528 2249 1599 φησὶ,
2284 1530 2558 1600 χρηματα.
2586 1528 2680 1584 καὶ1
2711 1529 2800 1591 δός
2835 1544 2923 1599 μοι
2953 1529 3119 1582 σῖτον.
3136 1527 3197 1579 ⁰0
3216 1526 3272 1578 δὲ
3302 1526 3554 1598 φιλοχρή-

1988 1633 2102 1686 μων
2142 1618 2238 1672 καὶ
2281 1618 2535 1692 ἀλάστωρ
2564 1619 2978 1682 Φαυστινιανὸς,
3012 1616 3299 1687 δεχόμενος
3329 1617 3389 1671 τὸ
3421 1635 3556 1689 χρυ-

1987 1707 2119 1776 σίον,
2157 1713 2383 1783 παρεῐχε
2413 1711 2562 1784 αὐτῷ
2581 1711 2673 1764 τὸν
2704 1713 2867 1772 σῖτον,
2903 1708 3045 1762 κατὰ
3069 1709 3236 1781 τριῶν
3263 1709 3558 1779 μοδίων.’0

1981 1797 2054 1858 δὲ4
2086 1798 2403 1870 Ἐπιφάνιος
2457 1799 2715 1873 παρείχεν
2763 1802 2909 1853 σῖτον
2958 1800 3171 1870 ἑκάστῳ
3212 1798 3321 1857 τῶν
3367 1799 3559 1870 χρείαν

1982 1888 2235 1958 ἐχόντων,
2263 1890 2357 1944 καὶ
2400 1890 2501 1944 ούκ
2546 1890 2820 1955 ἐξέλειπον
2846 1887 2916 1942 τά
2954 1890 3228 1960 χρήματα,
3255 1888 3361 1953 ἕως
3389 1883 3450 1944 οὗ
3479 1889 3560 1956 ἐξ·

1976 1977 2246 2050 ηγόρασεν
2281 1981 2459 2035 πάντα
2503 1982 2574 2035 τά
2623 1980 2908 2054 βρώματα,
2952 1981 2989 2035 ἃ.
3041 1981 3345 2051 συνήγαγεν
3372 1981 3559 2034 coau-

1978 2068 2268 2135 στινιανὸς,
2302 2072 2395 2125 καὶ
2421 2071 2656 2143 ἔπλησεν
2677 2073 2859 2135 οἴκους
2887 2072 3114 2136 πολλοὺς
3139 2072 3460 2142 Ἐπιφάνιος
3484 2073 3561 2126 σί-

1977 2177 2091 2222 του.
2120 2161 2211 2220 καὶ
2239 2161 2455 2233 κριθῆς,
2483 2163 2593 2217 τῶν
2613 2162 3029 2234 ἀγορασθέντων
3058 2161 3210 2233 παρὰ
3233 2163 3558 2218 Φαυστινια-

1977 2253 2068 2307 νοῦ
2143 2255 2232 2308 καὶ
2278 2257 2538 2328 παρεῖχεν
2582 2255 2733 2326 πάσῃ
2760 2257 2826 2327 τῇ
2859 2254 3400 2324 πόλει,,μᾶλλον.δέ,ὀ
3426 2257 3558 2322 Θεὸς

1977 2345 2045 2399 δι’
2068 2345 2417 2416 Ἐπιφανίου.

2047 2459 2171 2514 ΝΔ’.
2193 2458 2305 2513 Καὶ
2327 2454 2394 2531 ἦν
2412 2459 2613 2531 εὐωχία
2634 2460 2800 2514 πᾶσιν
2815 2457 3141 2532 ἀνθρώποις,
3175 2458 3269 2514 καὶ
3297 2453 3365 2530 ἦν
3389 2459 3562 2532 πολλὴ

1983 2557 2241 2624 στένωσις
2273 2560 2331 2613 ἐν
2354 2559 2431 2632 τῷ
2465 2559 2600 2633 οἴκῳ
2619 2561 3028 2617 Φαυστινιανοῦ.
3066 2562 3125 2616 Ὀ
3158 2561 3218 2616 δὲ
3265 2559 3433 2625 κακὸς
3465 2561 3563 2614 καὶ

1980 2661 2153 2731 βίαιος
2178 2661 2563 2728 Φαυστινιανὸς
2586 2663 2872 2728 στενωθεὶς
2893 2663 2981 2718 διά
3006 2663 3105 2735 τῆς
3122 2661 3558 2734 φιλοχρηματίας

1980 2760 2167 2828 αὐτοῦ,
2203 2761 2361 2834 ὖὸριν
2398 2762 2699 2838 ἡγούμενος
2743 2765 2893 2835 παρὰ
2936 2761 3252 2830 Ἐπιφανίου
3287 2755 3553 2822 βρώματα

1978 2860 2200 2930 αἰτῆσαι
2227 2860 2305 2930 τῷ
2341 2860 2478 2929 οἴκῳ
2507 2860 2695 2923 αὐτοῦ,
2727 2862 2885 2913 πλοῖα
2932 2858 3072 2925 ἔχων
3099 2858 3228 2914 ἴδια,
3254 2844 3568 2917 ἑξεμῑσθώκ

1980 2973 2110 3012 σατο
2133 2959 2229 3009 καὶ
2267 2956 2432 3025 ἔτερα
2454 2953 2635 3016 πέντε,
2670 2954 2765 3008 καὶ
2792 2953 2969 3016 δὼσας
3009 2949 3261 3021 Λογγίνῳ
3291 2947 3555 3019 χρήματα

1975 3055 2055 3127 τῷ
2091 3055 2396 3124 πιστοτάτῳ
2414 3052 2600 3120 αὐτοῦ,
2632 3053 2941 3108 ἐπέστειλεν
2965 3053 3024 3106 ἐν
3073 3049 3383 3123 Καλαόρίᾳ,
3405 3049 3559 3115 ὅπως

1978 3155 2185 3210 ἐκεῖθεν
2232 3155 2514 3226 ὡνήσηται
2561 3155 2709 3208 σῖτον
2742 3154 2881 3226 πρὸς
2907 3151 3205 3225 διατροφῂν
3252 3147 3346 3204 τοῦ
3403 3145 3559 3201 οἴκου

292 3266 430 3315 tum.
459 3258 540 3314 lui
569 3268 746 3314 autem
786 3272 908 3313 cum
948 3258 1302 3328 navigassent
1354 3256 1414 3313 iu
1441 3255 1777 3320 Calabriam,
1815 3263 1871 3310 ct
1982 3259 2168 3315 αὐτοῦ.
2208 3257 2655 3315 Ἐκπλευσάντων
2681 3256 2740 3309 δέ
2781 3254 2889 3311 τῶν
2932 3255 3154 3323 πλοίων,
3200 3253 3576 3324 nat-niwnh-

292 3362 629 3419 frumentum
690 3364 802 3419 illic
860 3363 1105 3434 aliasque
1172 3364 1380 3434 species
1429 3364 1712 3431 emissent,
1750 3370 1895 3434 post.
1984 3363 2187 3420 θέντων
2214 3364 2364 3417 σίτου
2387 3363 2483 3416 καὶ
2521 3362 2742 3436 ἐτέρων-
2772 3360 2952 3423 είδῶν,
2990 3359 3081 3413 διὰ
3135 3355 3563 3431 τετραμηνιαίου

293 3477 411 3523 tres
436 3481 654 3524 menses
686 3468 1016 3537 adnavigant
1057 3467 1111 3524 id
1141 3467 1425 3524 babentes.
1476 3466 1709 3524 Centum
1743 3483 1872 3523 vcro

293 3565 488 3622 stadiis
530 3566 692 3637 longe
723 3583 753 3623 a
805 3569 1147 3632 Constantia,
1189 3585 1252 3624 ex
1282 3569 1513 3624 adverso
1554 3570 1694 3639 ejus,
1724 3567 1872 3639 quod

294 3673 498 3728 dicitur
536 3672 967 3737 Dianeuterium,
998 3675 1175 3728 oritur
1205 3673 1259 3728 in
1290 3673 1430 3728 mari
1466 3675 1702 3730 maxima
1736 3683 1888 3727 tem-.

294 3788 588 3852 pestaS,‚et
610 3787 879 3836 venerunt
902 3780 955 3834 in
978 3778 1282 3850 periculum
1314 3792 1477 3833 naves
1506 3775 1867 3842 Faustiniani,
1910 3797 1918 3806 ·

293 3883 415 3940 quae
455 3867 750 3924 afferebant
798 3868 1156 3936 trumentum,
1197 3875 1484 3939 totumque
1534 3867 1868 3923 frumentum

293 3976 445 4018 mare
476 3961 543 4017 ad
570 3961 724 4016 littus
761 3960 995 4031 impulit.
1048 3959 1185 4014 Cum
1237 3961 1352 4014 haec
1403 3969 1583 4015 autem
1610 3959 1885 4015 audiisset.

295 4053 771 4116 FaustinianuS,et
799 4050 982 4108 statim
1018 4052 1085 4107 ad
1117 4065 1267 4106 mare
1294 4050 1641 4117 accessisset,
1662 4060 1717 4105 et
1738 4065 1872 4104 ocu·-

294 4147 361 4202 lis
390 4145 613 4201 vidisset
670 4158 792 4214 qnae
831 4143 972 4198 iacta
1023 4142 1259 4209 ruerant,
1317 4142 1624 4212 sepulcrum
1665 4141 1887 4196 habens-

292 4257 356 4296 os
390 4255 550 4294 suum
591 4249 865 4309 apertum,
918 4239 1099 4295 statim
1167 4237 1334 4308 coepit
1385 4237 1686 4293 sceleratus
1725 4236 1870 4292 blas-

257 4384 262 4391 .
296 4333 551 4402 phernare
584 4332 640 4387 in
689 4331 1053 4398 Aliissintum,
1100 4340 1156 4386 et
1189 4331 1404 4401 probris
1436 4338 1688 4400 appetere
1741 4328 1870 4400 Epi.-

294 4422 580 4492 pbaniunt‚
617 4423 807 4478 dicens
845 4422 1007 4478 verba
1050 4421 1364 4492 hujusmodi
1391 4440 1405 4476 ι
1437 4419 1538 4475 llic
1577 4435 1768 4490 magus
1817 4429 1872 4475 et

295 4513 480 4588 praedo
520 4530 628 4570 non
660 4513 836 4569 solum
904 4514 959 4568 in
995 4522 1137 4567 terra
1192 4510 1468 4569 malefacit
1495 4511 1681 4568 domui
1735 4525 1873 4566 meae

295 4607 444 4662 omni
477 4616 719 4678 tempore
748 4623 763 4673 ;
800 4605 895 4662 sed
928 4605 1092 4660 etiam
1126 4605 1180 4659 in
1230 4620 1380 4661 mare
1414 4607 1636 4660 mittens
1667 4604 1881 4659 daem00.

295 4714 416 4764 neS,
444 4698 712 4769 prohibet,
751 4711 818 4753 ne
846 4695 1187 4767 ingrediatur
1218 4695 1292 4762 id,
1340 4693 1486 4765 quod
1514 4702 1600 4760 est
1631 4693 1757 4751 usui
1789 4692 1871 4748 l'a·

295 4791 458 4846 miliae
488 4805 639 4846 mete.
672 4787 717 4844 Ο
743 4787 869 4859 quis
899 4797 1094 4844 ventus
1122 4787 1306 4842 emisit
1331 4785 1480 4840 hunc
1509 4786 1820 4856 praedonem
1844 4784 1878 4838 7·

294 4886 541 4957 Cumque
570 4885 684 4939 haec
715 4880 964 4946 dixisset,
1000 4892 1054 4938 et
1082 4882 1237 4953 plura
1279 4879 1386 4944 his,
1428 4879 1526 4934 ivit
1553 4878 1609 4933 in
1640 4877 1864 4934 domum

295 4964 453 5029 suam
484 4971 744 5027 minitans
777 4967 1104 5040 Epiphanio.
1133 4968 1337 5025 Omnes
1365 4977 1568 5037 autem,
1589 4970 1684 5039 qui
1710 4976 1868 5024 erant

295 5066 608 5138 congregati
645 5065 699 5120 in
760 5062 998 5128 civitate,
1031 5061 1134 5116 viri
1164 5071 1218 5116 et
1281 5062 1559 5128 mulieres,
1588 5077 1695 5117 una
1740 5074 1864 5116 cnm

295 5157 411 5214 suis
439 5158 650 5220 liberis,
680 5155 1010 5226 colligebant
1038 5152 1395 5218 trumentum,
1449 5161 1504 5208 ct
1535 5151 1779 5208 serebant
1811 5152 1864 5207 in

295 5248 489 5304 domos
515 5263 666 5313 suas,
699 5252 1093 5323 congregantes
1123 5250 1421 5314 sumptum,
1467 5243 1606 5298 alius
1647 5243 1865 5313 quidem

297 5340 460 5397 unius
489 5338 639 5406 anni,
673 5338 814 5394 alius
859 5352 992 5392 vero
1038 5335 1274 5392 duorum
1304 5349 1594 5388 annorum.
1626 5333 1869 5388 Habebat

295 5447 425 5489 vero
449 5431 837 5486 Faustinianus
871 5445 1120 5497 uxorem,
1156 5443 1277 5500 quae
1310 5425 1542 5482 iaciebat
1563 5426 1705 5482 bona
1739 5441 1868 5496 ope-

199 5541 204 5545 ·
295 5539 378 5579 ra.
414 5520 532 5593 lpsa
558 5535 709 5593 ergo,
734 5519 1000 5575 insciente
1015 5519 1395 5583 Faustiniano,
1437 5515 1689 5572 misitbis
1718 5515 1867 5571 mille

296 5629 553 5670 nummos
601 5610 927 5684 Epiphanio,
975 5620 1036 5664 ut
1068 5609 1254 5673 domui
1296 5608 1415 5679 ejus
1468 5608 1728 5678 praeberet
1765 5608 1867 5679 ali-

296 5714 502 5764 menta.
540 5705 685 5760 Dixit
721 5714 902 5760 autem
936 5703 1163 5758 mulieri
1185 5700 1523 5771 Epiphanius
1553 5719 1566 5754 ε
1603 5699 1748 5755 Tene
1770 5715 1865 5770 pe-

295 5801 514 5857 cuniam
549 5802 604 5854 in
641 5798 806 5855 domo
829 5806 947 5862 tua,
990 5805 1044 5853 et
1072 5795 1258 5865 accipe
1299 5793 1526 5858 cibaria,
1555 5795 1755 5864 quibus
1785 5793 1866 5848 iu-

295 5894 487 5965 ‹ligcsz
529 5898 584 5949 et
629 5890 849 5962 quando
886 5897 1028 5946 terra
1078 5885 1421 5958 produxerit,-
1472 5893 1603 5940 tunc
1649 5885 1864 5954 reddeS,

1978 3469 2168 3542 χρόνου
2194 3466 2621 3540 παραπλέουσιν,
2651 3465 2866 3538 ἔχοντες
2889 3464 2981 3518 τὸν
3015 3465 3179 3528 σῖτον,
3212 3462 3323 3518 ἀπδ
3352 3466 3400 3534 ρ’
3424 3476 3560 3514 στα-

1976 3572 2114 3632 δίων
2146 3570 2256 3642 τῆς,
2287 3561 2707 3634 Κωνὰταντίας,
2758 3568 3020 3642 ἄντικρυς
3072 3567 3170 3622 τοῦ
3224 3563 3568 3635 καλουμένου

1977 3673 2383 3745 Διανευτηρίου.
2420 3673 2531 3726 Καὶ
2558 3672 2767 3741 γίνεται
2795 3671 2995 3742 λαίλαψ
3047 3671 3221 3743 μέγας
3260 3672 3318 3724 ἐν
3366 3668 3561 3742 *rsten-

1977 3776 2173 3848 λάσσῃ,
2209 3777 2304 3831 καὶ
2329 3775 2709 3830 ἐκινδύνευσαν
2747 3776 3035 3848 ἀμφότερα
3055 3776 3125 3830 τά
3145 3775 3304 3829 πλοῖα
3330 3778 3559 3831 Φαυστι-

1976 3866 2158 3922 νιανοῦ
2184 3867 2253 3921 τά
2278 3866 2369 3921 τὸν
2424 3869 2571 3921 σῖτον
2620 3867 2833 3939 ἔχοντα.
2864 3868 2975 3921 Καὶ
3019 3866 3234 3922 ἅπαντα
3288 3868 3381 3921 τὸν
3412 3869 3558 3923 σίτον

1976 3958 2324 4031 ἐξὲὃρασενή
2361 3958 2603 4015 θάλασσα
2628 3959 2721 4013 ἐπὶ
2749 3959 2842 4014 τὸν
2870 3959 3134 4028 αἰγιαλόν.
3166 3958 3274 4012 Τοῦ
3315 3958 3373 4011 δὲ
3416 3960 3559 4012 Φαυ-

1978 4050 2246 4106 στινιανσῦ
2274 4051 2609 4115 ἀκούσαντος
2644 4050 2839 4115 ταῦτα,
2893 4050 3098 4114 εὐθέως
3149 4049 3415 4120 κατῆλθεν
3462 4049 3558 4103 ἐπὶ

1974 4139 2075 4207 τὴν
2104 4136 2401 4202 Θάλασσαν,
2437 4138 2530 4192 καὶ
2561 4139 2681 4191 κατ’
2702 4138 3014 4209 ὀφθαλμοὺς
3041 4137 3207 4193 αὐτοῦ
3240 4136 3362 4192 ἰδὼν
3386 4136 3455 4192 τὰ
3480 4155 3560 4207 γι·

1976 4228 2199 4298 νόμενα,
2233 4226 2403 4297 τάφον
2428 4227 2773 4300 ἀνεῳγμένον
2824 4227 2967 4300 ἔχων
2998 4229 3059 4282 τὸ
3110 4228 3303 4282 ἑαυτοῦ
3352 4229 3552 4301 στόμα,
3602 4291 3607 4296 ,

1976 4320 2180 4392 ἦρξατο
2207 4317 2409 4383 εὐθέως
2433 4318 2771 4390 βλασφημεῖν
2802 4317 2895 4373 τὸν
2937 4318 3201 4390 ’Ὕψιστον
3236 4319 3269 4372 ὁ
3298 4319 3579 4375 κακοδαί-“

1980 4427 2117 4482 μων,
2178 4408 2273 4463 καὶ
2328 4409 2609 4482 ἐπιφέρειν
2657 4409 2912 4476 τοιαύτας
2970 4407 3156 4482 ὖδρεις
3213 4408 3551 4481 Ἐπιφανίῳ·

1989 4501 2143 4566 Ἰδοὺ,
2172 4501 2357 4573 φησὶν,
2380 4501 2408 4554 ὀ
2443 4502 2617 4573 μάγος
2664 4493 2820 4564 οὗτος
2865 4501 2960 4555 καὶ
3000 4500 3258 4571 ἐπιθέτης
3284 4502 3347 4556 ού
3390 4502 3553 4574 μόνον

1976 4594 2070 4647 ἐπὶ
2101 4593 2202 4665 τῆς
2233 4592 2404 4666 ξηρᾶς
2434 4592 2538 4663 γῆς
2564 4591 2779 4664 ἐνεργεῖ
2818 4589 2896 4662 τῷ
2922 4589 3058 4662 οἴκῳ
3090 4607 3189 4662 μου
3238 4592 3320 4654 εἰς
3381 4589 3550 4656 κακά,

1900 4659 1949 4720 ⁰
1974 4685 2108 4741 ἀλλά
2169 4685 2264 4740 καὶ
2316 4684 2409 4738 ἐπὶ
2440 4683 2539 4754 τῆς
2569 4681 2846 4754 Θαλάσσης
2893 4681 3152 4754 δαίμονας
3183 4679 3547 4748 ἀποστέλλων,

1973 4777 2260 4834 διακωλύει
2291 4775 2549 4831 εἰσελθεῖν
2578 4775 2638 4829 τὸ
2664 4775 2760 4829 ἐπὶ
2792 4774 3039 4846 διακονία
3089 4771 3183 4826 τοῦ
3210 4771 3345 4844 ἐμοῦ
3376 4772 3545 4828 οἴκου.

1973 4867 2045 4923 Ὦ
2075 4871 2225 4933 ποῖος
2251 4867 2452 4940 ἄνεμος
2479 4866 2786 4939 ἐξέπεμψεν
2818 4865 3005 4921 τοῦτον
3036 4864 3129 4919 τὸν
3160 4865 3414 4937 ἐπιθέτην
3464 4867 3551 4920 ἐν·

1973 4960 2176 5029 ταῦθα;
2202 4959 2386 5015 Ταῦτα
2407 4959 2597 5024 εἰπὼν,
2633 4959 2728 5014 καὶ
2756 4959 2977 5013 πλείονα
3018 4957 3246 5023 τούτων,
3278 4957 3548 5032 ἐπορεύθη

1974 5054 2033 5108 ἐν
2062 5053 2142 5125 τῷ
2171 5053 2304 5124 οἴκῳ
2327 5051 2490 5106 αὐτοῦ
2515 5048 2903 5121 ἀπειλούμενος
2928 5049 3253 5122 Ἐπιφανίῳ.
3274 5051 3547 5115 Ἅπαντες

1973 5147 2031 5200 δὲ
2068 5149 2119 5201 οἱ
2151 5147 2209 5199 ἐν
2238 5147 2305 5216 τῇ
2339 5144 2491 5198 πόλει
2523 5142 2875 5213 συναχθέντες
2904 5143 3115 5215 ἄνδρες,
3156 5144 3252 5197 καὶ
3270 5145 3543 5211 γυναῖκες,

1977 5237 2113 5309 μετὰ
2143 5237 2237 5291 καὶ
2259 5236 2366 5289 τῶν
2391 5233 2599 5288 ἑαυτῶν
2623 5235 2827 5289 τέκνων
2872 5233 3205 5302 ἐπεσύναγον
3253 5231 3345 5286 τὸν
3376 5235 3543 5298 σῖτον,

1974 5323 2067 5382 ’καὶ
2087 5325 2419 5398 ἀπεκόμιζον
2448 5327 2528 5391 είς
2558 5327 2685 5391 τοὺς
2715 5327 2894 5391 οἴκους
2942 5325 3149 5380 ἐαυτῶν
3176 5368 3191 5393 ,
3224 5324 3546 5394 συνάγοντες

1971 5419 2031 5472 τὸ
2061 5417 2272 5472 ἑαυτῶν
2302 5417 2583 5489 ἀνάλωμα,
2608 5417 2668 5481 ὃς
2694 5418 2793 5488 μὲν
2812 5415 3079 5481 ἐνιαυτοῦ,
3099 5416 3157 5480 ὃς
3185 5416 3241 5470 δὲ
3267 5415 3361 5469 δύο
3385 5415 3541 5471 ἐτῶν.

1976 5503 2131 5580 Εἶχεν
2158 5509 2214 5562 δέ
2243 5508 2623 5571 Φανστινιανὸς
2655 5509 2684 5562 ὁ
2709 5507 3052 5578 κακοδαίμων
3079 5509 3313 5577 γυναῖκα
3333 5505 3543 5578 χρηστὰ

1973 5604 2108 5677 ἔργα
2139 5600 2513 5658 ἐπιτελοῦσαν.
2544 5599 2693 5672 Αὕτη
2714 5596 2807 5654 οὖν
2831 5600 3006 5670 λάθρα
3026 5599 3119 5653 τοῦ
3155 5599 3349 5670 ἀνδρὸς
3374 5597 3544 5668 αὐτῆς

1972 5695 2291 5752 ἀπέστειλεν
2346 5693 2580 5764 δισχίλια
2635 5693 2945 5764 νομίσματα
2998 5691 3327 5762 Ἐπιφανίῳ,
3395 5691 3545 5754 ὅπως

1974 5785 2197 5859 παρέξει
2228 5784 2436 5858 τροφὰς
2458 5783 2537 5856 τῷ
2566 5786 2700 5854 οἴκῳ
2731 5784 2919 5854 αὐτῆς.
2947 5779 3116 5837 Εἶπεν
3145 5783 3201 5838 δὲ
3226 5783 3543 5852 Ἐπιφάνιος

1976 5879 2109 5945 πρὸς
2146 5878 2242 5943 τὴν
2265 5880 2525 5941 γυναῖκα·
2564 5875 2769 5944 Κράτει
2799 5876 2866 5930 τά
2892 5874 3201 5948 νομίσματα
3256 5876 3316 5928 ἐν
3356 5873 3435 5946 τῷ
3465 5871 3543 5945 σῷ
