3850 6517
1294 436 1571 494 NOTITIA
1614 439 1682 493 ΙΝ
1722 440 1782 499 S.
1824 438 2279 500 EPtPnANtuuL
3365 444 3426 487 αι

168 546 356 603 orbem
389 557 655 605 terrarum
686 548 1108 606 celebratissima
1132 549 1262 618 sint,
1298 555 1379 619 εἰς
1428 556 1607 628 πᾶσαν
1654 555 1756 627 τὴν
1785 557 2111 628 οἰκουμένην
2137 555 2537 626 διαδεόὀηνται.
2580 552 2750 630 Multa
2790 561 2938 611 certe
2968 550 3255 621 scripsisse
3299 545 3433 618 Epi·

174 639 433 707 phaniurn
458 651 513 697 et
537 641 596 697 in
618 649 857 697 extrema
887 649 1164 697 senectute
1192 644 1358 698 etiam
1392 647 1541 700 varia
1575 647 1792 704 cudisse
1819 662 2006 718 opera,
2035 648 2187 703 testis
2211 648 2265 701 in
2297 646 2555 716 Catatoqo
2588 660 2711 713 cap.
2743 644 2845 700 {¹4
2875 644 3259 717 Hieronymus.

785 812 875 871 V.-
915 833 1095 883 bunis,
1120 834 1222 874 vm.
1247 835 1364 883 011AE
1390 835 1597 876 tuatont
1629 836 1830 878 cuman
1860 838 2148 878 tribunitio
2180 836 2481 877 'tuinultum
2507 838 2801 878 viburna.

241 955 329 1010 12.
368 955 508 1027 napi
527 955 634 1010 τῶν
663 957 979 1029 προφητῶν,
1008 960 1127 1023 πῶς
1168 960 1541 1032 ἐκοιμήθησαν
1589 962 1683 1016 καὶ
1722 962 1825 1017 ποῦ
1853 965 2082 1017 κεῖνται.
2123 950 2375 1019 Τοιιι.’11.
2402 977 2524 1032 pag.
2556 959 2685 1014 255.
2722 957 2796 1012 De
2839 955 3108 1026 prophetis
3148 970 3426 1025 eoumque

170 1050 320 1106 obitu
352 1062 400 1103 et
431 1049 717 1119 sepultura,
746 1050 888 1105 liber
916 1052 1110 1121 plenus
1143 1052 1365 1108 incertis
1399 1064 1453 1108 et
1481 1070 1675 1124 parum
1707 1054 2066 1110 credibilibus
2106 1056 2531 1110 narrationibus.
2565 1051 2757 1118 incipit
2782 1066 2811 1104 a
2842 1047 3110 1110 Nullane,
3141 1056 3196 1101 et
3227 1046 3429 1100 desinit

171 1142 228 1195 in
258 1139 468 1197 loanne
498 1140 759 1211 Baptista.
790 1142 1044 1197 Ediderat
1074 1143 1328 1213 adjuncta
1362 1144 1611 1198 versione
1643 1144 1888 1198 Albanus
1914 1141 2156 1197 Torinus
2202 1141 2366 1196 Basil.
2405 1139 2558 1203 1529,
2593 1141 2671 1201 4⁰,
2710 1142 2850 1212 apud
2881 1138 3270 1202 Cratandrum,
3299 1150 3429 1191 cum

167 1229 495 1287 Nazianzeni
524 1232 767 1286 carmine
791 1229 867 1286 De
900 1234 1171 1287 miraculis
1220 1252 1310 1304 per
1335 1235 1682 1305 evangelistas
1710 1235 1975 1300 narratis,
2016 1242 2180 1303 atque
2206 1231 2540 1302 Hieronymo
2564 1272 2580 1296 ,
2620 1230 2926 1299 Sophronio
2952 1239 3006 1284 et
3032 1227 3318 1283 Gennadio
3354 1225 3434 1281 De

166 1322 510 1391 scriptoribus
528 1321 713 1377 eccles.
741 1321 831 1394 [V.
865 1322 1131 1378 Maittaire
1164 1325 1230 1379 A.
1261 1323 1345 1389 T„
1372 1335 1505 1379 tom.
1540 1324 1603 1389 ΙΙ,
1632 1340 1755 1395 pag.
1787 1323 1891 1379 716
1917 1334 1973 1379 et
1996 1324 2119 1379 Cat.
2155 1322 2220 1376 Β.
2251 1321 2427 1387 Leid.,
2459 1337 2579 1391 pag.
2608 1321 2677 1376 40
2699 1321 2804 1386 bis,
2837 1335 2959 1374 cum
2987 1318 3147 1373 Voss.
3173 1316 3237 1371 V.
3261 1315 3325 1371 1..
3362 1332 3431 1372 ex

170 1412 353 1485 codd]
384 1411 525 1468 ilinc
554 1427 680 1468 cum
707 1418 1101 1473 commentario
1120 1415 1308 1473 Jacob.
1335 1418 1637 1478 Zetmerus.
1665 1417 2012 1489 Schleusing.
2040 1416 2195 1480 1612,
2226 1416 2302 1479 1ο,
2331 1416 2415 1470 vir
2447 1415 2703 1485 indignus
2738 1414 2832 1482 qui
2878 1413 2948 1467 ol»
2993 1426 3155 1466 unam
3187 1419 3430 1466 notatam

169 1501 504 1571 alteramque
550 1500 1128 1558 hallucinatiunculam
1181 1515 1292 1560 tam
1342 1509 1539 1561 acerbe
1560 1523 1590 1560 a
1623 1505 1844 1561 Petavio
1872 1504 2030 1560 Praes.
2060 1506 2131 1559 ad
2176 1511 2308 1558 tom.
2338 1501 2380 1555 ΙΙ
2409 1501 2699 1572 Epiphanii
2736 1504 3096 1573 exciperetur.
3128 1499 3377 1557 Petavins
3399 1514 3434 1555 e

168 1608 304 1649 mss.
340 1594 503 1664 regiis
526 1593 838 1649 emendavit
861 1604 916 1650 et
943 1595 1118 1664 capita
1144 1595 1415 1666 quaedam,
1450 1597 1737 1667 insigniter
1762 1595 2152 1665 discrepantia,
2179 1592 2367 1649 Graece
2391 1594 2587 1662 adjecit
2613 1608 2680 1647 es
2713 1593 2900 1649 codice
2922 1595 3240 1661 Augustano
3266 1610 3279 1647 ε
3307 1592 3433 1661 pln-

171 1684 370 1739 rimum
396 1684 541 1739 enitn
570 1684 624 1739 in
645 1687 749 1741 hoc
776 1685 980 1757 scripto
1007 1688 1237 1743 invicem
1271 1689 1474 1743 abeunt
1518 1687 1640 1743 libri
1679 1703 1843 1742 manu
1872 1687 2104 1749 exarati,
2133 1693 2194 1741 ut
2215 1685 2282 1740 de
2312 1682 2821 1739 Vindobottensibus
2847 1684 3057 1739 notavit
3082 1682 3426 1746 Lanthecius,

176 1783 312 1830 tom.
345 1774 432 1840 111,
463 1791 517 1845 p.
551 1775 651 1830 197
676 1791 829 1847 seqq.
877 1779 977 1849 (a);
1016 1787 1147 1833 tom.
1180 1777 1246 1844 V,
1289 1794 1345 1850 p.
1374 1778 1500 1833 280.
1535 1776 1655 1833 Νοιι
1685 1779 1942 1833 dubitant
1967 1778 2070 1832 viri
2104 1775 2249 1831 docti
2272 1789 2396 1831 esse
2433 1773 2740 1844 Epiphanio
2768 1777 3135 1844 suppositum,
3169 1789 3232 1828 ac
3259 1774 3436 1843 plera·

172 1882 279 1937 que
313 1868 511 1923 similia
546 1868 802 1940 leguntur
826 1869 879 1922 in
910 1868 1431 1938 pseudo-Dorotheo
1456 1870 1639 1940 (quem
1672 1869 1857 1925 Graece
1884 1879 1941 1924 et
1973 1866 2165 1921 Latine
2195 1865 2384 1920 recudi
2410 1853 2514 1919 'ieci
2547 1862 2741 1918 ilamb.
2776 1865 2937 1929 1711,
2964 1865 3052 1933 8⁰)
3090 1874 3146 1919 et
3177 1866 3232 1918 in
3263 1862 3435 1918 Chro-

169 1958 290 2014 nico
322 1957 593 2024 Paschali,
628 1957 773 2028 quod
801 1958 1223 2013 Alexandrinum
1255 1960 1414 2031 vulgo
1442 1966 1656 2014 vocant.
1692 1957 1891 2015 confer
1917 1956 2356 2028 papebrochium
2407 1963 2539 2009 tom.
2579 1953 2644 2008 111
2680 1954 2829 2020 Maii,
2886 1972 3012 2027 pag.
3038 1955 3108 2012 ⁴9
3135 1974 3151 2019 ;
3180 1954 3437 2009 lluetiunt

169 2051 471 2109 Demonstr.
491 2052 752 2123 evanqet„
783 2046 1048 2123 proposit.
1081 2069 1153 2121 tv,
1189 2054 1281 2110 ubi
1312 2055 1378 2110 de
1410 2053 1691 2125 prophetis
1718 2053 1985 2123 disputat,
2013 2059 2068 2107 et
2095 2049 2362 2119 Cangium
2397 2049 2466 2104 ad
2509 2047 2804 2103 chronicon
2839 2048 3122 2111 Paschate,
3155 2065 3278 2119 pag.
3312 2048 3439 2129 504,

168 2144 307 2211 505;
342 2145 673 2202 Cotelerium
700 2145 768 2199 ad
797 2144 1105 2202 Constituit.
1136 2145 1458 2217 apostot.1v,
1489 2146 1544 2212 6,
1584 2143 1678 2199 ubi
1711 2158 1779 2199 ex
1813 2158 1919 2200 ms.
1951 2145 2102 2213 regio
2126 2141 2296 2197 edidit
2327 2139 2490 2196 breve
2517 2139 2764 2196 scholion
2793 2138 3083 2211 Epiphanii
3112 2140 3190 2196 De
3217 2138 3367 2193 LXX
3375 2138 3438 2194 11

167 2238 433 2309 prophetis
459 2250 509 2294 et
533 2240 708 2293 decem
732 2239 1095 2309 prophetissis.

247 2334 338 2388 15.
374 2334 719 2402 Φυσιόλογος,
749 2332 1034 2400 διεξελθὼν
1068 2335 1196 2409 περὶ
1224 2336 1325 2408 τῆς
1353 2336 1587 2391 ἑκάστου
1612 2333 1830 2404 φύσεως
1851 2330 1962 2386 τῶν
1989 2330 2193 2403 θηρίων
2224 2347 2285 2384 τε
2312 2329 2407 2384 καὶ
2435 2329 2542 2385 τῶν
2561 2329 2843 2385 πετεινῶν.
2883 2330 3231 2402 Physioioqtts
3248 2331 3317 2386 de
3339 2347 3439 2385 na·

174 2430 299 2477 tara
331 2423 565 2492 ferarum
588 2434 636 2476 et
663 2422 953 2479 volucrum.
989 2424 1146 2481 Tom.
1181 2426 1248 2491 11,
1277 2442 1331 2498 p.
1360 2424 1486 2492 189,
1511 2440 1639 2482 curn
1676 2424 1823 2480 notis
1852 2432 1907 2478 et
1936 2421 2184 2477 versione
2212 2419 2275 2474 D.
2309 2419 2528 2477 Consali
2574 2421 2754 2477 Ponce
2781 2422 2847 2476 de
2876 2420 3045 2487 Leon,
3080 2421 3440 2492 Hispalensis.

179 2515 277 2580 qui
299 2514 537 2569 ediderat
558 2514 718 2569 Rom.
748 2515 905 2582 1587,
939 2517 1014 2581 1·,
1047 2530 1301 2571 recusum
1325 2515 1604 2586 Antwerp.
1635 2510 1798 2579 1588,
1829 2509 1908 2577 8·,
1939 2507 2127 2564 addito
2152 2523 2403 2564 sermone
2438 2510 2495 2562 in
2520 2509 2717 2578 [estam
2746 2509 3067 2565 palmarum
3093 2531 3112 2565 .-
3147 2520 3202 2565 et
3233 2510 3444 2565 minore

190 2601 373 2655 torma
419 2603 582 2657 Rom.
609 2605 768 2657 1601.
790 2606 992 2660 Habuit
1014 2609 1261 2663 eumdem
1290 2608 1532 2662 libellum
1561 2620 1694 2661 mss.
1724 2602 2024 2663 Gesnerus,
2054 2601 2150 2656 sed
2187 2601 2529 2671 ampliorem,
2554 2601 2829 2671 capitibus
2855 2602 2927 2656 59
2947 2602 3289 2664 distinctum,
3314 2616 3444 2655 cum

185 2691 246 2746 in
278 2692 509 2762 vulgatis
539 2701 752 2748 tantum
785 2695 899 2749 sint
926 2696 1105 2763 capita
1124 2696 1217 2748 25.
1242 2695 1380 2749 Vide
1402 2697 1521 2763 eius
1552 2695 1711 2750 Praet.
1737 2695 1807 2749 ad
1834 2694 2035 2749 librum
2082 2691 2371 2763 Epiphanii
2401 2692 2478 2747 De
2506 2695 2745 2764 qemmis.
2779 2691 2923 2749 Citat
2969 2694 3134 2749 etiarn
3181 2695 3235 2748 in
3280 2708 3446 2763 opere

171 2785 241 2839 de
274 2786 609 2842 animalibus
640 2788 850 2858 passim
885 2798 946 2843 ut
971 2789 1041 2843 de
1066 2788 1425 2858 quadruped„
1456 2803 1491 2858 p
1536 2788 1643 2842 955
1675 2805 1689 2843 :
1720 2786 2134 2859 Rhis-acephalus
2156 2789 2407 2842 cervicem
2429 2788 2584 2841 habet
2616 2789 2881 2857 equinam,
2910 2800 3028 2837 cum
3056 2786 3295 2838 universo
3323 2800 3445 2837 cor·

170 2895 320 2949 pore,
350 2880 603 2950 flammas
636 2899 730 2937 ore
752 2891 979 2945 eructat,
1005 2882 1196 2950 quibus
1218 2882 1458 2936 homines
1481 2891 1718 2952 percunt.
1743 2880 2094 2954 Physioloqus
2115 2890 2302 2936 auctor
2330 2880 2606 2936 obscurus.
2633 2878 2903 2935 Consalus
2939 2877 3073 2947 ipse,
3106 2876 3283 2933 tribus
3311 2891 3446 2932 mss.

172 2984 335 3034 usus,
370 2984 482 3024 uno
514 2968 725 3035 Sirteti,
754 2972 927 3028 alteru
948 2971 1226 3028 Francisci
1257 2971 1302 3026 T
1305 2972 1512 3028 urriani
1561 2984 1616 3029 et
1667 2974 1832 3029 tertio
1861 2971 2274 3040 Panormitano,
2310 2982 2561 3038 testatur,
2594 2988 2655 3030 se
2700 2970 2951 3028 undecim
2989 2970 3166 3041 capita
3195 2968 3447 3025 omisisse

177 3056 244 3112 ob
267 3059 583 3115 insanabiles
620 3061 1046 3131 depravationes.
1077 3060 1307 3118 Videtur
1329 3071 1524 3118 auctor
1548 3063 1713 3133 hujus
1733 3063 1859 3120 libri
1886 3064 2167 3136 antiquior
2194 3080 2315 3120 esse
2349 3064 2673 3135 Epiphanio,
2708 3078 2833 3117 nam
2869 3062 3166 3117 citatur.ab
3200 3059 3442 3131 Origene

176 3155 366 3210 homil.
396 3155 459 3210 17
486 3156 538 3212 in
572 3154 761 3212 Genes.
794 3172 947 3222 xus,
980 3155 1251 3212 etRutino
1284 3155 1363 3211 De
1390 3156 1649 3214 benedict.
1676 3158 1973 3228 patriarch.
2004 3157 2064 3213 lu
2086 3158 2308 3213 decreto
2328 3155 2618 3213 Gelasiano
2650 3155 2726 3211 De
2751 3155 2903 3209 tibris
2931 3153 3265 3224 apocryphis,
3301 3152 3446 3223 565,

174 3256 515 3300 memoratur
543 3246 679 3302 liber
702 3246 1074 3319 physioloqus,
1106 3249 1198 3319 qui
1227 3249 1292 3303 ab
1317 3248 1583 3305 hoereticis
1624 3252 1954 3321 conscriptus
1982 3259 2062 3305 est
2087 3259 2139 3305 et
2167 3249 2236 3305 Β.
2257 3250 2524 3305 Ambrosii
2566 3249 2776 3303 »romine
2807 3245 3449 3316 proesiqnattts.·Apocry-

173 3336 331 3403 phas.
372 3335 533 3391 Forte
575 3348 769 3394 auctor
805 3339 1006 3394 decreti
1052 3340 1187 3394 vidit
1232 3347 1473 3397 veterem
1506 3341 1630 3396 libri
1661 3343 1812 3400 illius
1843 3343 2149 3399 versionem
2178 3342 2453 3409 Latinam,
2485 3340 2755 3397 Ambrosii
2800 3339 3023 3395 nomine
3066 3347 3446 3409 pra‘notatam·

175 3422 349 3478 Faus.
383 3452 451 3464 —
484 3425 689 3503 Addam
720 3428 877 3483 codd.
909 3428 1179 3482 notitiam.
1205 3426 1303 3485 Est
1331 3444 1461 3485 vero
1504 3427 1862 3500 Physiotoqtts
1890 3427 2229 3486 vindobonae
2259 3431 2314 3485 in
2338 3430 2395 3485 B.
2433 3430 2572 3486 Caes.
2602 3429 2761 3486 codd.
2791 3429 2918 3495 520,
2952 3445 3105 3483 ιιιιιιι.
3135 3426 3169 3482 6
3198 3426 3295 3498 (in
3337 3440 3451 3497 quo

174 3516 369 3573 Graeca
400 3528 486 3573 est
515 3519 843 3590 inscriptio:
875 3520 979 3575 Τοῦ
1008 3520 1324 3593 Ἐπιφανίου
1361 3525 1428 3577 ὲκ
1463 3522 1561 3577 τοῦ
1587 3523 2016 3596 Ἀριστοτέλους,
2044 3524 2365 3594 φυσιολόγου
2390 3524 2500 3578 τῶν
2529 3523 2704 3588 ζώων,
2750 3534 2806 3578 et
2837 3522 3092 3577 Lambec.
3123 3519 3447 3586 Commeat„

178 3618 316 3665 tom.
351 3608 419 3674 V,
450 3626 503 3680 p.
526 3609 625 3665 591
653 3625 829 3681 seqq..
853 3627 916 3666 ex
943 3613 1134 3669 eodem
1160 3614 1319 3670 titulo
1344 3614 1633 3671 manifeste
1654 3628 1916 3686 apparere
1939 3614 2170 3686 judicat,
2203 3630 2301 3685 per
2332 3613 2713 3686 Physiotoqum
2745 3631 2852 3672 non
2883 3631 3007 3672 esse
3033 3615 3448 3686 intelligendum

182 3703 353 3758 alium
377 3717 440 3756 ac
464 3700 829 3769 Aristotelem,
850 3705 1007 3775 cnjus
1027 3707 1332 3763 etiamnum
1361 3716 1578 3763 exstant
1605 3707 1674 3763 de
1695 3706 1947 3774 historia,
1971 3708 2042 3764 de
2063 3708 2311 3778 partibus
2334 3708 2477 3763 etde
2499 3709 2850 3780 generatione
2875 3708 3216 3769 animalium.
3245 3706 3449 3776 etc.)—

181 3790 246 3846 ln
272 3791 393 3847 cod.
422 3791 512 3860 21,
545 3807 601 3847 ιι.
635 3791 669 3847 6
694 3794 713 3862 (
732 3790 985 3873 [ιιιιιὶιοο.
1018 3805 1153 3853 tom.
1180 3796 1274 3864 VI,
1305 3785 1445 3867 part.
1480 3814 1541 3863 ιι,
1571 3813 1697 3868 pag.
1721 3797 1894 3867 275),
1933 3807 2098 3871 atque
2126 3799 2181 3855 in
2211 3799 2336 3855 cod.
2371 3799 2462 3863 55,
2508 3815 2632 3855 cum
2663 3799 2892 3855 vetustis
2925 3796 3257 3868 imaginibus
3289 3796 3449 3866 pictis

183 3882 483 3955 (Larnhee.
510 3891 647 3939 tom.
678 3882 797 3949 vn,
838 3898 966 3955 pag.
993 3885 1125 3949 215,
1158 3886 1255 3954 qui
1291 3895 1347 3940 et
1382 3884 1588 3940 Kollar.
1624 3887 1692 3940 ad
1735 3886 1974 3957 primum
2024 3888 2146 3945 cod.
2182 3888 2497 3952 observant‚·
2541 3888 2701 3944 codd.
2737 3888 2951 3944 illorum
3003 3886 3208 3942 auxilio
3251 3899 3449 3939 noram

187 3976 492 4050 Physiotoqi
519 3979 653 4035 edit.
687 3991 856 4049 posse
887 3978 1060 4033 multo
1091 3978 1518 4036 emendatiorem
1546 3979 1866 4055 adornari).
1892 3983 2152 4055 Augustae
2177 3980 2466 4049 vindetie„
2501 3992 2638 4041 teste
2663 3984 2888 4042 Reiscro
2921 3986 2976 4040 in
3001 3984 3150 4048 Cat..
3181 3997 3236 4054 p.
3261 3981 3350 4037 to.
3379 4010 3451 4022 -—-

189 4071 431 4130 Venetiis
463 4075 521 4129 in
550 4073 676 4129 cod.
704 4072 943 4128 Nanian.
975 4072 1102 4139 257,
1137 4087 1298 4143 quem
1330 4073 1485 4129 valde
1515 4074 1734 4132 differre
1759 4076 1831 4133 ab
1860 4077 1993 4132 edit.
2022 4075 2245 4134 Consali
2278 4076 2491 4144 Poncii,
2524 4079 2631 4136 late
2655 4080 2814 4136 docet
2835 4080 3204 4152 ningarellius
3235 4079 3290 4132 in
3322 4076 3445 4133 Cat.

189 4164 343 4218 codd.
368 4163 547 4227 Nan..
582 4179 703 4235 pag.
736 4163 859 4230 ⁴⁴9,
888 4172 943 4219 et
968 4163 1210 4233 subjicit,
1245 4178 1305 4220 se
1331 4179 1468 4233 opus
1493 4166 1741 4236 ejusdem
1773 4168 2084 4238 argumenti
2124 4176 2325 4224 mstum
2354 4169 2555 4225 vidisse
2601 4169 2656 4224 in
2702 4169 2835 4226 bibl.
2868 4170 3182 4226 canonicor.
3207 4166 3452 4223 ecclesia

199 4258 429 4315 mthedr.
459 4258 707 4315 viterbii.
738 4291 811 4302 —-
836 4258 894 4314 ln
928 4260 1048 4315 cod.
1078 4259 1269 4316 Baroc.
1304 4261 1394 4317 95.
1429 4293 1500 4305 -
1520 4261 1579 4318 in
1608 4263 1769 4319 codd.
1802 4261 1984 4319 Paris.
2010 4263 2141 4319 bibl.
2179 4265 2327 4334 publ.
2351 4265 2477 4330 854,
2508 4265 2666 4332 2027,
2691 4266 2854 4331 2509,
2887 4264 3235 4338 Physiotoqus
3257 4262 3448 4335 syrus,

196 4366 288 4407 seu
317 4355 545 4412 historia
576 4356 891 4412 animalium
921 4356 991 4410 52
1015 4357 1069 4411 in
1092 4367 1278 4412 sancta
1302 4355 1580 4429 Scriptura
1610 4367 2062 4421 memoratorum,
2096 4357 2323 4430 Syriace
2351 4376 2382 4415 e
2410 4360 2534 4415 cod.
2571 4360 2703 4417 bibl.
2735 4359 3013 4416 vaticanae
3042 4376 3189 4415 nunc
3213 4360 3450 4431 primum

190 4447 382 4518 edidit,
410 4451 571 4508 vertit
603 4461 657 4508 et
686 4451 978 4508 illustravit
1004 4450 1088 4506 Ol.
1125 4450 1292 4508 Gerh.
1327 4450 1599 4524 Tychsen.
1631 4453 1897 4510 Rostocb.
1934 4453 2093 4520 1795,
2122 4453 2199 4509 8⁰.
2225 4453 2625 4522 Descriptiones
2653 4456 2873 4511 illorum
2902 4455 3218 4510 animalium
3252 4451 3448 4506 miram

194 4540 400 4599 habent
429 4543 838 4601 similitudinem
868 4559 994 4602 cum
1028 4544 1101 4602 iis
1130 4559 1254 4615 quae
1282 4545 1340 4600 in
1369 4544 1689 4617 Physioloqo
1719 4545 2034 4618 Epiphanii,
2067 4549 2124 4603 in
2173 4549 2362 4620 spuria
2394 4546 2709 4620 Hieronymi
2745 4548 2976 4621 epistola
3020 4546 3089 4603 ad
3129 4543 3451 4602 Presidium

272 4762 356 4833 (a)
395 4763 501 4817 Seu
531 4780 597 4834 pa
638 4806 652 4819 .
682 4765 785 4820 487
827 4764 918 4820 ed.
948 4763 1155 4820 Rollar.
1186 4763 1246 4819 ln
1278 4763 1372 4819 illo
1407 4765 1531 4821 eod.
1570 4765 1771 4822 inscri-
1876 4768 1932 4823 in
1963 4767 2106 4823 notis
2141 4768 2206 4823 ad
2231 4767 2325 4823 lib.
2350 4781 2403 4821 vi
2427 4764 2675 4822 Constitt.
2696 4771 2893 4835 apost..
2923 4779 3044 4835 pag.
3076 4763 3184 4820 220
3205 4763 3259 4837 );
3293 4764 3360 4819 2ο
3386 4765 3454 4822 de

198 4834 318 4902 ptio
339 4842 424 4888 est
448 4848 464 4885 ι
492 4838 606 4901 Περ
655 4834 774 4888 τῶν
813 4834 883 4900 ἐξ
932 4835 1032 4889 καὶ
1058 4833 1208 4889 δέκα
1238 4835 1560 4904 προφητῶν
1585 4837 1680 4904 (ιι.
1709 4836 1781 4892 ab
1878 4837 1930 4891 X
1943 4837 2020 4892 vt
2056 4839 2357 4908 prophetis:
2385 4853 2440 4907 p.
2468 4836 2595 4902 252,
2633 4834 2934 4891 narrationi
2974 4835 3042 4889 de
3061 4832 3316 4899 Jeremia,
3355 4838 3450 4902 qni

200 4903 342 4958 Osca
387 4918 560 4973 usqne
597 4904 665 4959 ad
713 4903 984 4959 Danielem
1010 4902 1053 4973 ),
1086 4904 1187 4956 καὶ
1232 4904 1419 4960 πόθεν
1456 4904 1641 4974 ἦσαν,
1679 4909 1781 4961 καὶ
1879 4907 1933 4961 in
1963 4909 2154 4963 ordine
2185 4924 2276 4961 xiv
2301 4918 2417 4970 est,
2449 4907 2847 4961 subnectuntur
2876 4904 3288 4971 paralipomena
3309 4904 3453 4972 ,Hie-

203 4974 321 5028 ποῦ
349 4974 798 5040 ἐτελειώθησαν.
848 4972 905 5027 ln
934 4972 1228 5042 appendice
1272 4972 1516 5043 quasdam
1553 4990 1782 5031 narran-
1880 4978 2060 5032 remioe
2099 4978 2399 5047 prophetoe,·
2427 4976 2483 5029 5·
2514 4974 2589 5030 De
2618 4974 2742 5029 Elia
2773 4976 2848 5047 (v.
2881 4974 3110 5030 Bandin.
3138 4972 3260 5028 Cat.
3294 4976 3451 5032 codd.

206 5055 297 5096 tur
312 5042 379 5097 de
402 5045 676 5114 prophetis
697 5043 809 5098 Elia
831 5052 888 5097 et
907 5042 1120 5098 Elisaeo.
1145 5042 1351 5098 Praeter
1371 5059 1432 5097 ea
1457 5052 1543 5099 est
1562 5044 1619 5102 in
1643 5046 1779 5101 bibl.
1884 5046 1981 5100 Gr.
2005 5046 2197 5112 Laur.,
2216 5058 2350 5101 tom.
2376 5044 2416 5103 1.
2449 5060 2568 5114 pag.
2607 5045 2756 5108 525).
2784 5075 2855 5087 --
2886 5045 2944 5098 1ιι
2968 5044 3090 5100 cod.
3120 5044 3285 5099 Coisl.
3324 5046 3449 5111 120,

211 5113 411 5167 Bodlei.
444 5114 566 5168 cod.
590 5112 821 5166 Barocc.
854 5111 978 5173 206,
1008 5111 1109 5165 Eoi
1147 5114 1201 5165 Ιι.
1226 5112 1290 5167 de
1308 5111 1528 5168 LXXII
1559 5116 1782 5185 prophe·
1886 5115 2076 5185 Epiph.
2107 5116 2171 5171 de
2200 5116 2465 5185 prophetis
2507 5125 2555 5169 et
2596 5116 2955 5187 prophetissis,
2981 5125 3036 5169 et
3081 5114 3134 5166 in
3168 5114 3287 5169 cod.
3321 5116 3450 5182 258,

210 5184 278 5237 tis
303 5191 352 5235 et
382 5184 762 5251 prophetissis,·
787 5182 915 5237 item
941 5183 1004 5236 de
1033 5181 1084 5235 X
1142 5180 1171 5236 1
1194 5183 1458 5251 prophetis
1494 5184 1780 5256 horumque
1884 5188 1949 5238 de
1972 5184 2089 5238 'LX
2094 5184 2143 5238 X
2204 5185 2465 5254 prophetis
2515 5202 2579 5240 ac
2620 5186 2960 5255 prophetissis
3003 5184 3096 5252 (v.
3151 5180 3450 5241 Mantiane.

210 5261 397 5306 morte.
444 5253 499 5305 tn
530 5253 717 5306 eodem
761 5252 887 5308 cod.
925 5260 1102 5307 exstat
1132 5252 1461 5318 Dorotheus,
1497 5253 1624 5323 Tyri
1664 5256 1780 5325 epi·
1881 5255 2024 5309 Bibt.
2057 5254 2248 5319 Coisl.,
2289 5271 2412 5326 pag.
2447 5255 2550 5311 191
2585 5267 2639 5311 et
2670 5256 2775 5311 804
2796 5259 2834 5324 ).
2867 5284 2937 5294 -
2963 5251 3201 5307 venetiis
3235 5253 3287 5308 in
3318 5255 3447 5309 bibl.

212 5336 432 5381 scopus,
463 5320 528 5373 de
548 5320 699 5374 LXX
722 5322 995 5391 discipulis
1013 5331 1063 5375 et
1096 5321 1160 5376 de
1187 5321 1239 5376 X
1246 5320 1309 5376 11
1337 5323 1629 5393 apostolis:
1658 5333 1775 5380 tum
1882 5324 2048 5380 Marc.
2083 5325 2207 5380 cod.
2240 5324 2369 5384 498.
2395 5326 2460 5380 de
2482 5323 2632 5378 LXX
2639 5323 2703 5379 11
2723 5323 2984 5394 prophetis
3010 5331 3058 5375 ct
3090 5320 3141 5374 X
3162 5328 3453 5392 prophetis-

212 5389 263 5444 Χ
271 5388 332 5444 ΙΙ
361 5390 720 5461 apostolorum
756 5393 937 5462 patria
970 5400 1021 5445 et
1061 5402 1326 5457 parentes.
1354 5420 1426 5432 -—-
1447 5392 1592 5448 Inter
1615 5395 1775 5450 codd.
1879 5397 1976 5456 sis,
2016 5411 2080 5448 ac
2120 5395 2184 5448 de
2227 5393 2279 5447 X
2293 5393 2368 5449 V!
2407 5396 2694 5476 prophetis,
2723 5395 2859 5447 unde
2889 5392 3104 5462 suerint,
3144 5402 3192 5447 et
3229 5394 3317 5446 ubi
3348 5395 3452 5447 sint

213 5457 469 5515 Vossian.
498 5460 552 5514 in
584 5459 759 5517 Catat.
795 5461 947 5515 codd.
978 5460 1207 5530 Anqiioe,
1234 5471 1366 5526 etc„
1392 5471 1524 5517 tom.
1553 5461 1619 5525 11,
1650 5479 1772 5533 pag.
1881 5466 2098 5518 mortui.
2136 5493 2204 5504 —
2235 5464 2405 5519 Paris.
2453 5481 2506 5517 ιιι
2536 5464 2595 5518 B.
2628 5462 2775 5532 publ.
2807 5463 2945 5517 inter
2997 5461 3159 5516 codd.
3204 5460 3450 5525 LatinoS,
3568 5487 3593 5527 ·.

212 5528 307 5594 58,
335 5546 393 5583 ιι.
418 5529 576 5590 2155.
609 5539 694 5586 est
727 5530 1029 5585 Dorotheus
1055 5531 1172 5585 sive
1191 5529 1335 5585 alius
1353 5532 1479 5597 uuis
1499 5533 1565 5585 de
1592 5534 1699 5587 vita
1725 5542 1777 5587 et
1879 5536 2001 5588 cod.
2044 5533 2197 5595 1986,
2229 5550 2286 5588 ιι.
2321 5535 2377 5595 2,
2415 5532 2603 5601 Epiph.
2637 5532 2769 5586 liber
2808 5532 2872 5585 de
2908 5533 3027 5586 citis
3093 5531 3449 5598 rophetarum,

212 5602 429 5669 scriptis
454 5599 829 5671 discipulorum
858 5598 1056 5654 Christi
1081 5617 1100 5654 .·
1129 5615 1194 5655 ac
1218 5616 1274 5655 ιι.
1304 5600 1463 5657 2707.
1494 5600 1684 5671 Epiph.
1713 5604 1776 5658 de
1879 5603 2174 5671 interprete
2197 5605 2213 5669 (
2233 5611 2291 5657 nt
2321 5604 2396 5658 ait
2421 5615 2614 5657 auctor
2641 5601 2820 5657 catal.
2854 5603 2961 5657 vol.
2994 5547 3091 5663 lv?
3114 5615 3232 5670 pag.
3269 5600 3356 5668 15)
3392 5611 3453 5656 ut

279 5670 583 5739 ophetarum
615 5670 756 5736 ritis,
784 5685 908 5725 cum
938 5668 1104 5725 variis
1130 5669 1279 5726 lectt.
1301 5700 1384 5711 —-
1407 5670 1693 5726 Florentiae
1721 5674 1774 5727 in
1879 5674 2116 5735 videtur,
2140 5670 2448 5737 Theodoro,
2482 5681 2536 5727 et
2557 5688 2615 5726 ιι.
2639 5671 2693 5737 4,
2723 5687 2915 5743 opusc.
2947 5669 3024 5725 De
3049 5671 3141 5725 rit.
3204 5670 3452 5736 ropheta-

262 5782 277 5794 .
307 5740 565 5795 Lam-em.
594 5739 716 5796 md.
748 5738 805 5804 6,
833 5754 891 5794 ιι.
921 5737 1076 5801 8·10.
1102 5739 1239 5808 plut.
1268 5740 1334 5804 4,
1381 5750 1467 5795 est
1501 5739 1689 5810 Epiph'.
1722 5742 1776 5795 1·
1878 5760 2019 5796 rum.
2059 5741 2197 5797 Add.
2230 5757 2394 5812 supra
2423 5742 2529 5799 vol.
2563 5740 2675 5810 Vll,
2704 5758 2758 5814 p.
2785 5742 2892 5799 452
2917 5755 3032 5810 seq.
3061 5739 3130 5794 de
3233 5738 3452 5796 rotbco.

214 5811 281 5865 de
313 5808 530 5866 LXXII
556 5811 817 5881 prophetis
861 5818 910 5862 et
949 5808 1286 5879 prophetissis
1314 5811 1512 5884 (edidit
1540 5811 1772 5867 Coteler.
1879 5812 2060 5867 liant..
