3850 6517
289 577 422 636 ¹197

951 577 1320 636 ADVERSUS
1354 579 1692 636 nffiussses
1727 583 1851 637 ΜΒ.
1895 583 1961 639 ΙΙ.
2002 583 2166 639 Tott.
2208 585 2247 639 l.
2285 615 2349 625 —
2376 582 2648 642 ttAEttES.
2674 582 2868 643 anz

3394 579 3529 634 1198

374 697 532 753 Ἀλλὰ
559 695 619 751 τδ
653 691 792 761 εἶδος
827 697 906 763 είς
936 697 1268 772 ἀλληγορίαν
1295 699 1395 771 τῆς
1428 699 1548 755 τότε
1579 703 1855 773 παραὸου·
1889 710 1935 766 Α
2032 701 2233 759 Verum
2267 704 2333 760 ad
2372 706 2688 770 veritatem,
2716 717 2836 775 quae
2878 708 3010 756 tunc
3056 698 3415 755 similitudine
3439 697 3531 752 illa

291 790 577 861 λευθείσης
603 793 618 822 ¹
644 790 901 862 ἀληθείας
935 790 1247 862 ἐτελειώθη,
1282 791 1358 856 ὡς
1396 793 1635 863 συνήχθη
1675 792 1861 846 ὀστέον

291 882 429 954 πρὸς
456 882 664 946 ὀστέον,
690 884 784 936 καὶ
813 883 1048 954 ἁρμονία
1079 884 1215 955 πρὸς
1238 883 1524 956 ἁρμονίαν,
1557 886 1652 938 καὶ
1680 884 1862 957 ξηρῶν

290 972 460 1025 δντων
493 971 603 1025 τῶν
646 971 869 1038 ὀστέων,
917 971 1013 1025 καὶ
1060 971 1270 1024 οὐδέπω
1296 972 1496 1042 ψυχῆς,
1535 973 1656 1026 οὐδὲ
1699 971 1863 1026 πνεύ·

295 1078 467 1133 ματος
491 1063 586 1116 τοῦ
617 1062 890 1126 κινοῦντος
923 1064 982 1117 ἐν
1024 1062 1209 1126 αὐτοῖς
1236 1062 1408 1127 ὄντος.
1443 1064 1555 1117 Καὶ
1595 1062 1757 1127 εὐθὺς
1791 1063 1866 1118 τὰ

294 1152 536 1222 σώματα
573 1152 836 1225 συνήχθη,
865 1153 962 1207 καὶ
985 1152 1127 1206 κατὰ
1151 1151 1241 1207 τὸν
1269 1153 1368 1206 τοῦ
1394 1154 1674 1226 προφήτου
1707 1153 1865 1222 λόγον

294 1242 643 1311 ὲστερεώθη.
677 1242 788 1297 Καὶ
833 1245 881 1296 εί
923 1242 1067 1296 θέλει
1099 1242 1251 1306 Θεὸς,
1300 1243 1524 1306 δυνατός
1550 1246 1668 1297 ἐστι
1705 1241 1866 1297 τοῦτο

293 1334 512 1404 ποιῆσαι
538 1333 666 1387 ἀνευ
691 1331 890 1402 ψυχῆς,
907 1332 1162 1406 παρεῖναί
1182 1349 1240 1386 τε
1262 1332 1356 1385 καὶ
1375 1330 1752 1395 κινεῖσθαι,ὡς
1767 1331 1864 1384 καὶ

289 1424 351 1476 τδ
376 1424 474 1478 τοῦ
501 1423 663 1478 'aest
690 1419 828 1495 αἷμα
853 1424 1014 1495 σῶμα
1035 1424 1094 1479 ὃν
1123 1423 1260 1495 μετὰ
1287 1424 1516 1478 θάνατον
1545 1423 1861 1492 ἐφθέγγετο,

291 1517 382 1568 καὶ
407 1515 469 1568 οὐ
499 1515 668 1587 ψυχή.
703 1515 779 1568 Οὐ
805 1514 914 1587 γὰρ
933 1514 1080 1585 ψυχή
1109 1515 1225 1568 ἐστι
1255 1512 1316 1567 τὸ
1345 1509 1503 1585 αἷμα,
1530 1513 1667 1569 ἀλλ-ἀ
1706 1514 1864 1585 σῶμά

290 1604 407 1656 ἐστι
435 1604 498 1657 τὸ
537 1605 882 1675 φαινόμενον.
926 1602 1067 1656 Ἀλλ’
1101 1603 1162 1656 οὐ
1210 1603 1498 1675 δυνήσεται
1541 1604 1700 1675 σῶμα
1734 1603 1862 1657 ἀνευ

289 1691 466 1763 ψυχῆς
508 1693 784 1765 κριθῆναι.
833 1691 1153 1758 Ἀντιλέξειε
1195 1693 1306 1763 γὰρ
1349 1692 1442 1745 καὶ
1469 1692 1636 1756 αὐτὸ,
1682 1691 1861 1760 λέγον,

290 1779 370 1831 ὃτι
405 1781 517 1833 Οὐκ
570 1779 682 1848 ἐγὼ
739 1781 1020 1850 ἥμαρτον,
1074 1779 1212 1834 ἀλλὰ
1259 1783 1292 1851 ὴ
1343 1781 1510 1852 ψυχή.
1573 1782 1664 1853 Μὴ
1715 1781 1863 1849 ἐξότε

290 1870 592 1941 ἀπεκινήθη
637 1871 732 1924 ἀπ’
783 1869 952 1941 ἐμοῦ,
992 1870 1140 1942 (μὴ)
1187 1873 1509 1943 ὲμοίχευσα;
1571 1874 1647 1944 μὴ
1699 1875 1865 1945 ἐπόρ-

289 1975 490 2025 νευσα;
529 1960 604 2031 μὴ
641 1960 1110 2033 εἰδωλολάτρησας
1151 1963 1265 2017 Καὶ
1305 1963 1459 2017 ἔσται
1494 1963 1770 2032 ἀντιλέγον
1803 1964 1865 2019 τὸ

1963 792 2324 859 referebatur,
2373 793 2803 851 aduutbrandam
2850 790 3159 849 istiusmodi
3202 790 3413 860 species
3452 797 3537 844 est

1963 899 2247 953 expressa.
2276 885 2412 940 Cum
2439 885 2652 942 scilieet
2675 900 2737 940 os
2757 898 2923 937 unum
2948 881 3016 935 ad
3038 882 3289 943 alterum,
3310 888 3364 934 et
3388 894 3539 931 com-

1964 990 2128 1045 pnges
2144 975 2210 1029 ad
2228 991 2544 1047 compagem
2562 973 2966 1031 accommodata
2990 978 3073 1028 est
3090 974 3133 1024 ¹.
3154 971 3229 1024 Ac
3246 985 3368 1024 ι-ιιιιι
3382 967 3537 1022 arida

1965 1074 2149 1122 essent
2182 1079 2344 1129 ossa,
2390 1080 2491 1120 nec
2529 1067 2639 1119 ulla
2674 1063 2849 1119 adbuc
2897 1062 3075 1117 anima
3097 1100 3111 1123 ,
3149 1061 3231 1114 vel
3276 1059 3537 1128 spiritua,

1956 1170 2077 1226 -quo
2106 1145 2477 1228 agitarentur,
2528 1157 2581 1211 in
2615 1155 2752 1227 ipsis
2785 1154 3020 1228 inesset,
3070 1151 3302 1207 subinde
3356 1158 3539 1204 tamen

1967 1253 2343 1318 coagmentata
2384 1253 2512 1300 sunt
2534 1286 2550 1310 ,
2581 1252 2673 1309 et,
2709 1254 2768 1300 ιιι
2802 1244 3060 1315 propbeta
3091 1241 3365 1312 loquitur,
3412 1235 3541 1292 seli*

1966 1336 2095 1388 data
2128 1350 2371 1404 corpora.
2406 1337 2484 1392 Ac
2514 1337 2561 1391 si
2595 1336 2667 1390 ita
2698 1334 2808 1391 Deo
2842 1333 3080 1395 libuerit,
3102 1330 3363 1401 perlicere
3394 1327 3539 1382 istud

1968 1434 2169 1496 potest,
2200 1427 2351 1481 nullo
2381 1434 2441 1481 ut
2470 1427 2664 1481 animae
2690 1427 2999 1480 interventu
3024 1421 3309 1492 prodeant,
3331 1434 3394 1472 ac
3420 1433 3543 1473 sese

1967 1523 2375 1570 commoveant.
2421 1514 2537 1569 Non
2570 1531 2729 1570 secus
2760 1522 2923 1582 atque
2951 1510 3135 1565 Abelis
3164 1508 3385 1578 sanguis
3418 1513 3543 1577 post

1968 1604 2176 1658 obitum
2213 1599 2545 1674 loquebatur
2570 1601 2614 1670 ⁸,
2654 1617 2759 1658 non
2789 1601 2992 1655 anima.
3024 1597 3142 1652 Non
3184 1599 3327 1652 enirn
3360 1595 3545 1651 auitua

1967 1707 2051 1754 est
2087 1698 2335 1768 sanguis,
2373 1696 2468 1752 sed
2500 1710 2701 1765 corpus
2732 1691 2868 1748 illud
2898 1691 3045 1764 quod
3071 1698 3314 1763 apparet.
3339 1688 3545 1744 Verum

1968 1803 2169 1858 corpus
2214 1788 2333 1843 sine
2376 1787 2556 1840 anima
2604 1783 2839 1853 judicari
2895 1798 3005 1838 non
3051 1789 3253 1854 potest.
3307 1777 3443 1835 Nam
3490 1786 3547 1834 et

1970 1876 2147 1947 ipsum
2180 1877 2476 1940 resisteret,
2503 1882 2556 1930 et
2585 1875 2731 1928 ltunc
2758 1875 2811 1928 iu
2846 1874 3065 1928 modum
3094 1873 3406 1942 exciperet:
3428 1868 3545 1924 Non

1970 1983 2074 2039 ego
2106 1966 2348 2038 peceavi,
2386 1966 2482 2023 sed
2526 1966 2729 2019 anima.
2785 1963 2862 2019 Ex
2909 1979 3019 2034 quo
3062 1962 3206 2019 enitn
3242 1970 3487 2032 tempore
3514 1973 3547 2013 a

295 2049 450 2119 σῶμα
482 2053 547 2121 τῇ
576 2050 668 2104 τοῦ
708 2051 843 2104 Θεοῦ
882 2053 1273 2124 δικαιοκρισία,
1303 2054 1402 2108 καὶ
1443 2055 1681 2123 εὐλόγως
1717 2055 1868 2108 ἀντι·
1897 2065 1941 2122 Β
1972 2074 2059 2115 me
2095 2058 2373 2120 discessit,
2400 2073 2529 2111 num
2557 2056 2910 2118 adulterium,
2938 2070 3068 2109 num
3095 2061 3347 2123 stuprum
3374 2052 3547 2106 ullum

294 2137 474 2207 λέγον.
511 2139 712 2193 Τούτου
745 2141 906 2194 ἕνεκα
929 2143 1131 2208 τοίνυν,
1165 2145 1260 2196 καὶ
1292 2143 1379 2197 διά
1407 2143 1580 2197 πολλὰ
1610 2143 1746 2198 ἄλλα
1773 2142 1869 2197 καὶ

291 2230 568 2298 ἀναγκαῖα
596 2233 625 2283 ό
669 2231 799 2294 Θεὸς
839 2234 897 2286 ὲν
939 2235 1006 2303 τῇ
1055 2234 1225 2287 αὑτοῦ
1275 2235 1438 2305 σοφίᾳ
1483 2234 1555 2287 τά
1600 2233 1869 2287 τεθνεῶτα

291 2320 448 2390 ἡμῶν
483 2319 710 2389 σώματα
744 2322 838 2372 καὶ
867 2322 965 2383 τὰς
995 2322 1173 2391 ψυχὰς
1209 2326 1287 2384 είς
1315 2325 1737 2393 παλιγγενεσίαν
1769 2322 1868 2391 φέ-

294 2427 375 2481 ρει
405 2411 465 2464 ὲν
489 2412 556 2481 τῇ
585 2410 754 2463 αὑτοῦ
791 2410 1080 2480 ὑποσχέσει
1105 2411 1204 2481 τῆς
1238 2410 1668 2480 φιλανθρωπίας,
1701 2413 1782 2473 είς
1805 2411 1870 2465 τὸ

287 2501 382 2554 τὸν
434 2500 757 2572 κεκμηκότα
797 2502 855 2555 ἐν
909 2500 1148 2571 ὁσιότητι
1196 2500 1492 2554 ἀπο).α6εῖν
1542 2501 1644 2572 τὴν
1686 2503 1868 2555 πᾶσαν

291 2591 398 2645 ὑπὸ
425 2591 562 2645 Θεοῦ
608 2591 778 2664 καλὴν
823 2593 1180 2646 ἀνταπόδοσιν
1201 2631 1216 2654 ,
1249 2592 1343 2646 καὶ
1381 2593 1510 2657 τοὺς
1558 2593 1630 2646 τά
1662 2593 1871 2664 μάταια

289 2683 660 2754 πεποιηκότας
715 2682 977 2746 ὡσαύτως
1028 2683 1279 2756 κριθῆναι
1330 2685 1488 2755 σῶμα
1533 2685 1647 2754 ἅμα
1698 2683 1867 2757 ψυχῇ,

291 2775 388 2829 καὶ
423 2773 603 2845 ψυχὴν
637 2775 750 2844 ἅμα
785 2773 1019 2845 σώματι.

1968 2149 2206 2204 admisi?
2232 2165 2361 2202 uum
2388 2149 2683 2203 simulacra
2707 2147 2890 2201 colui?
2916 2145 2991 2199 lta
3014 2161 3213 2214 corpus
3238 2143 3549 2213 justissimo

1968 2241 2064 2297 Dei
2088 2240 2323 2311 judicio,
2348 2249 2403 2296 et
2430 2239 2647 2311 quidem
2672 2239 2816 2309 jure,
2847 2237 3206 2294 contradicet.
3242 2235 3454 2303 Quibus
3480 2235 3549 2290 de
3616 2269 3619 2278 ·

1967 2334 2172 2396 causis,
2220 2332 2454 2403 aliisque
2504 2332 2887 2401 compluribus
2928 2347 2992 2386 ac
3036 2329 3363 2386 necessariis
3392 2368 3408 2392 ,
3446 2341 3549 2398 pro

1965 2422 2179 2497 iuli-uita
2204 2439 2303 2477 sua
2328 2424 2601 2494 sapientia
2629 2422 2773 2478 Deus
2806 2432 3052 2478 emortua
3077 2430 3265 2476 nostra
3290 2432 3546 2487 corpora,

1965 2523 2015 2569 et
2042 2514 2253 2570 animas
2272 2530 2465 2570 novam
2486 2515 2551 2570 ad
2570 2514 2975 2585 generationem
2998 2512 3268 2584 perducit,
3284 2509 3549 2581 quemad-

1966 2605 2186 2660 modum
2216 2622 2281 2661 ετ
2312 2607 2515 2677 ingenti
2548 2623 2647 2662 sua
2676 2606 3019 2663 humanitate
3052 2602 3323 2676 promisit.
3354 2599 3428 2656 Ut
3450 2601 3545 2672 qui

1966 2694 2022 2749 ’tn
2057 2697 2374 2752 sanctitatis
2406 2696 2601 2752 olliciis
2631 2696 3033 2761 elaboraverit,
3071 2696 3333 2752 eximium
3366 2709 3399 2748 a
3436 2691 3547 2748 Deo

1967 2786 2251 2856 praemium
2283 2802 2443 2841 omne
2467 2787 2763 2856 percipiat;
2793 2796 2848 2842 et
2872 2802 3105 2858 quorum
3135 2786 3319 2840 inania
3347 2783 3548 2839 fuerint

290 2881 478 2934 opera,
503 2865 731 2934 perinde
756 2864 1097 2934 judicentur.
1127 2864 1194 2922 Ut
1220 2874 1274 2922 et
1315 2881 1518 2937 corpus
1552 2882 1674 2920 eum
1714 2867 1919 2939 anima,
1953 2880 2010 2928 et
2052 2876 2235 2930 anima
2278 2890 2403 2930 curn
2438 2890 2665 2946 corpore
2695 2875 2745 2930 ei
2777 2891 2838 2931 se
2863 2875 3073 2945 jndicio
3096 2875 3409 2945 subjiciant.

361 2960 480 3012 Os'.
543 2960 703 3012 Ἀλλά
743 2962 966 3031 ἀρκέσει
1016 2976 1106 3029 μοι
1153 2958 1324 3013 ταῦτα
1371 2960 1507 3029 πρὸς·
1549 2960 1637 3012 τὸν
1682 2958 1864 3014 ἐθελό-

294 3065 457 3119 σοφον
515 3050 796 3122 Ὠριγένην
820 3093 835 3117 ,
888 3052 977 3103 τὸν
1025 3051 1269 3122 ματαίως
1315 3050 1506 3124 ἐαυτῷ.
1548 3050 1868 3121 ἐπιθέμενον

291 3138 465 3210 ὄνομα
529 3140 919 3211 Ἀδαμάντιον,
970 3142 1066 3196 καὶ
1097 3142 1234 3214 πρὸς
1271 3142 1371 3213 τὴν
1407 3141 1572 3212 αὺτοῦ
1617 3141 1870 3209 ἀτοπίαν,

2050 2951 2284 3022 Ι.ΧΧ1ἸῙ.
2327 2969 2505 3039 Atque
2551 2970 2665 3024 ltaec
2710 2968 2974 3023 adversus
3011 2976 3357 3036 arrogantem
3400 2965 3553 3020 illum

1977 3054 2265 3127 origenem
2314 3056 2460 3111 dicta
2509 3055 2814 3118 sufficiant,
2868 3055 2962 3124 qui
3018 3054 3222 3110 frustra
3244 3053 3557 3109 Adamantii

1974 3147 2078 3203 sibi
2116 3163 2311 3204 nomeu
2341 3148 2633 3219 imposuit3
2665 3155 2825 3217 atque
2854 3147 3118 3202 adversus
3144 3146 3289 3200 illius
3319 3143 3561 3200 absurda

295 3232 390 3284 καὶ
439 3230 580 3284 κατὰ
609 3233 707 3302 τῆς
739 3232 1017 3303 ἀληθείας,
1057 3234 1116 3288 ἐν
1157 3233 1373 3297 πολλοῖς
1406 3234 1598 3305 μέρεσι
1644 3234 1744 3303 τῆς
1779 3235 1872 3288 πί·
1903 3275 1949 3336 C
1979 3241 2230 3311 dogmata
2276 3240 2748 3311 perniciosamque
2790 3237 3128 3304 doctrinam,
3177 3235 3343 3309 604
3392 3251 3555 3307 quam

298 3339 468 3387 στεως
510 3323 695 3387 κακῶς
737 3326 1163 3396 ὲπινενοημένην
1206 3325 1449 3396 ὀλέθριον
1508 3326 1874 3380 διδασκαλίαν.

297 3413 591 3486 Παρελθὼν
623 3414 679 3467 δὲ
737 3416 831 3468 καὶ
869 3415 1058 3468 τούτου
1087 3414 1187 3486 τὴν
1225 3416 1469 3487 αἳρεσιν,
1518 3416 1752 3488 καθεξῆς
1782 3415 1882 3478 τὰς

299 3505 483 3571 ἄλλας,
510 3507 857 3579 ἐπιπόθητοι,
897 3506 1285 3576 διασκέψομαι,
1315 3506 1448 3558 Θεὸν
1486 3506 1734 3573 συνήθως
1758 3507 1881 3557 ἐπι-

299 3598 633 3668 mxodpavoe
680 3599 896 3665 ἀρωγὴν
941 3598 1040 3661 τῆς
1087 3593 1247 3660 ἡμῶν
1296 3593 1569 3655 ἰδιωτίας,
1626 3593 1762 3663 πρὸς
1818 3596 1881 3649 τὸ

297 3687 592 3753 δυνηθῆναι
617 3686 888 3751 ἀντισχεῖν
923 3684 1060 3752 πρὸς
1098 3683 1278 3735 πᾶσαν
1309 3684 1450 3736 κατὰ
1490 3686 1588 3756 τῆς
1623 3687 1882 3758 ἀληθείας

301 3771 725 3843 ὲπεγειρομένην
748 3772 931 3840 φωνὴν
959 3772 1213 3843 ματαίαν,
1245 3775 1336 3827 καὶ
1357 3776 1611 3846 ἡττῆσαι,
1648 3779 1791 3834 κατὰ
1814 3782 1882 3837 τὰ

303 3868 408 3926 ὑπὸ
443 3868 535 3921 τοῦ
570 3867 726 3936 ἁγίου
768 3867 988 3922 Ἡσαΐου
1019 3867 1284 3939 ρηθέντα,
1317 3869 1401 3922 ὅτι
1434 3867 1610 3925 Πᾶσα
1642 3870 1810 3940 φωνὴ
1842 3869 1881 3939 ἦ

299 3962 788 4033 ἐπαναστήσεται
810 3963 909 4017 ἐπὶ
931 3965 1028 4029 σὲ,
1055 3963 1288 4029 πάντας
1313 3962 1537 4030 αὐτοὺς
1565 3962 1849 4033 virtulo-sec
1865 3980 1881 3995 ·

303 4058 360 4111 ol
387 4055 457 4110 δὲ
488 4057 691 4126 ἔνοχοι
730 4057 977 4111 ἔσονται
1016 4056 1085 4110 ἐν
1117 4054 1273 4124 αὐτῇ
1299 4073 1312 4086 ·
1354 4056 1420 4109 ἵν’
1449 4054 1622 4121 οὕτως
1665 4059 1722 4111 ὲν
1766 4058 1886 4130 Θεῷ

304 4147 370 4201 τὸ
402 4147 728 4217 ἐπάγγελμα
767 4145 1208 4218 περαιωσάμενοι
1241 4148 1354 4209 τοῖς
1383 4145 1728 4217 βουλομένοις
1765 4164 1888 4201 νου-

305 4239 479 4309 νεχῶς
533 4238 882 4309 ἐντυγχάνειν
902 4277 917 4301 ,
972 4240 1052 4299 είς
1117 4238 1424 4307 γυμνασίαν
1476 4237 1736 4309 ἀληθείας
1793 4237 1888 4292 καὶ

309 4332 603 4405 φάρμακον
635 4330 860 4394 ίάσεως,
902 4331 1030 4400 περὶ
1065 4329 1296 4382 ἑκάστου
1326 4329 1492 4401 θηρὸς
1539 4334 1636 4384 καὶ
1681 4329 1885 4386 ἰοὸόλου

309 4423 564 4496 ἑρπετοῦ,
593 4423 703 4477 τῶν
743 4420 1052 4494 προσώπων
1083 4420 1192 4474 τῶν
1217 4421 1500 4494 αἱρέσεων,
1533 4423 1697 4494 φημὶ,
1730 4423 1888 4494 δίκην

311 4516 609 4581 ἀντιδότου,
643 4515 737 4568 καὶ
769 4512 1002 4582 ταυτησὶΙ
1032 4513 1133 4582 τῆς
1165 4511 1273 4566 τῶν
1314 4513 1728 4581 Ὦριγενιαστῶν
1753 4514 1890 4587 φρύ-

1981 3345 2169 3387 contra
2205 3334 2489 3387 veritatem
2536 3332 2721 3385 inultis
2774 3332 2830 3384 in
2882 3329 3007 3384 lidei
3058 3336 3259 3384 nostrae
3306 3328 3557 3396 partibus

1980 3422 2330 3490 excogitavit.
2376 3418 2535 3473 Nunc
2575 3419 2723 3473 illius
2758 3417 2952 3473 ltaeresi
2985 3417 3371 3486 praetertnissa,
3403 3414 3562 3470 dein-

1982 3522 2113 3578 ceps
2138 3525 2247 3572 me.
2280 3510 2615 3574 charissimi,
2648 3508 2715 3564 ad
2752 3510 2889 3565 alias
2918 3508 3346 3564 considerandas
3376 3514 3563 3564 trans-

1984 3595 2186 3666 feram;
2209 3613 2239 3653 a
2260 3598 2371 3654 Deo
2383 3615 2482 3670 pro
2496 3615 2647 3656 more
2670 3599 2972 3670 postulans,
2992 3598 3277 3654 tenuitatis
3295 3605 3352 3651 ut
3366 3609 3571 3656 nostras

1984 3689 2203 3759 adJutor
2219 3704 2344 3747 esse
2361 3692 2507 3757 velit,
2530 3702 2587 3745 ut
2609 3691 2873 3746 adversus
2891 3688 3106 3744 inanem
3123 3703 3309 3744 vocem
3326 3704 3566 3757 omnem,

1984 3797 2108 3854 quae
2144 3790 2341 3837 contra
2372 3784 2653 3838 veritatem
2684 3780 2943 3852 insurgit,
2976 3779 3254 3843 resistere,
3299 3795 3366 3836 ac
3391 3781 3567 3836 vieto-

1986 3872 2124 3926 riam
2168 3872 2419 3928 obtinere
2460 3872 2759 3941 possimus,
2798 3880 2857 3926 ut
2889 3870 3058 3927 isaias
3085 3871 3352 3942 propbeta
3384 3871 3516 3928 dicit
3549 3892 3565 3929 :

1989 3963 2177 4020 Omnis
2206 3976 2325 4026 vox,
2354 3959 2471 4031 dlut-
2500 3961 2736 4032 insttrqet
2765 3969 2952 4015 contra
2977 3969 3048 4022 te,
3074 3975 3251 4015 omnes
3276 3959 3398 4014 illos
3416 3973 3571 4028 supe·

1988 4054 2165 4120 rabis;
2187 4054 2241 4107 1ιὶ
2262 4062 2435 4107 autem
2456 4053 2531 4107 rei
2550 4061 2706 4107 erunt
2731 4053 2784 4106 in
2808 4052 2905 4106 ma
2928 4039 2969 4106 ⁸.
3001 4050 3071 4107 Ut
3098 4065 3224 4107 cum
3252 4050 3343 4104 Dei
3367 4049 3571 4105 auxilio

1988 4145 2133 4216 quod
2160 4146 2549 4216 proposuimus
2576 4142 2843 4206 exsecuti,
2880 4141 2935 4195 in
2968 4156 3157 4196 eorum
3192 4142 3444 4211 gratiam,
3472 4141 3571 4212 qui

1990 4239 2269 4310 sapienter
2298 4237 2413 4293 baec
2447 4244 2636 4292 nostra
2680 4235 2861 4302 legere
2891 4232 3193 4296 voluerint,
3224 4231 3295 4286 ad
3330 4232 3575 4289 illustra-

1990 4332 2195 4386 tionem
2254 4326 2498 4383 veritatis
2522 4365 2537 4390 ,
2595 4333 2645 4381 et
2700 4325 2943 4380 salutare
3002 4322 3275 4394 quoddam
3332 4321 3575 4378 medica·

1993 4427 2262 4484 mentum,
2296 4416 2441 4488 quod
2470 4415 2696 4472 antidoti
2727 4415 2799 4473 sit
2831 4413 3039 4478 instar,
3078 4414 3342 4470 adversus
3378 4413 3573 4472 unius-

1992 4513 2262 4583 cujusque
2282 4509 2578 4581 serpentis,
2604 4523 2669 4564 ae
2688 4507 2943 4563 venenati
2965 4507 3177 4578 reptilis
3197 4507 3449 4574 insidias,
3471 4507 3575 4562 hoe

311 4625 406 4663 νου
431 4607 586 4677 δίκην
621 4603 1064 4677 μεμορφωμένης
1103 4604 1169 4655 ὲκ
1197 4602 1398 4665 νοτίδος
1441 4602 1643 4675 πολλῆς
1679 4606 1890 4660 κυκῶν-
1919 4605 1965 4661 1)
1989 4612 2073 4659 est
2100 4603 2279 4659 varias
2314 4603 2591 4657 ltaereseon
2644 4598 2878 4662 formas,
2922 4605 2977 4653 et
3020 4597 3185 4667 liujus
3235 4596 3575 4671 Origenianoe

314 4714 428 4762 τος,
460 4695 557 4750 καὶ
591 4696 744 4765 φωνῇ
788 4689 998 4766 μείζονι
1044 4689 1575 4761 ὲπικραυγάζοντος,
1603 4693 1891 4765 λαὸόμενοι

315 4787 416 4860 τὴν
463 4786 556 4841 τοῦ
601 4785 806 4857 Κυρίου
855 4783 1151 4838 ἀνάστασιν
1204 4783 1532 4852 προπότιον,
1576 4783 1653 4848 ὡς
1684 4787 1890 4849 εἰπεῖν,

317 4878 712 4948 ᾰποὸλύσωμεν
758 4876 819 4930 τὸ
864 4872 1196 4945 γλισχρῶδες
1245 4871 1340 4927 τοῦ
1379 4873 1460 4928 ίοῦ
1503 4873 1596 4928 τοῦ
1645 4875 1848 4949 φρύνου
1873 4917 1891 4944 ,

1988 4695 2358 4766 potissimum.
2401 4708 2524 4765 quae
2560 4693 2735 4748 instar
2776 4690 2982 4746 rubetae
3018 4691 3189 4746 multo
3232 4707 3300 4747 ex
3347 4691 3576 4746 humore

1992 4789 2237 4844 formatae
2289 4787 2482 4842 miscet
2535 4784 2739 4848 omnia,
2803 4797 2869 4837 ac
2899 4781 3096 4852 maiori
3144 4782 3389 4839 clamore
3442 4792 3578 4833 con-

1993 4877 2190 4941 tendit,
2218 4875 2423 4932 Cbristi
2474 4873 2690 4930 Domini
2724 4873 3130 4929 resurrectione
3166 4878 3403 4941 sumpta,
3432 4869 3578 4926 velut

319 4968 417 5024 καὶ
459 4966 798 5040 ἑρπετώδους
842 4963 1116 5036 μοχθηροῦ
1154 4963 1254 5034 τὴν
1290 4964 1522 5018 ἀδικίαν.
1570 4968 1896 5040 Συμδέδηκε
1996 4967 2223 5040 potione
2259 4965 2494 5036 quadam
2540 4964 2607 5019 ad
2646 4964 3065 5035 praecavendum
3112 4966 3321 5030 parata,
3370 4958 3575 5013 lentum

321 5060 428 5132 γὰρ
457 5057 607 5128 αὐτῷ
641 5056 736 5111 καὶ
777 5055 936 5109 τοῦτο
973 5053 1112 5125 μετὰ
1151 5053 1369 5109 πάντων
1403 5054 1512 5111 τῶν
1549 5056 1759 5115 παθῶν.
1801 5059 1888 5126 Ὦς
2008 5073 2075 5114 ac
2132 5058 2402 5114 viscosum
2432 5055 2585 5112 virus
2638 5069 3001 5127 exspuamus.
3060 5050 3319 5107 nimirum
3373 5049 3583 5106 rubeta

321 5151 462 5222 ὑπὲρ
493 5149 657 5204 αὐτοῦ
714 5148 908 5217 πάσχω
948 5144 1043 5198 καὶ
1092 5145 1352 5210 στενάζω.
1398 5147 1522 5200 Ὅτι
1549 5148 1692 5220 οίμοι
1725 5151 1738 5203 l
1775 5149 1896 5216 πῶς
2006 5147 2155 5203 illius
2197 5163 2261 5202 ac
2293 5147 2564 5218 serpentis
2590 5145 2914 5216 nequissimi
2940 5141 3255 5213 pernicicm.
3284 5138 3400 5197 lloc
3431 5140 3581 5197 enim

322 5243 594 5315 ὶδλὰδης;
630 5240 828 5302 πόσους
858 5255 918 5291 τε
961 5238 1150 5301 ἄλλους
1174 5236 1436 5308 ἔδλαψας,
1468 5239 1543 5303 ὡς
1579 5239 1686 5295 ὑπὸ
1714 5241 1898 5314 δεινῆς
2003 5238 2123 5312 ipse
2148 5240 2215 5294 ad
2245 5239 2380 5295 alias
2400 5239 2742 5294 calamitates
2766 5235 3022 5292 accessit.
3054 5231 3209 5289 Unde
3236 5233 3385 5292 illius
3410 5247 3581 5290 causa

322 5334 533 5404 ἐχίδνης
552 5331 770 5404 δηχθεὶς
790 5331 899 5384 ἀπὸ
921 5329 1020 5399 τῆς
1041 5329 1310 5401 κοσμικῆς
1327 5332 1706 5402 προπαιδείας,
1730 5336 1894 5406 φημὶ,
2002 5334 2161 5390 doleo
2184 5348 2248 5389 ac
2270 5333 2619 5390 vehementer
2645 5328 2961 5402 ingemisco.
2988 5326 3085 5385 llei
3110 5328 3242 5383 mibi
3264 5329 3279 5382 l
3300 5327 3579 5400 quomodo

325 5424 422 5477 καὶ
445 5423 622 5487 ἄλλοις
642 5423 966 5496 δηλητήρῑθν
995 5421 1254 5490 Υὲἵῠνᾰςῖ
2004 5428 2169 5484 laesus
2205 5426 2323 5498 ipse
2349 5426 2471 5481 illos
2499 5425 2789 5496 plerosque
2812 5419 3023 5488 laesisti,
3049 5429 3215 5492 atque
3239 5420 3310 5478 ab
3333 5419 3579 5479 externis

328 5515 518 5572 mundi
545 5514 708 5583 hujus
735 5514 1062 5584 disciplinis,
1099 5513 1258 5584 quasi
1283 5514 1351 5568 ab
1377 5513 1626 5570 horribili
1662 5515 1897 5587 quadam
1933 5518 2119 5590 vipera
2184 5531 2425 5584 morsus,
2456 5515 2673 5572 caeteris
2703 5513 2899 5572 veneni
2933 5513 3111 5570 instat·
3160 5528 3221 5570 es
3253 5511 3471 5571 factus?

399 5607 535 5663 Φασὶ
563 5605 674 5678 γὰρ
702 5608 751 5660 oi
807 5607 1118 5677 φυσιολόγοι
1163 5606 1276 5676 (55)
1323 5605 1414 5659 τὸν
1465 5606 1677 5678 μυωξδν
1709 5609 1900 5679 ἐμφω-
2096 5611 2366 5665 Caeterttm
2400 5605 2733 5662 naturalium
2782 5621 2967 5663 rerum
3010 5606 3311 5679 scriptores
3328 5609 3585 5664 asserunt

330 5701 534 5767 λεύειν,
571 5700 668 5757 καὶ
698 5700 766 5755 τὰ
823 5701 1137 5771 γεννήματα
1181 5698 1348 5754 αὑτοῦ
1391 5701 1678 5755 ὲπιτοαυτὸ
1732 5701 1903 5755 πολλὰ
2008 5713 2263 5770 myoxum
2295 5699 2352 5754 in
2394 5697 2631 5753 latibulis
2662 5696 2779 5753 suis
2810 5696 2953 5755 fetus
2981 5697 3172 5754 eodem
3204 5703 3359 5768 partu
3394 5698 3583 5766 plures

329 5793 557 5856 τίκτειν,
581 5789 688 5854 ἓως
715 5789 876 5844 πέντε
905 5792 1003 5843 καὶ
1030 5787 1137 5851 ἔτι,
1157 5787 1256 5851 τὰς
1277 5788 1336 5842 δὲ
1359 5787 1572 5858 ἐχίδνας
1597 5789 1654 5843 δὲ
1680 5789 1904 5855 τούτους
2008 5789 2191 5858 edere,
2218 5788 2460 5860 quinque
2482 5787 2763 5850 videlicet,
2793 5796 2846 5844 et
2872 5805 2937 5846 eo
2964 5787 3217 5858 attiplius,
3250 5785 3427 5859 iisque
3448 5787 3585 5846 insi-

399 5889 516 5962 (53)
554 5890 710 5945 Φασὶ
743 5892 854 5960 γὰρ
881 5896 934 5946 οἱ
961 5895 1338 5964 φυσιολόγοι.
1364 5895 1598 5964 Μυωξοῦ
1624 5900 1872 5956 meminit
1902 5901 1959 5956 in
1986 5901 2273 5955 Αιιεονιιιο.

403 5983 420 6018 ¹
445 5981 576 6042 Cor.
611 5984 977 6050 παραδολευθ.
1055 5987 1290 6046 Ἐιει-ὶι.
1326 6005 1534 6054 xxxvtt,
1572 5991 1622 6046 7.
1701 5994 1867 6050 'Geu-
1899 6011 1975 6060 tv,
2012 5997 2096 6052 to.
2178 5997 2195 6028 ⁸
2219 5993 2323 6051 lau.
2356 6008 2467 6061 mv,
2500 5991 2585 6047 n.
