3850 6517
364 518 468 584 159

1109 528 1450 603 ΕΡΙῌΙΑΝΙΙ
1491 529 1943 585 ΠΕΕΩΠΙΡΤΗΜ
1985 525 2072 580 ΑΙ)
2115 520 2420 580 ACAClUM
2460 520 2548 579 ET
2587 517 2896 580 PAULUM

3489 498 3610 580 'iso

355 657 570 708 eorum,
603 645 695 714 qui
731 660 761 697 a
788 647 1134 716 serpentibus
1170 650 1260 702 icti
1294 656 1441 711 sunt,
1480 647 1779 725 remedium
1807 646 1931 715 jure
1962 652 2003 704 Α
2031 640 2123 699 οῦν
2157 642 2401 712 ἑρπετῶν
2426 641 2721 710 αἰνίγματα
2747 639 2844 707 (l).
2884 638 2998 691 Μία
3028 638 3086 692 δὲ
3112 638 3248 707 μετὰ
3282 638 3380 700 τὰς
3419 638 3610 710 ὀγδόη·

355 745 495 802 opus
525 735 679 797 illud,
708 751 772 790 ac
816 736 1014 792 librum
1059 736 1575 807 interpretabimur;
1612 737 1706 806 qui
1736 736 1790 790 in
1818 742 1931 790 tres

356 829 538 889 partes
559 822 790 888 divisus,
816 824 1050 881 baereses
1079 826 1356 895 octoginta
1380 825 1781 895 complectitur,
1807 838 1930 894 quae

351 920 665 983 serpentum
724 930 790 969 ac
842 916 1121 986 reptilium
1163 917 1372 973 slmiles
1413 924 1563 972 sunt.
1614 916 1929 971 Secundum

352 1018 487 1072 quas
516 1005 758 1061 veritatis
804 1005 1232 1072 firmamentum,
1264 1015 1318 1063 et
1349 1007 1606 1064 salutaris
1655 1007 1929 1069 doctrina.

349 1092 585 1163 lideique
623 1092 857 1149 formula
892 1097 1141 1165 subjecta
1194 1105 1310 1164 cst,
1348 1111 1413 1153 ac
1452 1097 1657 1154 Christi
1704 1113 1930 1168 sponsa,

349 1190 538 1237 sancta
562 1184 815 1241 videlicet
866 1186 1111 1243 Ecclesia
1145 1188 1444 1244 declarata.
1488 1188 1620 1255 Quae
1646 1203 1771 1244 cum
1813 1189 1931 1259 jam

343 1279 462 1326 tum
484 1273 555 1329 ab
575 1276 711 1331 orbe
732 1276 953 1332 condito
975 1293 1098 1335 esse
1121 1281 1371 1350 coeperit,
1411 1289 1601 1352 postea
1624 1287 1805 1335 tamen
1829 1295 1929 1351 per

344 1362 549 1421 Christi
571 1365 782 1422 Domini
800 1366 1231 1427 incarnationem
1246 1379 1552 1443 temporum
1572 1371 1926 1428 successione

346 1463 473 1512 aitte
497 1469 951 1518 commemoratas
980 1478 1171 1521 omnes
1204 1465 1443 1521 iiaereses
1489 1466 1727 1537 vulgata,
1761 1473 1929 1535 atque

347 1547 638 1617 patefacta,
671 1552 970 1624 eademque
1013 1569 1043 1608 a
1093 1555 1254 1611 nobis
1306 1556 1361 1610 in
1403 1557 1828 1612 commentarios
1861 1572 1925 1611 cx

343 1636 551 1695 Christi
575 1643 960 1712 praedicatione
1002 1647 1171 1702 relata
1202 1664 1216 1702 ι
1250 1662 1314 1703 ac
1342 1659 1561 1704 rursum
1593 1659 1714 1720 post
1751 1649 1926 1720 expli-

344 1743 524 1788 catam
558 1750 773 1793 omnem
807 1739 1036 1795 istarum
1071 1740 1349 1798 haereseon
1395 1741 1831 1813 improbitatem,
1860 1753 1926 1796 ex

2041 753 2236 799 κοντα,
2263 736 2297 805 ὴ
2334 733 2436 803 τῆς
2483 731 2739 803 ἀληθείας
2787 730 2941 801 βάσις
2974 731 3089 801 ἅμα
3131 732 3225 783 καὶ
3268 728 3606 797 διδασκαλία,

2036 825 2129 879 καὶ
2157 823 2422 893 σωτήριος
2452 819 2825 892 πραγματεία,
2856 819 2952 872 καὶ
2987 817 3224 887 Χριστοῦ
3266 818 3449 889 νύμφη
3477 818 3611 887 ἁγία

2046 913 2363 986 Ἐκκλησία,
2399 909 2536 967 οῦσα
2568 912 2667 984 μὲν
2698 912 2792 964 ἀπ’
2828 909 3042 974 αἰῶνος,
3075 908 3163 963 διὰ
3193 909 3252 962 δὲ
3278 911 3376 981 τῆς
3408 911 3606 980 ἐνσαρ-

2033 1026 2130 1063 κου
2157 1002 2392 1078 Χριστοῦ
2428 1001 2729 1074 παρουσίας
2759 1001 2898 1056 κατὰ
2925 1001 3024 1072 τὴν
3062 1000 3313 1071 διαδοχὴν
3351 1001 3446 1054 τοῦ
3477 1003 3609 1071 χρό-

2032 1117 2124 1152 νου
2157 1096 2321 1169 μέσον
2368 1096 2476 1148 τῶν
2519 1095 2931 1167 προειρημένων
2975 1092 3421 1162 ἀποκαλυφθεῖσα
3442 1134 3456 1157 ,
3514 1095 3611 1146 καὶ

2032 1191 2122 1260 ὑφ’
2167 1187 2324 1260 ἡμῶν
2367 1190 2425 1242 ὲν
2458 1188 2761 1258 ὑπομνήσει
2809 1186 2896 1239 διὰ
2945 1185 3038 1239 τοῦ
3078 1185 3433 1256 κηρύγματος
3478 1186 3614 1253 Χρι-

2036 1277 2163 1332 στοῦ
2215 1276 2511 1348 ταχθεῖσα,
2559 1276 2654 1329 καὶ
2704 1274 2866 1330 πάλιν
2919 1274 3055 1345 μετὰ
3110 1273 3290 1337 πάσας
3348 1274 3448 1338 τὰς
3501 1273 3613 1325 τῶν

2032 1372 2298 1443 αἱρέσεων
2340 1368 2546 1423 τούτων
2592 1366 2895 1440 μοχθηρίας
2934 1368 3015 1431 εἰς
3058 1365 3342 1438 ἀναψυχὴν
3369 1366 3477 1420 τῶν
3523 1367 3613 1419 τὸν

2032 1463 2278 1535 κάματον
2317 1460 2425 1514 τῶν
2483 1459 2751 1531 αἱρέσεων
2805 1458 2894 1512 διὰ
2935 1459 3034 1529 τῆς
3073 1457 3430 1527 ἀναγνώσεως
3461 1457 3613 1510 ’διελ-

2033 1553 2235 1609 θόντων
2255 1592 2269 1617 ,
2319 1553 2408 1621 ὑφ’
2446 1550 2606 1623 ἡμῶν
2653 1551 2773 1622 μετ’
2807 1550 3077 1621 ἐπιτομῆς
3123 1548 3218 1603 τοῦ
3246 1549 3436 1618 λόγου,
3470 1548 3613 1601 κατὰ

1983 1646 1990 1656 “
2031 1644 2131 1718 τὴν
2181 1644 2290 1699 τῶν
2334 1642 2651 1739 ἀποστόλων
2688 1641 3069 1709 διδασκαλίαν,
3105 1639 3295 1710 σαφῶς
3329 1639 3609 1707 ἀπαγγελο

2032 1738 2207 1793 θεῖσα.

344 1826 715 1895 apostolorum
739 1829 1027 1903 disciplina
1057 1841 1315 1890 accurate
1341 1849 1406 1888 ac
1462 1833 1749 1905 perspicue
1770 1833 1917 1890 brevi
1958 1831 2193 1903 quodam
2224 1837 2310 1885 est
2366 1827 2693 1901 compendio
2739 1826 3017 1898 subjecta;
3063 1826 3230 1883 utica
3276 1842 3337 1882 re
3391 1825 3608 1881 illorum

343 1929 662 1977 recreentur
690 1941 756 1980 ac
782 1926 1100 1983 reficiantur
1121 1930 1309 1992 animi,
1338 1930 1433 2000 qui
1460 1930 1606 1984 bunc
1634 1930 1914 1986 baereseon
1955 1925 2447 1997 percurrendarum
2475 1924 2715 1980 laborem
2751 1923 3113 1991 susceperint.

416 2015 457 2071 l.
491 2014 665 2075 Porro
693 2035 793 2076 vos
821 2035 1034 2087 omneS,
1080 2022 1433 2080 honestarum
1472 2040 1656 2081 rerunt
1685 2024 1918 2081 studiosi
1953 2033 1994 2087 Β
2094 2022 2173 2076 A'.
2207 2018 2607 2091 Παρακλήθητε
2647 2017 2726 2086 δὲ,
2765 2017 2966 2081 πάντες
3000 2018 3049 2069 οί
3082 2014 3387 2085 φιλοκάλως
3415 2015 3607 2082 ὲντυγ-

342 2100 603 2171 lectores,
631 2117 851 2178 rogatos
880 2109 1154 2177 volumus,
1193 2121 1251 2164 ut
1266 2120 1319 2165 et
1334 2112 1658 2181 prooemium
1692 2115 1874 2182 ipsum
1897 2155 1912 2178 ,

342 2202 397 2249 et
421 2194 830 2268 insequentium
860 2192 1141 2256 haereseon
1175 2201 1596 2272 expositionem,
1628 2217 1693 2258 ac
1720 2203 1918 2258 verita·

341 2287 415 2344 tis
445 2289 862 2360 professionem,
893 2300 948 2348 et
978 2291 1307 2358 doctrinam,
1357 2309 1423 2350 ac
1471 2302 1677 2350 sanctae
1732 2301 1786 2351 et
1829 2309 1921 2351 ca-

339 2380 561 2436 tholicae
588 2380 847 2438 Ecclesia·
873 2381 1033 2440 fldem
1069 2398 1100 2437 a
1135 2383 1295 2439 nobis
1347 2400 1665 2455 expressam
1692 2399 1919 2456 percur-

341 2478 549 2537 rentes,
585 2473 902 2531 condonare
938 2474 1140 2542 velitis,
1171 2483 1361 2546 utpote
1394 2475 1734 2542 homiuibus.
1771 2478 1920 2533 etita

342 2563 691 2634 potissimum
725 2563 961 2632 allectis,
998 2576 1058 2621 ut
1085 2581 1209 2622 cum
1245 2568 1453 2633 labore,
1488 2584 1562 2650 ac³
1586 2567 1770 2624 divino
1803 2569 1920 2626 zelo

336 2653 563 2732 pietatis
586 2662 772 2725 partes
795 2671 1143 2728 propugnare
1164 2673 1429 2715 conemur
1469 2675 1482 2711 t
1512 2659 1646 2715 illud
1679 2675 1918 2731 unquam

337 2744 662 2816 ignoscatis,
698 2746 909 2818 siquid
962 2749 1124 2819 paulo
1153 2750 1389 2819 atnplius
1445 2767 1509 2806 ac
1566 2751 1918 2823 praestautius

337 2835 409 2889 ad
435 2836 772 2893 sanctissimi
802 2844 859 2894 et
886 2839 1036 2896 omni
1089 2837 1442 2898 reueratione
1470 2842 1783 2914 dignissimi
1817 2858 1917 2914 pa-

341 2927 632 2983 trocinium
683 2931 924 2989 nominis
973 2949 1244 3004 usurpare
1291 2934 1493 2989 divinis
1527 2934 1653 2991 l'reti
1708 2937 1918 2992 viribus

337 3019 461 3074 -ausi
494 3019 791 3090 fuerimus,
837 3021 1074 3096 idipsum
1114 3026 1452 3084 concedente
1482 3027 1628 3092 Deo,
1661 3029 1912 3100 quando-

338 3111 560 3180 quidem
582 3127 668 3177 ea,
687 3129 808 3184 qua!
834 3114 1143 3173 facultatem
1168 3130 1415 3174 nostram
1442 3129 1724 3191 superant,
1746 3119 1920 3192 inqui·

337 3204 537 3260 rimus.
593 3202 730 3261 Nam
773 3215 829 3262 et
882 3224 982 3279 pro
1029 3208 1272 3268 veritate‘
1304 3213 1483 3268 oratio
1518 3212 1659 3280 ista,
1710 3223 1765 3268 et
1816 3227 1919 3283 pro

336 3293 543 3363 pietate
570 3295 883 3354 lucubratio
929 3301 1255 3372 suscipitur.
1288 3302 1372 3358 Ad
1429 3302 1542 3359 baec
1565 3301 1920 3360 vehementer

336 3395 370 3438 a
394 3386 551 3444 vobis
582 3389 825 3459 postulo,
873 3398 933 3445 ut
963 3393 1010 3448 si
1036 3393 1168 3463 quid
1221 3393 1364 3450 l'orte
1392 3395 1683 3465 reperiatis
1719 3396 1916 3467 (quan-

2023 2115 2280 2188 χάνοντες
2307 2111 2389 2183 τῷ
2423 2128 2484 2164 τε
2515 2109 2789 2182 προοιμίῳ
2831 2109 2926 2163 καὶ
2970 2110 3087 2173 ταῖς
3129 2108 3425 2179 μετέπειτα
3452 2108 3608 2179 αἰρέ·

2027 2222 2164 2269 σεσι,
2201 2203 2296 2258 καὶ
2324 2204 2391 2275 τῇ
2437 2201 2566 2273 περὶ
2597 2198 2856 2271 ἀληθείας
2911 2199 3175 2270 ἀπολογία
3205 2215 3266 2251 τε
3298 2200 3391 2251 καὶ
3424 2197 3609 2252 διδασο·

2022 2296 2187 2365 καλία
2213 2293 2315 2364 τῆς
2340 2290 2619 2363 ἀληθείας,
2652 2290 2745 2344 καὶ
2774 2289 2956 2343 πίστει
2987 2288 3088 2360 τῆς
3122 2289 3285 2357 ἁγίας
3314 2289 3609 2361 καθολικῆς

2033 2386 2383 2456 Ἐκκλησίας,
2440 2382 2747 2453 συγγνῶναι
2800 2383 2931 2453 ἡμῖν
2978 2380 3290 2453 ἀνθρώποις
3324 2377 3479 2446 οῦσι,
3514 2382 3611 2437 καὶ

2025 2476 2162 2548 μετὰ
2212 2474 2375 2529 πόνου
2408 2474 2506 2527 καὶ
2537 2473 2698 2545 ζήλου
2742 2471 2925 2526 θεῖκοῦ
2962 2470 3436 2543 φιλοτιμουμένοις
3470 2472 3609 2544 ὑπὲρ

2021 2565 2332 2630 θεοσεόείας
2366 2563 2772 2633 ἀπολογεῖσθαι,
2806 2562 2908 2636 [είς
2940 2563 2993 2637 ὃ]
3020 2563 3075 2618 εί
3100 2581 3151 2616 τι
3185 2564 3492 2634 ὑπέρογκον
3531 2566 3611 2627 είς

2019 2658 2152 2736 αὐτὸ
2183 2658 2245 2712 τὸ
2277 2658 2542 2725 πανάγιον
2599 2656 2694 2711 καὶ
2746 2655 3156 2729 πανσεδάσμιον
3186 2656 3356 2729 ὄνομα
3388 2657 3609 2727 θελήσο-

2023 2766 2122 2820 μεν
2184 2747 2325 2803 κατὰ
2382 2747 2481 2820 τὴν
2534 2746 2612 2818 (2)
2663 2747 2828 2816 ἁγίαν
2884 2747 3115 2819 δύναμιν
3177 2747 3607 2817 ὑπεραπολογεί·

2021 2841 2165 2904 σθαι.
2205 2841 2300 2896 τοῦ
2334 2840 2471 2895 Θεοῦ
2508 2840 2919 2910 συγχωροῦντος
2944 2841 3014 2893 τὰ
3048 2841 3187 2911 ὑπὲρ
3204 2838 3431 2903 δύναμιν
3470 2835 3605 2902 ἡμῖν

2018 2932 2359 3003 ἐκζητοῦσιν,
2394 2929 2584 2999 ἐπειδὴ
2634 2928 2703 2980 δι’
2733 2929 2991 2999 ἀλήθειαν
3048 2934 3179 3002 ἡμῖν
3222 2931 3251 2983 ὁ
3289 2928 3467 2996 λόγος,
3511 2924 3608 2977 καὶ

2018 3022 2084 3077 δι’
2119 3023 2397 3077 εὐσέδειαν
2427 3023 2462 3092 ἡ
2498 3018 2867 3091 πραγματεία.
2921 3021 3032 3074 Καὶ
3062 3023 3141 3075 ἐτι
3194 3016 3607 3094 παρακλὴθητε,

2019 3117 2107 3182 ἶν’,
2136 3116 2188 3169 εἴ
2214 3132 2317 3169 που
2351 3113 2582 3186 εῦροιτε,
2612 3111 2815 3185 (καίτοι
2844 3129 2907 3181 γε
2946 3111 3020 3182 μὴ
3061 3110 3120 3162 ὲν
3150 3110 3257 3162 ἔθει
3292 3112 3452 3171 ὄντας
3489 3109 3611 3159 ἑπι-

2019 3208 2283 3281 σκῆπτειν
2303 3205 2476 3270 τινας,
2499 3203 2533 3276 ἢ
2560 3201 3089 3276 ὲπισκωμματίζειν)
3116 3224 3127 3234 ·
3160 3199 3250 3255 διὰ
3280 3202 3338 3256 δὲ
3356 3202 3451 3256 τὸν
3472 3200 3611 3272 πρὸς

2016 3297 2115 3361 τὰς
2145 3296 2383 3370 αἱρέσεις
2436 3294 2615 3367 ζῆλον,
2653 3295 2747 3349 καὶ
2785 3295 2866 3359 είς
2905 3291 3223 3366 ἀποτροπὴν
3259 3291 3370 3347 τῶν
3416 3293 3611 3361 ὲντυγ·

2018 3389 2308 3460 χανόντων,
2359 3387 2515 3441 είπου
2566 3385 2995 3458 παροξυνόμενοι
3046 3383 3290 3456 λέξομεν,
3323 3384 3356 3454 ἢ
3404 3383 3612 3438 ἀπατε-

338 3486 503 3545 quam
560 3493 673 3534 non
730 3479 864 3536 illud
924 3481 1061 3539 adeo
1091 3484 1262 3542 moris
1302 3492 1389 3542 est
1417 3485 1601 3551 nobis,
1656 3484 1915 3541 vellicare
1941 3481 1984 3539 C
2018 3479 2161 3544 ὦνάς
2206 3496 2360 3542 τινας
2404 3477 2720 3542 καλοῦντες.
2746 3478 2779 3548 ἢ
2809 3476 3073 3547 ἀγύρτας,
3104 3477 3138 3546 ἢ
3169 3476 3425 3539 ἀθλίους·
3468 3476 3609 3547 αὑτὴ

338 3569 674 3638 quempiam,
709 3579 801 3626 aut
833 3572 887 3626 in
931 3589 1058 3629 eum
1090 3576 1236 3631 dicta
1255 3577 1482 3648 jacere),
1511 3593 1699 3633 verum
1734 3578 1780 3633 si
1815 3593 1914 3647 pro

340 3656 731 3716 ardentissimo
755 3670 946 3719 nostro
979 3664 1246 3721 adversus
1273 3665 1510 3722 baereses
1539 3665 1743 3728 studio,
1771 3675 1827 3721 et
1856 3673 1918 3720 ut

341 3745 573 3806 lectores
625 3750 696 3807 ab
741 3751 812 3809 iis
859 3752 1266 3822 deterreamus,
1312 3758 1646 3815 concitatius
1707 3758 1917 3830 aliquid

345 3838 648 3898 dixerimus
681 3859 695 3897 ε
731 3852 924 3915 utputa
955 3848 999 3903 si
1032 3847 1387 3918 impostores,
1421 3850 1784 3906 circulatores
1816 3865 1915 3921 ap-

342 3933 635 4003 pellemus,
667 3935 722 3990 id
752 3938 936 3994 velitis
983 3940 1286 4010 ignoscere.
1344 3940 1480 3996 Nam
1509 3950 1563 3998 et
1590 3943 1710 4014 ipsa
1735 3952 1918 3999 certa-

336 4023 504 4079 minis
548 4039 614 4079 ac
658 4023 1049 4096 disputationis
1097 4031 1406 4088 necessitas
1459 4031 1731 4105 ejusmodi
1763 4033 1917 4089 labo·

338 4129 454 4170 rem
485 4116 648 4174 nobis
698 4119 995 4190 imposuit,
1031 4137 1141 4193 quo
1184 4124 1254 4177 ab
1282 4123 1393 4179 illis
1425 4124 1660 4180 lectores
1718 4139 1910 4179 avoca·

339 4215 557 4274 rentur,
590 4218 757 4281 utque
791 4211 1008 4281 illorum
1058 4213 1392 4281 functiones,
1418 4215 1680 4287 mysteria
1715 4230 1780 4269 ac
1813 4215 1915 4270 do-

338 4303 521 4363 gmata
552 4295 622 4352 ab
647 4299 901 4356 instituto
946 4309 1139 4357 nostro
1193 4302 1370 4358 aliena
1398 4317 1522 4359 esse
1554 4311 1719 4375 atque
1748 4303 1918 4358 inter-

2016 3574 2123 3644 γὰρ
2149 3572 2466 3644 ήὰνάγκηὴ
2492 3571 2627 3643 πρὸς
2652 3572 2779 3635 τοὺς
2818 3571 3008 3638 λόγους
3042 3569 3137 3624 τοῦ
3185 3568 3396 3638 ἀγῶνος
3433 3584 3610 3641 παρα·

2018 3664 2274 3729 σκευάζει
2303 3667 2434 3735 ἡμῖν
2470 3664 2561 3718 τὸν
2602 3663 2839 3718 τοιοῦτον
2886 3660 3105 3735 ἱδρῶτα,
3159 3662 3225 3716 δι’
3285 3660 3610 3732 ἀποτροπὴν

2017 3758 2130 3812 τῶν
2177 3738 2635 3828 ἐντυγχανόντων,
2692 3758 2786 3810 καὶ
2834 3757 2983 3820 ὃπως
3039 3757 3286 3829 δείξομεν
3326 3755 3607 3819 παντελῶς

2016 3849 2470 3923 ἀπηγορευμένας
2508 3848 2601 3903 τοῦ
2642 3849 2911 3923 ἡμετέρου
2946 3852 3293 3922 φρονήματος
3318 3850 3418 3912 τὰς
3448 3849 3596 3902 ὲκεί-

2015 3960 2122 3996 νων
2172 3943 2455 4014 ἐργασίας,
2491 3943 2585 3996 καὶ
2625 3943 2923 4015 μυστήρια,
2980 3943 3077 3997 καὶ
3107 3942 3458 4005 διδασκαλίας
3487 3955 3501 3969 ·
3540 3941 3607 3996 ἶν’

2014 4033 2123 4088 ἀπὸ
2175 4034 2284 4088 τῶν
2337 4035 2533 4104 λόγων,
2583 4034 2679 4089 καὶ
2718 4036 2816 4107 τῆς
2845 4033 3106 4106 ὀξύτητος
3138 4035 3238 4107 τῆς
3273 4032 3603 4103 ἀντιλογίας,

2016 4124 2112 4176 καὶ
2159 4125 2220 4176 τὸ
2260 4126 2527 4195 ἡμέτερον
2557 4125 2864 4198 ἐλευθέριον
2906 4127 3304 4198 ἀποδείξωμεν,
3330 4127 3424 4180 καί
3453 4142 3608 4190 τινας

2016 4214 2125 4268 ἀπὸ
2158 4213 2268 4267 τῶν
2312 4215 2491 4267 αὐτῶν
2535 4214 2873 4288 ὲκκλίνωμεν
2909 4219 3004 4271 καὶ
3039 4219 3127 4271 διὰ
3166 4218 3277 4271 τῶν
3304 4215 3609 4272 δοκούντων

2022 4303 2337 4378 βαρυτέρων
2359 4303 2554 4375 λόγων.

338 4382 486 4440 dicta
547 4397 825 4447 constaret
888 4402 1105 4464 :atque
1164 4403 1221 4450 ut
1273 4411 1338 4453 ex
1393 4399 1643 4455 oratione
1690 4399 1829 4470 ipsa,
1879 4408 1937 4454 et
1985 4401 2240 4456 acumine
2289 4401 2672 4471 disputationis
2726 4403 2992 4459 libertatis
3036 4405 3283 4474 ingenuae
3325 4404 3605 4475 specimen

337 4475 624 4536 ederemus
666 4495 680 4534 ε
728 4491 842 4537 ιιιιιι
890 4492 950 4538 ιιι
995 4485 1231 4558 denique
1279 4488 1474 4561 majori
1533 4490 1624 4545 illa
1674 4491 1967 4547 verborum
2021 4495 2315 4564 asperitate
2365 4493 2579 4564 aliquos
2629 4496 2819 4551 saltem
2874 4496 2944 4552 ab
3002 4497 3219 4552 illorum
3280 4497 3610 4568 contagione

336 4575 594 4627 revocare
630 4587 934 4644 possemus.

412 4655 469 4717 31.
505 4662 638 4731 Quae
659 4666 881 4738 quidem
906 4671 1091 4725 omnia
1113 4671 1219 4729 hoc
1249 4672 1304 4729 in
1327 4690 1492 4746 opere
1509 4676 1908 4748 comprehensa
1939 4673 1991 4734 D
2086 4669 2162 4724 B'·
2185 4667 2295 4723 Καὶ
2316 4667 2460 4723 {ww
2482 4670 2539 4722 ἒν
2559 4670 2627 4741 τῇ
2649 4669 2797 4741 πάσῃ
2817 4671 3169 4742 πραγματείᾳ
3187 4671 3395 4726 &etam
3417 4690 3606 4746 προει-

334 4755 512 4813 tribus
541 4757 697 4815 libris
726 4761 1092 4833 explicantur,
1124 4743 1342 4836 primo,
1394 4767 1638 4823 secundo
1687 4783 1752 4824 ac
1802 4779 1911 4825 ter·

334 4849 434 4904 tio.
470 4849 635 4906 lidem
672 4866 841 4922 porro
884 4854 1010 4911 libri
1044 4865 1252 4929 septem
1306 4860 1360 4915 in
1411 4867 1590 4919 tomos
1632 4862 1910 4918 distributi

334 4948 466 4996 suut
501 4955 516 4992 t
554 4955 791 5012 quorum
845 4943 1049 5015 singuli
1079 4955 1288 5004 certum
1336 4949 1618 5007 haereseon
1651 4966 1716 5007 ac
1765 4952 1913 5008 schi-

334 5038 572 5088 smatum
603 5048 894 5091 numerum
938 5038 1250 5096 continent.
1293 5039 1426 5108 Quae
1471 5043 1636 5099 simul
1682 5045 1912 5100 collecta

334 5139 477 5179 cxxx
518 5125 838 5183 conficiunt.
875 5127 1122 5197 Quorum
1152 5133 1551 5204 appellationes
1581 5136 1666 5192 hae
1694 5149 1824 5193 sunt
1847 5152 1912 5194 ac

334 5217 678 5290 dogmatazi,
713 5219 1126 5292 Barbarismus;
1164 5241 1222 5293 n,
1252 5224 1634 5300 Scythismus;
1668 5247 1752 5296 ιιι,
1780 5231 1910 5288 llei-

334 5309 635 5378 lenismus;
672 5327 746 5378 tv,
769 5310 1116 5387 Judaismus;
1170 5333 1228 5385 v,
1265 5316 1704 5379 Samaritismus.
1739 5322 1821 5379 Ab
1842 5323 1911 5380 iis

335 5398 596 5472 deinceps
655 5403 882 5474 reliquae
928 5416 1095 5463 sectae
1150 5407 1554 5481 profluxerunt.
1606 5399 1733 5468 nam
1784 5421 1914 5473 ante

334 5487 541 5545 Christi
574 5488 879 5548 Salvatoris
908 5495 1203 5553 adventum
1221 5506 1346 5570 post
1371 5498 1669 5556 Barbaram
1696 5512 1751 5558 et
1777 5501 1912 5576 Scy-

333 5581 505 5639 thiam
566 5587 1008 5656 superstitionem
1057 5603 1088 5644 e
1144 5587 1334 5646 Graeca
1392 5591 1510 5648 istae
1560 5594 1906 5664 prodierunt.

334 5690 412 5742 vt,
467 5674 964 5750 Pythagoreorum,
1000 5680 1095 5752 qui
1143 5688 1196 5738 et
1256 5681 1630 5754 Peripatetici,
1684 5696 1911 5743 auctore

336 5767 627 5827 divisionis
658 5771 984 5842 Aristotelen
1020 5789 1118 5842 vn,
1144 5773 1550 5833 Platonicorum
1573 5795 1586 5844 ;
1611 5795 1730 5846 νιιι,
1756 5777 1912 5851 βιοῖ·

412 5927 490 5990 tl)
525 5926 688 5987 Forte
711 5930 987 6000 δήγματα.
1032 5933 1107 6002 (9.)
1141 5932 1264 5988 for.
1304 5933 1489 5990 ἱδείαν.
1529 5937 1603 6006 (5)
1630 5935 1691 5993 C.
1720 5938 1874 6010 ἕκτη.

2021 4761 2274 4837 ρημένων
2307 4759 2475 4833 τριῶν
2507 4758 2747 4831 βιὸλίων,
2784 4761 3022 4833 πρώτου,
3068 4764 3163 4816 καὶ
3195 4764 3471 4836 δευτέρου,
3505 4768 3604 4821 καὶ

2016 4856 2199 4927 τρίτου
2220 4870 2233 4883 ·
2259 4855 2417 4908 ἅτινα
2449 4853 2575 4926 τρία
2607 4853 2789 4925 βιὸλία
2813 4856 2893 4917 είς
2915 4854 3055 4907 ἑπτὰ
3085 4855 3283 4925 τόμους
3307 4855 3597 4928 διείλομεν.

2029 4946 2118 5000 Ἐν
2148 4945 2206 4998 δὲ
2236 4944 2453 5016 ἑκάστῳ
2502 4944 2654 5016 τόμῳ
2688 4945 2918 5017 ἀριθμός
2943 4963 3030 5009 τις
3060 4946 3325 5015 αἱρέσεων
3358 4950 3453 5002 καὶ
3482 4966 3603 5019 σχι-

2018 5036 2239 5107 σμάτων
2288 5034 2551 5103 ἔγκειται.
2612 5033 2777 5105 Ὁμοῦ
2822 5032 2878 5088 δὲ
2930 5035 2989 5088 αί
3050 5037 3217 5089 πᾶσαί
3266 5038 3403 5091 είσιν
3441 5038 3599 5105 ὀγδο-

2014 5129 2255 5199 ήκοντα·
2290 5123 2365 5181 ῶν
2399 5127 2455 5180 αἱ
2498 5126 2785 5197 ὀνομασίαι
2816 5128 2909 5181 καὶ
2951 5130 3005 5183 αἱ
3052 5130 3355 5201 προφάσεις
3397 5126 3559 5185 αὗται
3580 5148 3596 5163 ·

2015 5219 2213 5293 Πρώτη
2273 5217 2686 5293 Βαρὸαρισμός·
2752 5219 2978 5293 δευτέρα
3041 5220 3383 5294 Σκυθισμός·
3436 5225 3596 5296 τρίτη

2027 5311 2410 5383 Ἑλληνισμός·
2447 5311 2686 5384 τετάρτη
2732 5312 3099 5385 Ἰουδαϊσμός·
3141 5313 3366 5386 πέμπτη
3410 5313 3600 5386 Σαμα-

2016 5404 2313 5476 ρειτισμός.
2391 5405 2485 5459 Ἐκ
2518 5403 2722 5458 τούτων
2758 5407 2812 5459 αἱ
2874 5404 3143 5476 καθεξῆς·
3201 5407 3307 5478 πρὸ
3356 5407 3595 5479 Χριστοῦ

2018 5497 2116 5569 μὲν
2155 5495 2292 5569 μετὰ
2338 5495 2724 5570 Βαρὸαρισμὸν
2777 5498 2870 5550 καὶ
2905 5496 3004 5570 τὴν
3039 5498 3306 5570 Σκυτικὴν
3336 5498 3594 5552 δεισιδαι·

2016 5589 2204 5660 μονίαν
2230 5591 2287 5642 αἰ
2314 5588 2531 5643 ἀπὸτοῦ
2559 5588 2911 5660 Ἑλληνισμοῦ
2932 5581 3367 5657 φύσασαιαῦται.
3385 5589 3592 5661 (δ’)Ἓξ,

2013 5679 2401 5751 Πυθαγόρειοι,
2444 5679 2619 5732 εἴτουν
2683 5680 3128 5750 Περιπατητικοὶ,
3174 5680 3260 5735 διὰ
3310 5680 3417 5734 τῶν
3465 5680 3595 5750 περὶ

2028 5768 2402 5842 Ἀριστοτέλην
2420 5768 2778 5842 διαιρεθεῖσα·
2803 5769 3003 5841 ὲὸδόμη
3034 5770 3403 5825 Πλατωνικοί·
3429 5771 3595 5845 essem,
