3850 6517
293 394 399 454 105

1594 394 1652 451 S.
1692 391 2034 452 emmanu
2074 393 2256 451 vlu.

3443 392 3546 453 {08

279 512 615 584 Ἐπιῳάνιον·
647 511 718 566 Εἴ
745 528 798 565 τι
831 507 1040 565 κελεύει
1070 512 1104 583 ἡ
1133 510 1201 582 σὴ
1238 510 1578 582 πατροσύνη,
1610 512 1860 582 εὐάγγει-
1890 514 1939 570 Δ
1965 512 2233 579 patienter
2288 521 2442 566 tuum
2499 510 2736 568 Patrem.
2786 509 2933 567 Dixit
2994 514 3206 565 autem·
3230 509 3544 578 imperatrix

295 605 382 660 λόν
416 622 529 676 μοι,
563 602 723 673 κάγὼ
765 601 1089 675 θεραπεύσω
1127 603 1219 656 τὸν
1251 603 1384 674 ἐμὸν
1429 605 1667 676 Πατέρα.
1701 601 1871 659 Εἶπεν

292 699 348 754 δὲ
380 697 702 766 Ἐπιφάνιος
727 696 865 768 πρὸς
891 695 988 766 τὴν
1020 695 1359 766 βασίλισσαν·
1382 695 1447 750 Εἰ
1486 697 1584 768 μὲν
1615 698 1746 768 περὶ
1772 696 1873 766 τῆς

293 787 558 860 αἱρέσεως
604 782 674 859 ἧς
714 786 897 856 λέγεις
935 786 1404 855 καταγινώσκεται
1453 789 1730 859 Ἰωάννης,
1780 790 1875 843 καὶ

290 879 603 948 ἐλέγχεται,
645 878 740 931 καὶ
781 877 881 948 οὐχ
922 876 1175 948 ὁμολογεῖ
1214 878 1298 931 ὅτι
1349 878 1624 948 ἥμαρτεν,
1657 876 1875 942 ἀνάξιός

295 971 413 1024 ὲστι
439 969 538 1040 τῆς
565 967 884 1039 ἱερωσύνης·
920 968 1016 1022 καὶ
1056 968 1110 1021 εἴ
1134 986 1188 1021 τι
1223 967 1495 1039 κελεύειὴ
1534 967 1688 1040 ὑμῶν
1722 969 1875 1035 ἐξου-

298 1061 409 1124 σία,
434 1060 661 1131 ποιήσω.
686 1059 753 1114 Εἰ
780 1059 839 1113 δὲ
869 1059 998 1131 περὶ
1021 1058 1123 1129 τῆς
1150 1059 1422 1130 ὑμετέρας
1449 1058 1660 1132 ὖὸρεως
1690 1059 1874 1130 ζητεῖς

295 1153 386 1207 τὸν
413 1152 664 1224 Ἰωάννην
690 1150 1027 1219 έξεώσασθαι
1059 1150 1167 1205 άπὸ
1203 1153 1302 1221 τῆς
1343 1152 1691 1222 Ἐκκλησίας,
1717 1155 1748 1206 ὁ
1784 1153 1874 1216 σὸς

297 1243 610 1312 Ἑπιφάνιος
656 1244 736 1306 εἰς
782 1241 942 1297 τοῦτο
986 1243 1046 1296 οὑ
1097 1241 1432 1295 συναινέσει·
1479 1242 1573 1295 καὶ
1617 1241 1870 1313 μάλιστα,

293 1334 513 1395 τέκνον,
539 1333 648 1386 τῶν
678 1331 946 1403 βασ...έων
977 1331 1124 1385 ἐστιν
1166 1330 1484 1403 ὑδρίζεσθαι
1523 1335 1617 1386 καὶ
1657 1350 1873 1405 συγχω-

297 1429 410 1499 ρεῖν
435 1443 450 1458 ·
496 1423 684 1495 ἐπειδὴ
722 1422 819 1476 καὶ
863 1422 1020 1493 ὑμεῖς
1067 1421 1219 1492 ἔχετε
1261 1421 1488 1492 βασιλέα
1524 1424 1581 1476 ὲν
1624 1424 1874 1494 οὐρανοῖς

294 1509 339 1584 ᾧ
366 1514 611 1586 συνήθως
639 1512 1007 1585 ἁμαρτάνετε,
1035 1513 1130 1565 καὶ
1175 1511 1399 1585 ἀφίησιν
1440 1515 1603 1585 ὑμῖν,
1644 1514 1739 1570 ὲάν
1781 1517 1876 1571 καὶ

295 1608 453 1678 ὑμεῖς
496 1605 685 1677 ἀφίετε
709 1608 823 1669 τοῖς
856 1603 1167 1676 ὐδρίζουσιν
1214 1605 1358 1677 ὑμᾶς
1378 1623 1392 1638 ·
1423 1606 1605 1671 καθὼς
1639 1607 1784 1677 λέγει
1816 1611 1875 1662 ὲν

293 1699 408 1764 τοῖς
433 1697 788 1767 Εὐαγγελίοιε,
810 1714 825 1729 ·
869 1697 1124 1750 Γίνεσθε
1152 1696 1556 1766 οἰκτίρμονες,
1584 1699 1666 1764 ὡς
1689 1701 1722 1752 ὀ
1753 1702 1873 1753 Πα-

299 1789 407 1861 τὴρ
427 1790 598 1859 ὑμῶν
625 1792 658 1843 ὀ
682 1789 753 1841 ὲν
779 1786 905 1854 τοῖς
931 1786 1230 1856 οὐρανοῖς.
1253 1783 1423 1842 Εἶπεν
1443 1786 1499 1840 δὲ
1524 1789 1557 1858 ὴ
1589 1787 1876 1858 βασίλισσα

295 1883 431 1955 πρὸς
481 1881 834 1951 Ἐπιφάνιον·
879 1879 1009 1933 Ἐὰν
1061 1878 1320 1951 ἐμπόδιον
1373 1880 1636 1951 ποιήσῃς,
1690 1880 1874 1952 Πάτερ
1906 1869 1947 1925 Β

292 1974 606 2044 Ἐπιφάνιε,
653 1971 748 2026 τοῦ
799 1970 875 2043 μὴ
917 1969 1269 2041 ἐξορισθῆναι
1319 1971 1411 2023 τὸν
1439 1970 1712 2039 Ἰωάννην,
1748 1970 1872 2035 τοὺς

294 2069 451 2131 ναοὺς
480 2066 588 2120 τῶν
631 2064 867 2118 εἰδώλων
897 2064 1097 2132 ἀνοίγω
1116 2103 1131 2128 ,
1176 2064 1272 2117 καὶ
1302 2064 1513 2133 ποιήσω
1549 2068 1874 2136 προσκυνεῖν

293 2159 420 2222 τοὺς
446 2156 789 2230 ἀνθρώπους·
819 2157 916 2210 καὶ
947 2158 1161 2227 ποιήσω
1187 2155 1256 2209 τὰ
1286 2155 1489 2228 ἔσχατα
1519 2157 1736 2229 χείρονα
1762 2157 1874 2211 τῶν

180 2291 184 2295 .
295 2247 547 2321 πρώτων.
573 2248 682 2302 Καὶ
709 2247 786 2311 ὡς
807 2246 978 2301 ταῦτα
1004 2245 1186 2300 ἐλάλει
1215 2245 1351 2316 μετὰ
1388 2247 1633 2318 πικρίας,
1664 2246 1874 2320 δάκρυα

295 2339 516 2413 ἔρριψεν
549 2339 656 2393 ἀπὸ
687 2338 796 2392 τῶν
823 2336 1115 2410 ὀφθαλμῶν
1141 2338 1333 2408 αὐτῆς.
1364 2334 1533 2391 Εἶπεν
1557 2338 1613 2391 δὲ
1644 2339 1877 2408 Ἑπιφά·

297 2447 436 2496 νιος·
473 2430 638 2500 Ἐγὼ,
665 2431 874 2495 τέκνον,
899 2430 1074 2496 ἀθῶός
1115 2432 1233 2499 εἰμι
1261 2430 1358 2501 τῆς
1388 2430 1621 2501 κρίσεως
1646 2430 1872 2502 ταύτης.

373 2522 490 2575 ΞΡ.
519 2521 705 2574 Ταῦτα
741 2521 908 2575 εἰπὼν
935 2522 1274 2590 Ἑπιφάνιος,
1309 2521 1616 2592 παρέλαθεν
1654 2539 1753 2593 με,
1781 2524 1876 2576 καὶ

308 2610 604 2684 ἐξήλθομεν
628 2610 722 2665 τοῦ
756 2611 1029 2682 βασιλικοῦ
1050 2615 1316 2684 ταμιείου.
1343 2611 1452 2668 Ἦν
1477 2614 1534 2668 δὲ
1561 2615 1656 2669 καὶ
1689 2613 1876 2669 Ἰσαὰκ

302 2704 363 2756 ἐν
386 2702 689 2774 ἀρρωστίᾳ,
736 2703 832 2757 καὶ
862 2703 961 2756 οὐκ
992 2704 1239 2776 εἰσῆλθεν
1277 2705 1390 2782 μεθ’
1421 2707 1581 2778 ἡμῶν
1613 2706 1751 2778 πρὸς
1768 2690 1877 2781 τὴν

296 2795 639 2867 βασίλισσαν.
673 2795 790 2850 Καὶ
821 2797 974 2868 φήμη
1003 2796 1284 2870 διέδραμεν
1308 2798 1400 2852 ἐπὶ
1434 2801 1614 2853 πᾶσαν
1644 2799 1744 2872 τὴν
1776 2798 1878 2853 πό·-

295 2885 399 2948 λιν,
454 2884 702 2955 λέγοντες
747 2887 865 2940 ὅτι·
908 2886 964 2941 Ὀ
1018 2887 1196 2959 μέγας
1248 2889 1425 2961 ἱερεὺς
1463 2890 1810 2959 Ἐπιφάνιος,
1847 2893 1880 2946 δ

299 2977 594 3042 ἐπίσκοπος
632 2976 734 3047 τῆς
783 2978 1080 3051 Κυπρίων,
1113 2978 1367 3050 εἰσῆλθεν
1399 2980 1538 3050 πρὸς
1582 2981 1680 3053 τὴν
1725 2955 1878 3053 βαῖί-

298 3065 507 3128 λισσαν,
532 3066 627 3122 καὶ
650 3068 906 3140 ἐποίησεν
939 3068 1036 3141 τὴν
1067 3069 1285 3143 ἐξορίαν
1309 3068 1402 3123 τοῦ
1434 3071 1670 3142 μεγάλου
1696 3073 1880 3127 Ἰωάν-

296 3175 408 3214 νου.
458 3159 643 3218 Ταῦτα
693 3161 751 3214 δὲ
811 3161 1052 3224 ἀκούσας
1109 3161 1205 3216 καὶ
1252 3161 1442 3216 Ἰσαάκ
1464 3201 1480 3225 .
1528 3163 1737 3236 ἀπέδρα
1771 3164 1879 3219 &nb

295 3249 634 3320 Ἐπιφανίου,
663 3253 758 3306 καὶ
795 3250 1056 3306 εἰσελθὼν
1086 3253 1146 3306 ἐν
1181 3254 1530 3325 μοναστηρίῳ
1561 3255 1880 3327 κατέμεινεν
1908 3223 1953 3286 C

302 3341 436 3405 ὶκεῖ,
465 3343 620 3414 ἡμῶν
660 3343 735 3415 μὴ
777 3344 1016 3399 εἰδότων.
1063 3345 1175 3399 Καὶ
1221 3341 1290 3416 ἦν
1319 3345 1639 3416 Ἐπιφάνιος
1674 3348 1883 3404 πενθῶν

305 3435 556 3508 καὶπερὶ
587 3437 775 3500 αὐτοῦ,
808 3438 903 3490 καὶ
937 3436 1189 3508 δεόμενος
1229 3436 1322 3490 τοῦ
1369 3437 1527 3505 Θεοῦ,
1556 3439 1705 3502 ὅπως
1737 3439 1884 3511 αὐτῷ

299 3529 557 3602 γνωρίσει
585 3526 689 3582 ποῦ
733 3528 917 3582 Ἰσαὰκ
959 3529 1277 3600 καταμένει.
1318 3530 1429 3582 Καὶ
1466 3528 1759 3602 ἐγνώρισεν
1785 3532 1883 3584 αὐ-

299 3619 410 3691 τῷ,
458 3623 554 3675 καὶ
602 3619 914 3692 ἀπήλθομεν
966 3620 1102 3693 πρὸς
1157 3619 1344 3674 αὐτόν.
1396 3621 1505 3675 Καὶ
1553 3622 1881 3693 ἀπεστράφη

299 3711 485 3766 Ἰσαὰκ
519 3711 614 3765 τὸν
654 3711 1002 3778 Ἐπιφάνιον,
1032 3712 1210 3781 λέγων
1245 3711 1358 3764 ὅτι·
1388 3713 1586 3766 υύκέτι
1623 3712 1883 3784 βούλομαι.

302 3803 440 3875 μετὰ
470 3804 565 3856 σοῦ
600 3800 769 3865 εἶναι,
803 3804 892 3857 διὰ
933 3804 1031 3872 τὴν
1061 3803 1338 3871 ἁμαρτίαν
1357 3842 1373 3865 ,
1405 3806 1472 3872 ἦν
1514 3804 1773 3874 ἐποίησας
1805 3806 1885 3869 εἰς

299 3895 577 3965 Ἰωάννην.
625 3894 960 3963 Ποιήσαντες
1012 3891 1073 3942 δὲ
1120 3893 1183 3942 ὲν
1225 3889 1301 3958 τῷ
1349 3895 1693 3967 μοναστηρίῳ
1735 3878 1884 3969 τ’ρεῑς

310 3985 545 4052 ἡμέρας,
578 3982 730 4050 μόλις
768 3981 986 4032 ἔπεισεν
1021 3980 1115 4033 τὸν
1147 3980 1363 4036 Ἰσαάκ·
1390 3984 1486 4038 καὶ
1513 3983 1764 4052 λαὸόντες
1787 3991 1884 4044 αὐ-

310 4072 406 4124 τὸν
436 4069 750 4141 ὲξηλθομεν.
776 4070 1030 4143 Ἐπείσθη
1056 4071 1114 4127 δὲ
1144 4073 1240 4127 καὶ
1285 4073 1534 4149 Ἰωάννης
1557 4078 1638 4133 ὅτι
1663 4082 1885 4153 συνῄνε-

318 4182 411 4220 σεν
444 4164 536 4219 ἐπὶ
578 4166 644 4236 τῇ
693 4164 857 4220 αὐτοῦ
898 4165 1080 4238 ὲξορίᾳ
1122 4169 1153 4221 ὁ
1181 4166 1518 4238 Ἐπιφάνιος.
1554 4172 1664 4226 Καὶ
1702 4173 1886 4228 λαδὼν

314 4256 567 4327 δίπτυχον
592 4255 830 4328 ἔγραψεν
874 4257 1205 4330 Ἐπιφανίῳ·
1253 4259 1541 4332 Ἐπιφάνιε
1573 4265 1724 4334 σοφὲ,
1759 4281 1886 4319 συν-

309 4347 504 4420 ῄνεσας
532 4348 624 4401 ἐπὶ
658 4351 721 4420 τῇ
751 4350 854 4421 ἐμῇ
885 4347 1085 4423 ἐξορίᾳ.
1114 4350 1189 4404 θύ
1210 4351 1285 4420 μὴ
1314 4350 1396 4407 ἔτι
1412 4352 1644 4426 καθίσῃς
1671 4355 1764 4408 ἐπὶ
1790 4353 1885 4408 τοῦ

308 4440 498 4512 θρόνου
530 4456 642 4493 σου.
682 4439 913 4511 Ὁμοίως
958 4439 1015 4493 δὲ
1055 4441 1150 4494 καὶ
1196 4439 1513 4511 Ἐπιφάνιος
1562 4444 1886 4518 ἀντιγράφει

304 4529 559 4604 Ἰωάννῃ·
599 4528 850 4602 Ἀθλητά,
897 4529 1052 4602 δέρου
1098 4533 1192 4585 καὶ
1220 4532 1379 4586 νίκα·
1410 4535 1527 4589 ἀνθ’
1565 4529 1642 4588 ὧν
1667 4535 1725 4590 δὲ
1766 4535 1889 4589 ἐπί-

307 4636 539 4684 στευσας
581 4621 664 4673 ὅτι
707 4618 820 4688 ἐγὼ
871 4622 1135 4692 συνῄνεσα
1177 4622 1270 4675 ἐπὶ
1313 4625 1378 4694 τῇ
1422 4624 1640 4697 ὲξορίᾳ,
1672 4627 1764 4679 ἐπὶ
1804 4625 1884 4697 τῷ

305 4713 458 4783 τόπῳ
488 4706 534 4780 ᾧ
566 4711 899 4784 ὲξωρίσθης,
942 4713 1000 4765 οὐ
1040 4713 1114 4786 μὴ
1147 4714 1379 4789 φθάσῃς.
1407 4716 1593 4770 Ταῦτα
1624 4716 1680 4771 δὲ
1718 4715 1883 4790 ἔγρα-

305 4801 400 4871 ψα,
450 4802 703 4872 ἀδελφοὶ,
749 4803 836 4856 ἴνα
884 4804 957 4874 μή
1003 4821 1087 4868 τις
1135 4805 1215 4877 τῷ
1261 4806 1567 4878 Ἐπιφανίῳ
1604 4810 1883 4882 ὲπιρῤίψει

305 4894 470 4964 ψόγον
501 4894 629 4965 περὶ
675 4894 886 4948 τούτου.
926 4895 986 4948 ’0
1028 4896 1139 4967 γάρ
1167 4896 1405 4950 τοσαῦτα
1438 4898 1579 4963 καλὰ
1610 4901 1885 4972 κατορθώ-

309 5003 406 5050 σας
438 4988 519 5050 είς
552 4985 806 5040 τοσοῦτον
845 4986 1007 5057 βάθος
1037 4987 1224 5043 κακῶν
1264 4985 1408 5059 εἶχεν
1442 4990 1760 5056 κατελθεῖνς
1791 4994 1882 5064 Μὴ

306 5076 530 5145 γένοιτο.
564 5077 932 5133 Εἰσελθόντων
975 5079 1031 5132 δὲ
1077 5078 1234 5152 ἡμῶν
1268 5082 1325 5133 ὲν
1365 5081 1444 5153 τῷ
1477 5081 1740 5153 βασιλικῷ
1782 5099 1883 5138 τα·

311 5169 487 5240 μιείῳ,
521 5170 848 5236 συνετάξατο
875 5170 1190 5240 Ἐπιφάνιος
1210 5175 1323 5235 τοῖς
1356 5171 1664 5243 βασιλεῦσιν
1692 5177 1781 5229 ἐπὶ
1805 5173 1884 5245 τῷ

308 5261 644 5316 ἀποπλεῦσαι
673 5265 822 5335 ἡμᾶς
861 5266 955 5319 ἐπὶ
998 5265 1099 5334 τῆς
1142 5264 1427 5336 Κυπρίων.
1468 5264 1796 5340 Ἐρωτηθεὶς
1825 5266 1884 5319 δὲ

307 5353 622 5423 Ἐπιφάνιος
668 5355 819 5426 παρὰ
858 5355 1141 5428 Ἀρκαδίου
1175 5355 1267 5410 τοῦ
1300 5354 1560 5425 βασιλέως
1588 5356 1670 5421 τὸ,
1706 5357 1884 5410 πόσων

307 5443 446 5498 ἐτῶν
479 5444 748 5517 ὑπάρχει,
793 5442 968 5500 εἶπεν·
1005 5445 1234 5501 Ἑκατὸν
1267 5447 1362 5500 καὶ
1409 5447 1572 5500 πέντε
1602 5448 1736 5500 ἑτῶν
1769 5449 1885 5517 είμι

307 5533 463 5608 παρὰ
491 5538 637 5607 τρεῖς
650 5520 862 5609 μῆνας.
903 5532 1072 5604 Οὗτος
1113 5538 1210 5609 (ο),
1247 5537 1431 5609 φησὶν,
1459 5538 1720 5610 ἑξήκοντα
1745 5537 1884 5592 ἑτῶν

382 5694 424 5732 ⁸¹
465 5692 595 5748 Luc.
637 5711 710 5759 rr,
741 5695 830 5751 5⁰.

383 5837 459 5901 (a)
498 5830 656 5884 Forte
683 5831 871 5896 οὕτως.

555 5944 824 6004 Parnon.
872 5945 990 6002 (in.
1043 5943 1095 6002 Χ
1110 5944 1206 6003 Li.

1917 4575 1964 4629 D

1977 599 2281 671 Epiphanio
2314 619 2327 654 :
2354 602 2437 656 An
2463 612 2553 657 tua
2582 602 2886 673 paternitas
2910 601 3112 672 aliquid
3134 601 3342 672 jubeat,
3374 617 3550 658 enun-

1979 693 2075 758 tia,
2131 702 2184 749 et
2233 708 2336 764 ego
2390 694 2564 749 colam
2612 705 2666 750 et
2713 694 3017 750 observabo
3069 709 3248 749 meum
3306 692 3547 750 Patrem.

1982 780 2128 838 Dixit
2176 783 2512 855 Epiphanius
2563 784 2894 855 imperatrici
2917 801 2945 838 ⁴:
2994 784 3051 839 Si
3086 785 3205 856 ejus
3227 824 3243 850 ,
3274 800 3437 855 quam
3464 784 3540 841 di-

1978 868 2081 932 eis,
2114 870 2337 926 haeresis
2384 879 2511 926 reus
2550 880 2666 936 est,
2696 880 2751 926 et
2782 872 3124 927 convincitur
3160 871 3417 934 loannes.
3449 889 3547 928 nec

1980 973 2040 1014 se
2088 957 2287 1015 fatetur
2316 973 2593 1030 peccasse,
2625 961 2881 1032 indignus
2922 971 3006 1017 est
3034 962 3343 1018 sacerdotio
3374 980 3389 1016 z
3421 971 3474 1018 et
3501 963 3548 1018 si

1980 1050 2109 1119 quid
2131 1050 2290 1121 jubet
2312 1060 2552 1108 vestrum
2598 1052 2907 1124 imperium,
2939 1052 3100 1110 saciet
3127 1064 3305 1110 vester
3336 1072 3549 1111 servus.

1982 1141 2039 1197 Si
2086 1151 2267 1198 autem
2317 1159 2415 1213 pro
2457 1153 2637 1199 vestra
2682 1144 2880 1216 inJuria
2912 1145 3113 1215 quaeris
3155 1146 3421 1201 loannem
3455 1163 3550 1203 ex·

1979 1236 2180 1307 pellere
2217 1253 2282 1293 ex
2318 1237 2584 1303 Ecclesia,
2614 1255 2807 1296 servus
2838 1249 2965 1296 tuus
2989 1239 3325 1311 Epiphanius
3365 1241 3417 1297 in
3450 1241 3551 1298 hoc

1980 1344 2089 1385 non
2124 1332 2470 1387 assentietur.
2516 1331 2614 1388 Est
2659 1340 2806 1388 certe
2851 1333 3086 1388 maxime
3135 1334 3551 1404 imperatorum,

1982 1410 2202 1490 iniuria'
2253 1422 2390 1478 assici
2452 1433 2507 1478 et
2549 1423 2830 1493 ignoscere
2883 1442 2899 1479 ι
2961 1425 3398 1495 quandoquidem
3453 1440 3553 1480 vos

1980 1529 2200 1584 quoque
2243 1515 2453 1570 habetis
2500 1515 2879 1585 imperatorem
2916 1515 2970 1570 in
3014 1516 3189 1581 coeiis,
3223 1517 3309 1570 cui
3335 1516 3553 1571 assidue

1980 1605 2241 1675 peccatis,
2272 1616 2327 1663 et
2374 1606 2421 1663 is
2452 1607 2606 1663 vobis
2644 1607 2873 1663 remittit
2908 1623 2921 1660 ε
2959 1607 3052 1678 qui
3090 1607 3308 1678 quidem
3336 1609 3470 1664 dicit
3498 1609 3550 1663 in

1981 1696 2289 1769 Evangeliis
2319 1718 2331 1754 :
2369 1697 2550 1755 Estote
2580 1700 2963 1764 misericordes,
3007 1701 3144 1753 sicut
3176 1698 3338 1753 Pater
3366 1713 3551 1765 vester,

1982 1792 2072 1861 qui
2097 1801 2173 1845 est
2204 1792 2260 1846 in
2292 1793 2434 1846 coelis
2473 1792 2538 1847 ¹².
2575 1791 2722 1847 Dixit
2746 1800 2928 1847 autem
2961 1791 3277 1862 imperatrix
3319 1791 3554 1862 Epipha-

1979 1883 2072 1937 nio
2104 1899 2118 1936 z
2153 1881 2210 1937 Si
2259 1881 2429 1938 fueris
2472 1883 2879 1954 impedimento,
2904 1881 3066 1939 Pater
3092 1881 3379 1952 Epiphani,
3413 1899 3555 1954 quo-

1980 1976 2164 2030 minus
2193 1974 2444 2029 mittatur
2469 1972 2709 2030 «ioannes
2742 1975 2795 2030 in
2842 1975 3118 2038 exsilium,
3148 1976 3388 2044 aperiam
3416 1984 3555 2031 tem·

1982 2063 2067 2132 pia
2114 2063 2406 2126 idolorum,
2439 2073 2494 2119 et
2526 2063 2725 2118 faciam
2767 2076 2825 2120 ut
2857 2065 3105 2122 homiues
3134 2082 3198 2122 ea
3227 2066 3473 2129 adorent.
3501 2078 3556 2123 et

1982 2153 2177 2209 faciam
2206 2155 2393 2211 ultima
2417 2155 2602 2225 peiora
2631 2155 2924 2225 prioribus.
2950 2156 3199 2228 Cumque
3228 2160 3345 2213 haec
3364 2159 3558 2214 acerbe

1980 2244 2206 2310 diceret,
2254 2262 2323 2301 ex
2369 2246 2491 2316 ejus
2517 2249 2691 2304 ocutis
2735 2247 2978 2305 fluebant
3023 2249 3291 2320 laerymae.
3331 2251 3391 2305 Ei
3425 2265 3558 2307 vero

1981 2335 2121 2391 dixit
2163 2334 2501 2407 Epiphanius
2537 2355 2552 2392 :
2588 2335 2703 2409 Ego
2742 2338 2982 2408 quidem,
3008 2352 3044 2392 ο
3072 2338 3200 2405 iiiia,
3242 2356 3367 2396 sum
3399 2340 3557 2395 inno-

1982 2438 2113 2480 cens
2141 2424 2209 2480 ab
2239 2425 2343 2480 boe
2367 2425 2598 2495 judicio.

2054 2512 2239 2569 Lxul.
2270 2514 2407 2572 Cum
2436 2515 2551 2572 haee
2576 2516 2802 2573 dixisset
2828 2515 3185 2588 Epiphanius.
3210 2520 3419 2590 aceepit
3448 2536 3557 2587 me,

1982 2618 2037 2664 et
2065 2609 2276 2681 egressi
2318 2625 2512 2666 sumus
2550 2625 2614 2668 ex
2664 2613 2786 2667 aula
2837 2613 3208 2682 imperatoria.
3236 2613 3559 2685 AEgrotabat

1986 2712 2167 2761 autem
2201 2703 2373 2769 isaac,
2400 2714 2454 2759 et
2484 2719 2589 2759 non
2631 2705 2911 2774 ingressus
2937 2714 3023 2761 est
3045 2706 3331 2760 nobiscum
3356 2708 3423 2762 ad
3453 2706 3559 2763 im·

1985 2796 2327 2868 peratricrm.
2375 2794 2622 2853 Pervasit
2663 2811 2791 2851 rero
2835 2795 2977 2851 tama
3017 2810 3115 2866 per
3157 2805 3323 2852 totam
3368 2799 3558 2854 civita·

1986 2899 2117 2952 tem.
2144 2888 2440 2945 dicentium
2472 2903 2487 2941 ε
2521 2886 2748 2960 Magnus
2762 2887 3019 2945 sacerdos
3049 2888 3403 2958 Epiphanius,
3444 2891 3558 2960 epi-

1986 2996 2186 3052 scopus
2218 2980 2564 3053 Cypriorum,
2600 2980 2878 3050 ingressus
2919 2989 3005 3035 est
3032 2980 3101 3035 ad
3135 2980 3558 3050 imperatricem,

1984 3080 2040 3125 et
2074 3070 2217 3135 fecit,
2248 3079 2307 3124 ut
2334 3069 2390 3125 in
2420 3069 2675 3125 exsilium
2706 3069 3013 3125 mitteretur
3040 3085 3269 3140 magnus
3298 3070 3556 3128 loannes.

1987 3160 2124 3215 Cum
2159 3160 2265 3216 hoc
2295 3169 2478 3215 autem
2522 3160 2823 3217 audivisset
2866 3158 3038 3227 Isaac,
3070 3162 3281 3231 ausingit
3328 3162 3397 3217 ah
3427 3161 3558 3230 Epi-

1986 3251 2228 3322 phanio,
2279 3262 2334 3306 et
2378 3250 2661 3322 ingressus
2696 3259 2780 3306 est
2823 3251 3251 3315 monasterium,
3284 3252 3441 3308 nohis
3479 3254 3561 3309 in-

1986 3344 2305 3402 scientibus,
2340 3343 2507 3415 AEgre
2536 3359 2664 3399 vero
2697 3342 2903 3399 ferebat
2931 3343 3288 3414 Epiphanius,
3316 3354 3372 3401 et
3393 3345 3560 3402 Deum

1986 3437 2231 3509 rogabat,
2266 3444 2329 3491 ut
2361 3437 2411 3491 ei
2439 3436 2788 3508 significaret,
2817 3437 3035 3491 ubinam
3067 3439 3359 3494 mansisset
3390 3436 3560 3496 isaac.

1986 3528 2143 3595 Quod
2174 3528 2223 3585 ei
2263 3528 2625 3600 significarit,
2664 3537 2720 3585 et
2750 3528 2949 3584 ivimus
2990 3529 3057 3584 ad
3089 3529 3289 3600 ipsum.
3325 3531 3561 3586 Aversa-

1988 3621 2147 3676 batur
2178 3631 2362 3675 autem
2399 3620 2548 3676 isaac
2579 3621 2972 3692 Epiphanium,
3000 3623 3188 3678 dicens
3224 3640 3239 3679 z
3275 3621 3412 3678 Nolo
3442 3639 3563 3679 am·

1989 3712 2132 3781 piius
2175 3728 2298 3768 esse
2346 3697 2547 3775 tecum,
2591 3722 2806 3782 propter
2839 3722 3119 3782 peccatum
3146 3751 3161 3774 ,
3196 3715 3338 3780 ιμιοά
3384 3712 3563 3769 soeisti

1990 3805 2042 3859 in
2066 3803 2352 3860 loannem.
2385 3805 2522 3860 Cum
2570 3819 2671 3860 nos
2704 3812 2882 3859 autem
2920 3804 2974 3858 in
3008 3805 3343 3859 monasterio
3367 3803 3565 3860 [uisse-

1990 3911 2113 3954 mus
2157 3907 2267 3953 tres
2301 3896 2439 3959 dies,
2487 3897 2573 3951 rix
2624 3897 2896 3967 persuasit
2940 3895 3109 3953 isaac.
3154 3896 3276 3966 Quo
3318 3908 3561 3968 accepto,

1987 3990 2191 4060 egressi
2255 4005 2471 4045 sumus.
2526 3989 2641 4045 Sibi
2693 4003 2912 4060 quoque
2963 3991 3235 4060 persuasit
3287 3990 3561 4057 ioannes,

1989 4081 2133 4151 quod
2173 4080 2294 4151 ejus
2325 4080 2520 4136 exsilio
2548 4078 2741 4136 suisset
2772 4095 3032 4135 assensus
3063 4079 3417 4150 Epiphanius.
3452 4082 3561 4136 Ac·

1991 4183 2147 4242 cepta
2192 4173 2357 4243 igitur
2397 4177 2619 4238 charta,
2660 4175 2881 4245 scripsit
2924 4173 2990 4229 ad
3024 4174 3383 4245 Epiphaniam
3415 4190 3429 4226 ε
3462 4174 3561 4228 Sa·

1989 4263 2145 4333 pieus
2178 4263 2473 4335 Epiphani.
2516 4279 2775 4321 assensus
2824 4279 2883 4320 ea
2930 4280 3051 4320 meo
3092 4267 3305 4321 exsilio.
3377 4265 3432 4320 Ιιι
3468 4275 3565 4321 tun

1991 4357 2190 4410 throno
2234 4370 2341 4410 non
2382 4356 2599 4412 sedebis
2642 4356 2896 4427 amptius.
2944 4357 3024 4411 Ad
3068 4356 3336 4413 loannem
3382 4368 3562 4413 autem

1993 4444 2272 4515 rescripsit
2324 4444 2661 4516 Epiphanius
2692 4461 2707 4497 ε
2738 4446 2953 4501 athleta
3002 4447 3226 4511 Christi,
3278 4447 3565 4502 verberam

1993 4547 2047 4592 ct
2112 4537 2285 4591 vinee.
2364 4534 2521 4601 Quod
2596 4547 2775 4592 autem
2845 4535 3157 4600 credidisti,
3227 4553 3315 4591 me
3372 4538 3565 4591 exsilio

1996 4635 2091 4684 tuo
2125 4625 2293 4683 fuisse
2368 4641 2692 4692 assensum,
2748 4627 2801 4679 in
2859 4626 3038 4680 locum
3099 4626 3166 4681 ad
3217 4641 3378 4697 quem
3413 4627 3562 4683 fuisti

1992 4719 2294 4794 relegatus,
2324 4732 2433 4774 non
2468 4717 2671 4774 venies.
2707 4716 2832 4773 Haec
2880 4716 3095 4787 scripsi,
3144 4732 3179 4772 o
3232 4717 3461 4783 fratres,
3497 4734 3566 4777 ne

1991 4811 2116 4880 quis
2170 4812 2275 4865 hoc
2321 4810 2579 4881 probrum
2629 4809 2873 4866 conferat
2921 4807 2975 4863 in
3028 4807 3413 4879 Epiphanium.
3459 4808 3563 4876 Qui

1990 4900 2137 4953 enim
2190 4907 2269 4954 tot
2319 4908 2373 4953 rt
2419 4908 2565 4954 tanta
2602 4902 2759 4954 -bona
2806 4901 3041 4962 fecerat,
3085 4908 3205 4953 erat
3245 4899 3299 4953 in
3353 4907 3561 4954 tanturn

1994 4988 2260 5044 maiorum
2291 4989 2619 5058 profundum
2657 4990 3061 5045 descensurus?
3089 4988 3354 5059 ingressis
3380 4998 3560 5045 autem

1992 5081 2150 5135 nobis
2193 5081 2247 5134 in
2300 5081 2476 5134 auiam
2533 5081 2978 5152 imperatoriam,
3023 5080 3189 5149 jussit
3234 5078 3565 5150 Epiphanius

1993 5172 2171 5228 valere
2225 5171 2611 5241 imperatores,
2664 5182 2724 5227 ut
2772 5170 3149 5240 navigaremus
3197 5171 3274 5225 in.
3303 5169 3562 5243 Cyprum.

1993 5263 2365 5334 interrogatus
2405 5279 2537 5319 vero
2581 5263 2917 5333 Epiphanius
2950 5261 3018 5317 ab
3061 5261 3296 5316 Arcadio
3333 5262 3567 5332 impera-

1994 5365 2143 5422 tore,
2173 5364 2306 5427 quot
2355 5361 2530 5411 annos
2576 5364 2721 5412 esset
2774 5361 2963 5417 natus,
3022 5353 3207 5408 dixit:
3239 5351 3468 5409 Centum
3510 5362 3565 5407 et

1992 5447 2300 5516 quindecim
2326 5488 2342 5512 ,
2389 5455 2444 5501 et
2473 5455 2586 5502 tres
2627 5460 2863 5502 meuses.
2901 5445 2993 5502 Sic
3030 5461 3210 5502 autem
3249 5447 3429 5502 dixit:
3463 5445 3565 5502 Fui

1992 5538 2302 5608 episcopus,
2336 5551 2459 5591 cum
2488 5551 2666 5592 essem
2701 5538 2978 5608 sexaginta
3011 5554 3186 5596 annos
3230 5547 3410 5594 natus.
3465 5535 3566 5596 Fui
