3850 6517
274 398 382 456 8⁴8

979 391 1346 450 ADVERSUS
1384 389 1724 448 ttAEut-:st-:s
1755 389 1882 444 Lm.
1923 388 1965 444 l.
2006 387 2167 443 Tou.
2213 387 2252 440 l.
2293 417 2363 427 -
2403 381 2673 440 uAERES.
2706 378 2825 437 XV.

3407 377 3517 436 2⁴6

279 510 468 584 ἱμάτια
516 506 814 570 ἐπετίθετο,
861 505 1103 559 τουτέστι
1133 506 1340 561 πλατέα
1388 506 1604 577 σήματα
1637 503 1842 578 πρρφύ·
1874 508 1919 564 Α
1953 500 2149 572 gelium
2188 497 2499 554 meminerit
2533 497 2580 561 ¹,
2607 493 2880 567 suspicari
2923 492 3191 568 quispiam
3224 493 3420 566 possit,
3445 493 3517 553 de

281 616 382 672 ρας
425 597 556 668 (97).
600 594 858 666 Νομίσειε
888 594 932 648 δ’
977 594 1042 649 ἄν
1080 610 1184 659 τις,
1222 593 1516 664 ἐπειδήπερ
1542 592 1636 658 καὶ.
1668 592 1726 644 ἐν
1766 589 1861 660 τῷ·

277 688 592 758 Εὐαγγελιῳ
617 687 640 718 ¹
669 684 842 756 τούτῳ
870 685 1187 756 ἐμφέρεται,
1222 683 1298 756 μὴ
1327 683 1437 754 ἄρα
1481 683 1503 714 ⁸
1529 682 1845 754 περιάπτων

276 782 446 850 λέγει.
495 777 712 849 Ἐπειδὴ
759 776 868 849 γὰρ
912 777 1006 831 καὶ
1046 776 1265 830 εἰώθασί
1291 792 1433 840 τινες
1457 775 1524 830 τὰ
1570 776 1846 847 περίαπτα

279 871 626 944 φυλακτήρια
674 866 984 938 ὀνομάζειν·
1018 868 1118 920 οὐκ
1160 866 1274 938 ἔχει
1305 866 1363 920 δὲ
1394 868 1424 921 ὀ
1466 866 1624 935 λόγος
1657 865 1718 920 τὸ
1740 883 1849 921 πα-

282 962 464 1035 ράπαν
494 959 620 1032 περὶ
649 957 840 1012 τούτου
859 974 873 989 ·
906 957 1019 1012 ἀλλ’
1045 957 1230 1028 ἐπειδὴ
1260 956 1474 1024 στολὰς,
1503 958 1604 1012 εἴτ’
1627 953 1718 1011 οὖν
1745 958 1846 1027 ἁμ-

283 1050 516 1121 πεχόνας
561 1050 609 1102 οἱ
651 1046 879 1101 τοιοῦτοι
920 1046 1298 1113 ἀνεὸάλλοντο,
1340 1047 1435 1101 καὶ
1479 1047 1842 1121 Δαλματικὰς,

281 1141 379 1195 εἴτ’
406 1135 498 1194 οὗν
544 1138 885 1202 Κολοὸίωνας
930 1139 995 1192 ἐκ
1042 1137 1408 1209 πλατυσήμων
1448 1139 1537 1194 διὰ
1561 1139 1847 1212 πορφύρας

282 1232 670 1303 ἀλουργοῦφεῖς
711 1230 1239 1300 κατεσκευασμένας,
1286 1230 1352 1283 τὰ
1397 1229 1453 1283 δὲ
1489 1231 1707 1302 σήματα
1748 1232 1847 1303 τῆς

282 1320 567 1394 πορφύρας
599 1321 941 1392 φυλακτήρια
962 1319 1213 1374 εἰώθασιν
1243 1322 1294 1374 οἱ
1326 1320 1692 1393 ήκριὸωμένοι
1716 1339 1846 1393 μετ-

280 1412 595 1484 ονομάζειν·
645 1411 835 1466 τούτου
875 1411 1060 1466 ἕνεκεν
1105 1412 1448 1484 φυλακτήρια
1488 1412 1624 1465 αὐτὰ
1687 1413 1779 1466 καὶ
1819 1414 1848 1466 ὀ

283 1503 484 1575 Κύριος
512 1504 632 1558 κατ’
676 1501 916 1565 ἐκείνους
946 1501 1151 1573 εἴρηκε.
1188 1501 1347 1571 Δηλοί
1386 1501 1442 1554 δέ
1484 1503 1517 1572 ἡ
1561 1501 1849 1556 ἀκολουθία

279 1594 378 1666 τὴν
425 1594 623 1665 φράσιν
673 1593 774 1663 τῆς
823 1593 1135 1662 ὀνομασίας,
1179 1593 1272 1647 καὶ
1318 1592 1385 1645 τὰ
1431 1592 1709 1663 κράσπεδα
1739 1592 1847 1648 τῶν

1951 588 2206 645 amuletis
2231 589 2318 643 hic
2352 602 2667 643 sermonem
2698 585 2915 642 institui
2946 601 2959 638 :
2985 583 3129 655 quod
3174 598 3206 638 a
3235 584 3516 642 nonnullis

1952 683 2186 738 amuleta
2243 680 2583 752 phylacteria
2628 687 2913 735 vocentur.
2946 676 3148 734 Verum
3202 678 3363 748 longe
3407 677 3517 734 alia

1951 774 2092 832 ratio
2117 781 2218 829 est.
2273 770 2484 841 Quippe
2526 784 2650 825 cum
2681 769 2858 835 stolis,
2890 770 3006 826 sive
3060 769 3376 828 vestimenti
3423 784 3515 840 ge-

1952 883 2083 925 nere
2113 866 2349 938 quodam
2390 870 2673 920 uterentur
2701 864 2811 929 isti,
2860 862 3009 936 quod
3038 862 3391 932 Dalmaticae,
3420 872 3517 921 aut

1953 959 2181 1017 colobia
2208 956 2486 1029 appellare
2515 970 2831 1028 possumus,
2880 970 3001 1027 quae
3043 955 3400 1026 amplioribus
3447 970 3516 1012 ex

1953 1064 2193 1121 purpura
2211 1048 2506 1120 segmentis
2518 1048 2623 1119 33
2638 1055 2796 1104 erant
2822 1047 3049 1104 intexta.
3080 1045 3364 1117 Ejusmodi
3387 1061 3515 1116 por·

1953 1156 2015 1197 ro
2058 1148 2326 1212 segmata,
2361 1139 2454 1211 qui
2514 1138 2846 1195 accuratius·
2876 1139 3207 1210 loquuntur,
3233 1137 3519 1194 nominare

1953 1230 2285 1304 phylacteria
2322 1229 2522 1286 solent.
2556 1227 2763 1285 Horum
2791 1229 3243 1285 consuetudinem
3293 1232 3519 1284 secutus

1954 1320 2221 1377 Dominus
2237 1320 2428 1379 eadem
2460 1319 2551 1375 illa
2581 1318 2916 1391 phylacteria
2937 1319 3295 1388 nuncupavit.
3327 1316 3437 1375 Sed
3463 1326 3520 1375 et

1953 1413 2238 1484 sequentia
2260 1412 2328 1468 de
2358 1410 2677 1481 acceptione
2698 1410 2851 1466 vocis
2882 1408 3046 1466 istius
3098 1408 3245 1464 haud
3294 1407 3517 1464 dubiam
3568 1428 3575 1437 ¹

1953 1504 2111 1560 fldem
2155 1501 2387 1559 faciunt.
2444 1500 2676 1572 Subjicit
2725 1501 2905 1567 enim;
2948 1509 3003 1556 et
3064 1499 3519 1556 vestimentorum

1951 1593 2251 1665 κράσπεδα,
2280 1594 2385 1649 hoc
2404 1601 2487 1648 est
2517 1591 2777 1647 fimbrias.
2840 1589 2913 1645 lta
2935 1597 2991 1645 et
3018 1590 3355 1663 phylacteria
3374 1604 3520 1661 pur·

281 1686 543 1757 ἱματίων·
573 1686 642 1740 τὰ
675 1685 976 1757 κράσπεδα,
1010 1685 1097 1738 ἵνα
1146 1687 1275 1758 εἴπῃ
1321 1686 1615 1755 κροσσούς·
1651 1687 1744 1740 καὶ
1780 1686 1848 1739 τὰ

282 1776 641 1848 φυλακτήρια,
699 1774 783 1828 ἵνα
832 1773 961 1843 εἴπῃ
1011 1773 1110 1842 τῆς
1159 1771 1442 1843 πορφύρας
1495 1770 1564 1824 τὰ
1610 1774 1845 1843 σήματα.

1952 1701 2151 1754 pureos
2171 1685 2295 1740 illos
2316 1681 2594 1754 quos‘dixi
2631 1683 2816 1739 clavos
2869 1681 3179 1752 appellavit.
3229 1680 3518 1748 Quoniam,

1954 1776 2150 1845 iuquit,
2180 1773 2422 1828 dilatatis
2452 1773 2798 1843 phylacteria,
2847 1781 2897 1827 et
2925 1770 3164 1841 fimbrias
3187 1773 3523 1826 vestimento-

164 1912 181 1930 ,
277 1866 414 1934 Φησὶ
439 1865 544 1935 γάρ
564 1880 577 1894 ·
615 1864 746 1917 'ou
770 1863 1105 1916 πλατύνετε
1126 1859 1198 1914 τὰ
1223 1860 1618 1928 φυλακτήρια,
1652 1859 1747 1915 καὶ
1776 1860 1848 1914 τὰ
1882 1837 1923 1894 B
1954 1879 2070 1917 rum
2091 1863 2373 1932 ampliores
2404 1860 2578 1931 facitis
2603 1861 2645 1914 ⁸.
2698 1860 2912 1917 Etenim
2940 1860 3233 1933 corymbos
3290 1859 3522 1930 punico·

278 1953 588 2023 κράσπεδα
630 1952 743 2006 τῶν
793 1953 1038 2022 ἱματίων
1068 1951 1233 2020 ὑμῶν
1260 1952 1645 2020 uernam-ste.
1703 1952 1845 2005 'Pot-
1950 1971 2070 2010 rum
2111 1954 2381 2009 malorum
2424 1953 2607 2024 specie
2626 1960 2867 2025 quatuor
2894 1967 2925 2008 e
2956 1952 3108 2024 pallii
3144 1951 3364 2008 laciniis
3396 1967 3525 2023 pen·

279 2060 440 2107 σκους
466 2044 574 2115 γάρ
605 2059 758 2105 τινας
801 2043 893 2096 ἐπὶ
931 2042 999 2096 τὰ
1042 2044 1281 2111 τέσσαρα
1314 2041 1423 2112 (98)
1457 2039 1724 2112 πτερύῩια
1751 2042 1844 2096 τοῦ
1952 2044 2161 2108 denteS,
2193 2051 2355 2113 atque
2378 2056 2442 2098 ex
2470 2043 2589 2112 ipso
2616 2042 2851 2099 stamine
2896 2042 3152 2112 alligatos
3180 2056 3245 2098 eo
3276 2049 3522 2112 temporo

275 2135 536 2208 τρίὸωνος
583 2135 810 2197 ἕκαστος
864 2129 1030 2204 εἶχεν,
1075 2132 1145 2198 ’ἐξ
1198 2134 1362 2187 αὑτοῦ
1417 2132 1511 2187 τοῦ
1580 2135 1848 2206 στήμονος
1952 2134 2236 2206 gerebant,
2266 2147 2376 2204 quo
2426 2132 2820 2188 continentiam
2866 2137 2960 2187 aut
2987 2131 3373 2203 virginitatem
3403 2145 3524 2188 set·-

276 2224 728 2296 καταδεδεμένους
759 2227 816 2277 ἐν
849 2218 893 2292 ᾧ
940 2224 1117 2295 χρόνῳ
1143 2222 1547 2295 ἐνεκρατεύετο,
1577 2224 1610 2294 ἢ
1644 2225 1845 2296 παρθε-
1954 2228 2173 2281 vabant.
2202 2223 2336 2278 Nam
2371 2224 2603 2295 quilibet
2631 2231 2841 2279 certum
2895 2223 3000 2280 sibi
3048 2233 3266 2295 tempus
3296 2223 3522 2279 castita-

274 2316 392 2372 νίαν
423 2317 600 2388 ήσκει.
648 2315 866 2386 Ἐπειδὴ
915 2315 1023 2385 γὰρ
1055 2314 1287 2378 ἕκαστος
1337 2315 1639 2387 ταξάμενος
1684 2315 1849 2389 ὥριζε
1957 2320 2047 2382 tiS,
2088 2325 2183 2371 aut
2205 2316 2558 2372 coutinentiae
2583 2314 3012 2387 praescribebat;
3073 2322 3233 2384 alque
3260 2314 3351 2369 illa
3375 2313 3525 2370 velut

350 2469 365 2498 ¹
399 2466 587 2523 nauh.
620 2485 672 2531 v,
703 2467 794 2524 25.

279 2636 421 2675 coin.
468 2621 533 2687 8,
568 2637 689 2676 cum
741 2617 1137 2677 mandatorum‘
1167 2638 1388 2677 suorum
1433 2623 1616 2692 iugem
1668 2631 1723 2678 et
1755 2642 1844 2678 as-

278 2691 491 2745 siduam
554 2689 953 2746 meditationem
1023 2692 1331 2761 praeciperct
1388 2692 1572 2748 Deus:
1638 2691 1707 2746 Et
1779 2693 1848 2746 h·-

277 2760 464 2828 9αῠίε,
508 2759 723 2828 inquit,
786 2776 848 2814 ea
905 2762 1059 2828 quasi
1117 2763 1321 2830 siquam
1377 2761 1430 2814 in
1495 2778 1654 2815 ηιαιιιι
1714 2771 1845 2826 tua,

274 2840 523 2898 eruntque
560 2840 610 2883 et
644 2831 982 2883 movebuntur
1013 2831 1147 2883 inter
1180 2831 1357 2884 oculos
1391 2840 1539 2895 tuos,
1586 2831 1847 2886 Hebraico

274 2920 424 2992 “1⁹:79
488 2921 574 2999 ἶνα
605 2899 843 2974 mnia-0¹>
878 2922 1002 2973 nm.
1061 2914 1347 2970 Chaldaeus
1396 2898 1607 3002 ΓΒΞΠΒ.
1640 2914 1713 2970 De
1741 2914 1850 2969 To-

278 2995 503 3065 taphoth
552 3002 660 3051 tam
714 2997 782 3050 ab
834 2996 1110 3061 llebraeis,
1153 3012 1314 3066 qnam
1367 3010 1397 3049 a
1448 2998 1649 3052 nostris
1699 2997 1851 3053 varie

276 3065 600 3132 disputatur.
643 3064 778 3118 Lxx
808 3063 916 3134 pro'
943 3082 1005 3120 ea
1060 3082 1189 3121 voce
1213 3105 1228 3127 ,
1266 3065 1536 3119 ἁσάλευτα
1577 3066 1846 3124 reddunt:

275 3135 368 3188 καὶ
409 3133 649 3189 ἔστωσαν
687 3135 957 3188 ἀσάλευτα
994 3135 1098 3216 προ
1131 3135 1421 3204 ὀφθαλμῶν
1477 3152 1591 3197 σου,
1641 3142 1692 3189 et
1741 3137 1851 3190 sint
1879 3175 1921 3232 C

276 3203 585 3259 immobilia.
651 3204 719 3256 At
781 3203 1024 3274 Scaliger
1076 3212 1256 3273 tncpte
1309 3204 1536 3257 credidit
1574 3203 1846 3258 ἀσάλευτα

275 3273 415 3327 idem
446 3288 571 3333 esse
594 3313 607 3335 ,
643 3281 805 3341 atque
861 3272 1130 3327 antuleta:
1184 3289 1342 3339 quam
1379 3289 1595 3335 vocem,
1649 3274 1844 3342 inquit,

273 3342 610 3412 oranimatici
664 3343 892 3396 nondum
928 3345 981 3395 in
1025 3359 1123 3396 sua
1153 3341 1344 3397 Μαῖρα
1383 3343 1692 3398 retulerunt.
1729 3340 1849 3396 1111-

278 3427 374 3478 qne
403 3411 541 3464 idem
570 3420 650 3464 est
681 3412 995 3474 ἀσάλευτον,
1025 3413 1115 3464 καὶ
1186 3413 1529 3483 υλακτήριον.
1568 3411 1672 3467 Sed
1707 3412 1851 3468 unde

279 3479 380 3532 hoc
412 3479 627 3535 tandem
657 3479 860 3534 habet?
886 3480 1017 3534 Nam
1049 3482 1152 3534 ἁσά
1188 3500 1319 3537 ευτα
1347 3498 1453 3537 non
1488 3483 1848 3546 substantive,

278 3564 311 3602 n
387 3565 454 3605 ue
481 3547 547 3602 ad
583 3564 693 3604 rem
721 3561 922 3604 certain
959 3550 1366 3619 significandam
1395 3571 1407 3606 ι
1442 3552 1534 3607 sed
1564 3551 1848 3619 adiective,

276 3563 621 3690 ιιιἽορίστως
653 3630 1005 3692 usurparunt.
1040 3620 1229 3680 Erunt.
1262 3622 1458 3691 inquit,
1488 3623 1704 3675 immota
1732 3629 1852 3675 ante

279 3687 458 3742 oculos
489 3697 625 3743 taos.
662 3687 842 3754 Quare
886 3690 1045 3759 stiget
1080 3691 1194 3745 lia-c
1234 3707 1386 3745 novae
1415 3691 1564 3745 vocis
1595 3691 1854 3744 observa-

280 3758 376 3811 tio.
413 3758 588 3812 Locus
623 3767 706 3812 est
736 3759 925 3813 Matth.
958 3776 1115 3818 xxiii,
1145 3761 1198 3822 5,
1233 3763 1286 3813 in
1318 3773 1427 3827 quo
1453 3764 1518 3810 ad
1545 3757 1852 3823 Totaphoth

278 3834 332 3879 et
392 3828 640 3880 lrontalia
675 3827 923 3883 Christus
974 3837 1277 3893 respectum
1333 3826 1585 3879 habuisse
1621 3827 1850 3879 videtur.

279 3894 412 3948 Nam
464 3896 770 3950 Pharisaeos
831 3895 1202 3964 perstringens
1231 3913 1243 3945 ι
1301 3893 1540 3946 Dilatum
1571 3932 1585 3955 ,
1659 3893 1853 3962 inquit,

281 3963 607 4032 phylacteria
654 3980 752 4016 sua
803 3978 851 4016 ec
899 3960 1241 4030 uiayitificam
1289 3962 1548 4031 sintbrias.
1583 3960 1753 4026 Quem
1788 3964 1855 4017 ad

285 4036 460 4085 locum
494 4031 803 4099 llierouytn.
841 4031 1234 4085 Pharisaeorum
1285 4033 1722 4101 superstitionem
1757 4047 1857 4087 no-

285 4107 363 4154 tat
389 4142 403 4163 ,
444 4101 535 4168 qui
582 4101 725 4170 quod
776 4102 1093 4169 simpliciter
1152 4117 1181 4155 a
1221 4100 1332 4158 Deo
1365 4100 1677 4155 mandatum
1714 4110 1852 4167 erat,

289 4178 347 4223 ut
379 4169 430 4223 in
465 4172 580 4237 lege
610 4170 916 4225 meditanda
951 4171 1399 4241 observandaque
1426 4171 1644 4226 assidue
1673 4187 1858 4228 versa·

285 4248 507 4305 rentur3
543 4243 728 4310 utique
757 4242 847 4293 illa
875 4251 1000 4295 ante
1029 4243 1217 4298 oculos
1249 4248 1509 4312 perpetuo
1539 4241 1697 4311 quasi
1739 4257 1856 4297 mo-

284 4310 583 4364 nimentum
610 4310 881 4379 quoddam
913 4319 1151 4365 exstaret
1180 4351 1194 4374 ,
1229 4312 1301 4365 ita
1326 4313 1662 4380 interpretati
1702 4319 1853 4375 sunt,

285 4382 441 4448 quasi
481 4378 809 4450 descriptam
861 4380 914 4434 in
961 4381 1293 4436 membranis
1338 4382 1507 4451 legem
1534 4420 1549 4443 ,
1582 4390 1635 4436 et
1667 4380 1859 4436 fronti·

288 4448 390 4502 bus
446 4449 717 4515 alligatam
766 4451 967 4520 gestari
1022 4452 1355 4521 praeciperet.
1415 4449 1683 4516 Quocirca
1742 4451 1857 4505 baec

287 4518 471 4587 opinio
516 4517 822 4589 Hieronymi
873 4518 1008 4584 suit,
1046 4521 1254 4575 nullum
1293 4519 1508 4575 Judaeos
1540 4519 1853 4574 mandatum

288 4586 541 4642 habuisse
570 4587 636 4643 de
659 4589 1028 4696 phylacteriis,
1058 4605 1122 4643 ac
1156 4589 1481 4644 frontalibus
1502 4588 1854 4655 membranis3

290 4656 384 4711 sed
411 4671 597 4711 crasse
637 4658 756 4711 i.los
785 4668 840 4712 et
885 4659 1134 4728 imperite
1175 4660 1417 4713 divinum
1473 4658 1736 4711 monitum
1767 4672 1859 4712 ac·

288 4728 519 4796 cepisse.
563 4725 732 4790 Quam
759 4726 831 4780 ob
855 4741 1075 4782 causam
1109 4731 1372 4784 acerrime
1409 4743 1438 4780 a
1463 4725 1743 4794 Scaligero
1771 4743 1861 4782 re·

291 4796 590 4865 prehensus
619 4804 742 4861 est;
783 4797 872 4865 qui
913 4812 978 4850 cx
1016 4797 1149 4865 ipsis
1182 4799 1312 4867 legis
1344 4797 1527 4853 verbis
1560 4805 1765 4865 pugnat
1802 4797 1857 4850 in

293 4864 560 4925 Elenclto,
614 4880 734 4934 cap.
795 4869 862 4928 8,
913 4880 976 4920 ea
1011 4867 1127 4936 ipsa
1180 4867 1508 4936 phylacteria
1579 4866 1858 4936 mseripta

292 4935 482 4988 fuisse.
516 4932 632 4987 Non
681 4933 893 4988 inlicior
925 4936 1065 4990 idem
1119 4946 1174 4989 et
1224 4936 1496 5005 plerisque
1569 4933 1628 4989 P.
1665 4934 1856 4998 videri,

290 5013 344 5057 ct
372 5006 423 5055 iu
456 5004 647 5073 primis
672 5001 889 5057 Justino
912 5045 925 5065 ,
957 5006 1011 5059 in
1043 5003 1265 5074 Dialoyo
1310 5021 1429 5058 cum
1457 5003 1730 5074 Tryphone
1748 5045 1765 5069 ,
1793 5004 1861 5059 tle

291 5074 570 5141 gestandis
599 5072 992 5143 alligandisque
1026 5073 1379 5141 frontalibus3
1422 5076 1734 5128 mandatum
1759 5071 1858 5127 Ju-

294 5142 425 5196 daeis
487 5143 712 5196 editum.
748 5141 852 5196 Sed
892 5159 955 5197 ex
1004 5143 1136 5213 legis
1168 5145 1270 5198 hoc
1314 5144 1493 5199 verbis
1531 5153 1713 5213 aperte
1744 5145 1859 5198 col·

296 5211 386 5281 ligi
424 5227 585 5281 posse
608 5253 622 5276 ,
651 5212 796 5281 quod
833 5220 983 5280 putat
1013 5213 1254 5281 Scaliger
1277 5252 1293 5275 ,
1315 5214 1418 5268 hoc
1443 5227 1570 5268 vero
1603 5216 1857 5283 pernego.

302 5281 362 5332 lit
389 5281 558 5336 multo
587 5282 718 5335 mihi
752 5282 1082 5351 probabilior
1123 5281 1433 5352 Hieronymi
1482 5283 1753 5342 sententia
1782 5283 1862 5334 vi·

297 5349 474 5415 detur,
501 5366 623 5405 cuni
643 5352 1018 5420 antiquissima
1048 5350 1355 5406 ludaeorum
1384 5353 1720 5405 consuetudo
1751 5365 1862 5405 nou

301 5417 476 5488 majus
502 5420 601 5474 hac
640 5421 872 5489 inpane
904 5420 1270 5490 praejudicium
1299 5419 1519 5483 afferat,
1542 5435 1702 5489 quam
1734 5435 1861 5475 sex-

299 5489 443 5541 centi
481 5489 570 5544 alii
603 5490 740 5544 ritus
787 5505 848 5543 ac
879 5489 1228 5562 δευτερώσεις
1282 5490 1658 5561 nugacissimae
1679 5528 1694 5552 ‚
1721 5502 1861 5560 quos

295 5557 409 5628 jani
457 5570 568 5612 tum
605 5559 807 5613 Christi
840 5559 1051 5613 Domini
1105 5569 1347 5630 tempore
1393 5575 1460 5614 cx
1511 5559 1644 5628 legis
1681 5560 1861 5612 verbis

301 5645 408 5682 nun
445 5628 622 5682 minus
656 5629 849 5684 stolide
874 5668 889 5692 ,
945 5644 1105 5698 quam
1152 5630 1497 5699 pertinaciter
1552 5628 1859 5682 eliciebant.

303 5695 378 5751 De
406 5696 632 5752 nisibi-iis
652 5698 806 5751 aliter
843 5699 1199 5754 sentiendum.
1226 5698 1434 5755 Etenim
1461 5695 1622 5752 Num.
1651 5712 1740 5761 xv,
1768 5698 1859 5760 58,

302 5767 576 5835 com-eptis
621 5766 799 5821 verbis
847 5767 1106 5836 1ἱιιὶινιιιιιι-
1157 5768 1396 5833 fimbrias
1446 5783 1536 5832 per
1579 5767 1861 5833 palliorum

868 2470 888 2500 ⁸
921 2466 1078 2523 Forte
1115 2467 1290 2520 τοῦτο.
1350 2468 1371 2500 ⁸
1409 2466 1569 2523 Deest
1593 2468 1741 2539 περί.
1817 2473 1833 2504 ⁵
1869 2471 2057 2528 Matth.
2096 2484 2250 2536 xxm,
2279 2470 2333 2527 5.

1952 2626 2172 2695 anqulos
2212 2625 2401 2679 habere
2426 2665 2440 2688 ,
2491 2624 2791 2693 iisdemque
2830 2624 2985 2677 vittas
3018 2621 3391 2689 lipacintltinas
3426 2621 3527 2680 ad-

1947 2695 2193 2765 jungere.
2223 2693 2493 2749 Fimbriae
2510 2692 2774 2749 Hebraiee
2797 2691 2975 2748 Moses
2999 2697 3199 2756 wilm
3226 2688 3367 2745 Lxx
3391 2690 3527 2762 κράμ-

1958 2786 2145 2840 σπεδα.
2176 2784 2352 2840 Vittas
2381 2796 2558 2841 autem
2592 2785 2681 2840 ille
2709 2769 2884 2850 ὅπως
2915 2785 3003 2839 isti
3034 2782 3263 2853 κλῶσμα
3303 2787 3524 2837 vocant.

1958 2855 2032 2910 De
2056 2856 2253 2925 quibus
2283 2870 2391 2910 non
2418 2855 2594 2911 solum
2626 2853 2835 2909 llebraei
2860 2894 2874 2918 ,
2901 2854 2995 2910 sed
3021 2861 3072 2909 et
3107 2860 3385 2909 nostrates
3416 2851 3527 2907 cri·

1956 2927 2047 2980 tici
2080 2927 2298 2996 copiose
2325 2924 2623 2981 disserunt.

2027 2994 2136 3063 (97)
2180 2994 2456 3050 Τουτέστι
2485 2994 2714 3047 πλατέα
2742 2991 2980 3062 σήματα
3010 2992 3338 3060 πορφύρας.
3390 2989 3528 3046 Eira

1957 3065 2205 3120 vocabuli
2260 3064 2423 3132 hujus
2482 3063 2591 3116 τῶν
2654 3063 3035 3134 φυλακτηρίων
3112 3061 3524 3131 ἰιιιυτρνειιιιίος

1957 3134 2141 3189 clavos
2192 3148 2315 3189 esse
2358 3147 2659 3203 purpureos
2695 3134 2863 3197 latos;
2913 3132 3007 3201 qui
3050 3130 3279 3185 colobiis
3315 3138 3370 3185 et
3400 3144 3431 3183 e
3508 3157 3528 3170 -

1957 3203 2194 3261 nudibus
2225 3206 2590 3262 insuerentur,
2618 3201 2684 3255 ad
2716 3200 2965 3255 eumdem
2999 3201 3217 3254 modum
3243 3239 3259 3262 ,
3287 3214 3397 3269 quo
3465 3212 3530 3254 o·

1952 3274 2097 3326 mani
2124 3281 2408 3327 senatores
2457 3271 2540 3326 sui
2581 3271 2791 3326 ordinis
2839 3271 3051 3339 insigne
3080 3269 3383 3339 gestabant.
3414 3267 3529 3323 Hoc

1952 3355 2101 3401 vero,
2134 3342 2379 3410 inquam,
2410 3339 2789 3394 admirandum
2820 3338 3003 3408 potius
3026 3379 3042 3404 ,
3083 3352 3250 3409 quam
3292 3349 3384 3393 aut
3408 3338 3530 3393 sine

1954 3411 2060 3465 alio
2085 3410 2283 3466 idoneo
2309 3419 2531 3466 auctore
2555 3409 2722 3465 nimis
2744 3407 3200 3476 amplectendum,
3229 3417 3321 3462 aut
3344 3408 3530 3464 acrius

1956 3479 2498 3560 reprehendendum;
2532 3479 2676 3549 quod
2727 3479 2780 3532 in
2815 3477 3044 3532 &cenobio
3077 3477 3319 3546 Scaliger
3364 3476 3529 3534 insti·

1955 3557 2078 3602 tuit.
2129 3550 2197 3602 At
2239 3550 2292 3602 ui
2340 3558 2523 3603 utrum
2573 3548 2893 3603 dalmaticas
2926 3547 3060 3602 istas
3110 3552 3165 3602 et
3212 3547 3529 3603 colobionaa

1954 3619 2199 3676 clavatus
2268 3618 2484 3674 harisaei
2515 3617 2643 3672 olim
2674 3617 2965 3688 gesserint,
2995 3630 3167 3686 eaque
3192 3616 3529 3688 phylacteria

1955 3689 2198 3758 plerique
2228 3688 2647 3749 nominaverint,
2675 3701 2866 3749 necne,
2896 3686 3115 3741 aliunde
3139 3695 3393 3742 constare
3417 3699 3531 3741 non

1957 3764 2175 3825 potest,
2211 3766 2266 3811 et
2298 3774 2363 3813 ex
2394 3755 2689 3812 reconditis
2715 3753 3024 3810 ludaeorum
3058 3755 3214 3809 libris
3241 3769 3307 3809 ac
3332 3754 3530 3812 ritibus

1958 3826 2125 3877 inulta
2158 3827 2488 3896 Epiphanius
2516 3829 2692 3895 potuit
2720 3825 3025 3887 addiscet-e,
3060 3839 3181 3895 quae
3203 3823 3307 3880 hoc
3329 3824 3530 3879 saeculo

1956 3902 2010 3947 et
2050 3893 2325 3950 hodiernis
2347 3893 2550 3949 Judaeis
2586 3894 2769 3963 ignota
2797 3905 2945 3950 sunt.
2966 3893 3097 3949 Esto
3116 3893 3315 3962 igitur;
3343 3893 3529 3964 elavos

1954 3963 2117 4017 ctiam
2145 3963 2452 4020 istiusmodi
2487 3961 2831 4034 φυλακτήρια
2871 3963 3340 4034 nuncupaverint,
3366 3961 3529 4044 vulgo

1958 4043 2140 4088 tamen
2167 4033 2511 4106 φυλακτήρια
2537 4033 2648 4096 illa,
2717 4048 2910 4088 uorum
2934 4033 3226 4089 Matthaeus
3257 4035 3526 4096 meminit.

1957 4118 2081 4157 cunt
2114 4103 2445 4175 Hieronymo
2478 4102 2698 4174 pittacio
2722 4118 2753 4157 a
2790 4109 2844 4159 et
2868 4103 3283 4159 membranacea
3321 4100 3531 4159 fronta-

1958 4174 2032 4227 lia
2069 4174 2265 4229 eruditi
2297 4172 2545 4229 homines
2575 4173 3023 4243 interpretantur.

2030 4242 2143 4313 (98)
2182 4245 2489 4309 Ἶόΐσκους
2521 4242 2630 4312 γάρ
2654 4259 2819 4309 τινας
2846 4242 2944 4297 ἐπὶ
2978 4241 3050 4296 τὰ
3067 4240 3352 4312 τέσσαρα.
3374 4239 3529 4297 Ridi-

1960 4314 2080 4368 cule
2126 4314 2365 4384 Scaliger
2420 4322 2479 4366 ut
2518 4313 2875 4383 Epiphanium
2929 4313 3133 4368 erroris
3189 4320 3417 4380 arguat}
3466 4308 3529 4367 Si

1959 4383 2104 4435 ιιιαία
2135 4385 2327 4451 punica
2352 4422 2367 4445 ,
2396 4383 2571 4451 inquit
2595 4422 2610 4446 ‚
2660 4398 2762 4436 non
2807 4383 2971 4450 iqitttr
3015 4380 3315 4454 κράσπεδα.
3356 4380 3526 4449 Quasi

1964 4467 2072 4505 uon
2128 4452 2291 4505 etiam
2351 4451 2559 4522 ροῒσκοι
2618 4453 2729 4516 τοῖς
2784 4450 3110 4531 κρασπέδοις
3164 4450 3373 4521 alligari
3432 4464 3532 4521 po·

1887 4506 1932 4559 D
1962 4521 2195 4579 tuerint:
2234 4529 2290 4573 nt
2329 4528 2381 4574 et
2411 4520 2597 4588 spinas
2620 4518 2937 4575 adhibuisse
2957 4560 2972 4585 ,
3012 4536 3121 4591 quo
3150 4534 3401 4575 cruorem
3430 4519 3522 4579 elit

1960 4597 2166 4655 cerem,
2188 4594 2425 4642 testatur
2451 4588 2830 4661 Hieronymus.
2861 4588 2971 4644 Nec
3001 4591 3204 4655 obstat,
3234 4587 3381 4660 quod
3411 4588 3514 4662 po'l‘

1964 4675 2126 4722 σκους
2156 4673 2402 4714 summus
2432 4657 2689 4714 sacerdos
2734 4661 2793 4712 ὲν
2850 4659 3206 4732 ἀρχιερατικῇ
3245 4658 3405 4728 στολῇ
3433 4672 3531 4729 ge-

1961 4729 2203 4784 staverit.
2245 4726 2380 4781 Natu
2412 4728 2658 4785 diversos
2686 4728 2755 4782 ab
2793 4728 2900 4781 illis
2938 4743 3062 4782 cum
3103 4742 3329 4782 numero
3354 4766 3370 4793 ,
3413 4733 3529 4783 tutu

1961 4799 2184 4852 materia
2209 4838 2224 4862 ,
2256 4797 2485 4869 aliisque
2517 4797 2567 4852 id
2605 4813 2775 4870 genus
2804 4796 3060 4853 Pharisaei
3084 4836 3099 4861 ‚
3132 4811 3255 4852 cum
3283 4797 3339 4851 in
3375 4803 3531 4852 casto

1960 4875 2165 4933 essent,
2192 4883 2457 4938 usurpare
2495 4875 2761 4937 poterant.
2804 4866 2894 4924 Sic
2926 4867 3366 4936 paludamentum
3404 4880 3530 4922 cum

1962 4934 2331 4993 Romanorum
2364 4938 2529 5008 impp.
2565 4937 2844 5008 proprium
2877 4936 3058 5003 suerit,
3084 4937 3247 4994 etiam
3270 4935 3533 4992 militibus

1962 5007 2299 5064 attribuitur.
2340 5008 2516 5079 Atque
2564 5018 2623 5063 ut
2654 5023 2685 5062 a
2708 5005 2911 5063 Judaets
2942 5023 3050 5062 non
3079 5006 3330 5063 recedam
3353 5044 3373 5073 ,
3407 5007 3534 5076 quis

1963 5079 2136 5133 nescit
2165 5079 2306 5133 inter
2344 5077 2540 5133 summi
2590 5077 2889 5133 sacerdotis
2919 5082 3098 5133 vestes
3147 5073 3324 5146 ephod
3348 5113 3387 5139 ‚.
3419 5075 3535 5131 stre

1962 5146 2059 5216 τὴν
2090 5149 2209 5201 ὲπω
2257 5145 2338 5200 ίδα
2359 5188 2373 5213 ,
2409 5161 2474 5202 ac
2521 5146 2965 5218 superhumerale
3011 5143 3222 5201 fuisse?
3252 5143 3317 5198 Et
3349 5151 3532 5201 tamen

1962 5230 2070 5270 non
2101 5231 2191 5271 mo
2232 5232 2263 5270 o
2292 5215 2602 5273 sacerdotes
2644 5231 2708 5274 ac
2755 5215 2932 5271 levitae
2977 5215 3159 5271 caeteri
3180 5231 3209 5282 3„
3237 5213 3333 5271 sed
3363 5213 3531 5272 etiam

1964 5284 2084 5340 laici
2128 5286 2301 5358 ephod
2348 5286 2645 5345 induebant
2666 5327 2682 5350 ,
2726 5285 2802 5340 uti
2834 5283 3001 5345 David
3036 5285 3131 5341 lib.
3164 5284 3208 5340 ll
3237 5282 3371 5357 fleg.
3406 5297 3530 5354 cap.

1962 5371 2036 5417 vi,
2072 5358 2156 5414 Η.
2192 5355 2295 5411 Sed
2321 5355 2421 5409 heic
2452 5355 2702 5410 videlicet
2732 5355 2931 5408 lineum
2960 5362 3107 5410 erat:
3137 5355 3369 5410 alterum
3399 5351 3530 5409 illud

2000 5427 2277 5481 ontillcum
2309 5426 2587 5495 proprium
2624 5435 2863 5495 quatuor
2897 5438 2961 5479 ex
2992 5424 3268 5482 coloribus
3304 5429 3529 5479 consta-

1964 5440 2078 5556 [ζει.
2101 5495 2413 5566 hyacintho,
2451 5494 2483 5549 b
2505 5507 2635 5555 ’sso,
2664 5507 2849 5561 cocco,
2881 5508 3155 5576 purpura;
3186 5493 3281 5551 sed
3310 5500 3367 5548 et
3393 5505 3530 5548 auro

1962 5572 2273 5620 contextum
2299 5571 2435 5617 erat.
2516 5563 2603 5617 ide
2646 5561 2866 5618 Hieron.
2900 5560 3076 5634 Epist.
3114 5566 3182 5620 ad
3220 5561 3526 5619 Fabiolam.

1963 5631 2135 5688 Nimis
2164 5632 2327 5703 igitur
2357 5633 2563 5689 insulse
2590 5631 2852 5692 adversus
2888 5631 3249 5708 Epiphanitlm
3282 5641 3528 5691 nootrun

1964 5708 2375 5774 argumentatur
2403 5701 2663 5775 Scaliger.
