3850 6517
294 460 401 520 5¹13

923 454 1292 514 ADVERSUS
1328 454 1668 513 uAERESES
1706 455 1832 512 ΗΒ.
1876 454 1919 509 l.
1960 447 2122 512 Tull.
2165 452 2594 512 n.-nAERES.
2635 450 2848 508 xxvn.

3443 457 3552 518 374

275 574 594 646 περιόντων
621 571 800 627 αὐτῶν
828 571 934 626 ὑπὸ
970 572 1177 644 Πέτρου
1210 572 1596 644 λαμδάνειτὴν
1625 572 1867 644 χειροθε-
1894 572 1943 630 Α
1970 570 2149 627 adhuc
2201 573 2590 644 superstitibus
2644 568 2917 643 impositis
2957 569 3213 626 manibus
3256 571 3548 644 episcopus

296 666 416 720 σίαν
435 665 535 739 τῆς
562 664 886 734 ἐπισκοπῆς,
936 663 1030 717 καὶ
1068 665 1545 737 παραιτησάμενος
1565 667 1725 738 ἠργει
1758 664 1869 736 (λέ-

292 770 378 822 γει
401 751 510 823 γάρ
549 752 610 805 ἐν
661 752 760 823 μιᾷ
799 751 909 805 τῶν
945 752 1272 807 Ἐπιστολῶν
1302 754 1498 808 αὐτοῦ·
1545 753 1866 826 Ἁναχωρῶ,

290 842 518 911 ἄπειμι,
567 840 913 908 ὲνσταθήτω
957 844 991 897 ὀ
1042 842 1194 910 λαὸς
1224 843 1330 900 τοῦ
1357 844 1507 900 Θεοῦ
1528 861 1542 876 ·
1567 845 1682 900 τισὶ
1711 844 1870 899 τοῦτο

297 930 704 1003 συμὸουλεύων,
729 930 961 1004 ε’ύρομεν
992 931 1102 1004 γάρ
1120 931 1178 987 ἔν
1195 949 1337 988 τισιν
1359 934 1872 1008 ὑπομνηματισμοῖς

294 1024 454 1078 τοῦτο
497 1022 830 1094 ἐγκείμενον)
861 1063 876 1087 ,
919 1023 1039 1094 ἦτοι
1096 1023 1234 1094 μετὰ
1274 1025 1374 1097 τὴν
1406 1027 1514 1081 τῶν
1557 1027 1872 1083 ἀποστόλων

294 1114 541 1184 διαδοχὴν
574 1112 681 1166 ὑπὸ
713 1113 927 1185 Κλήτου
954 1112 1049 1166 τοῦ
1082 1115 1383 1169 ἐπισκόπου
1413 1111 1567 1180 οὗτος
1606 1117 1872 1172 καθίστα-

292 1221 405 1268 ται,
455 1204 514 1256 ού
564 1202 701 1257 πάνυ
757 1202 947 1273 σαφῶς
981 1203 1158 1274 ἴσμεν.
1196 1205 1341 1278 Πλὴν
1380 1205 1516 1261 ἀλλά
1562 1208 1656 1262 καὶ
1699 1208 1871 1273 οὕτως

296 1293 523 1360 ἠδύνατο
554 1290 635 1345 ἔτι
666 1291 969 1362 περιόντων
1007 1290 1120 1345 τῶν
1148 1293 1481 1361 ἀποστόλων,
1514 1296 1655 1370 φημὶ
1681 1297 1738 1352 δὲ
1761 1298 1871 1353 τῶν

295 1381 425 1453 περὶ
469 1381 675 1453 Πέτρον
717 1380 812 1437 καὶ
853 1380 1085 1446 Παῦλον,
1131 1383 1462 1449 ἐπισκόπους
1495 1386 1687 1452 ἀλλους
1733 1388 1870 1442 καθ-

296 1471 574 1536 ίστασθαι,
602 1471 690 1526 διὰ
733 1473 795 1526 τὸ
823 1473 950 1537 τοὺς
975 1473 1306 1540 ἀποστόλους
1344 1476 1604 1541 πολλάκις
1645 1479 1739 1533 ἐπὶ
1773 1479 1872 1545 τάς

293 1563 460 1626 άλλας
493 1562 760 1636 πατρίδας
790 1564 888 1635 τὴν
944 1564 1171 1637 πορείαν
1216 1566 1527 1622 στέλλεσθαι
1555 1567 1643 1623 διά
1685 1570 1746 1623 τὸ
1772 1569 1874 1644 κή-

297 1670 485 1729 ρυγμα
496 1651 590 1707 τοῦ
610 1651 869 1726 Χριστοῦ,
895 1651 969 1726 μὴ
987 1651 1243 1708 δύνασθαι
1266 1653 1437 1728 δὲτὴν
1465 1656 1576 1711 τῶν
1588 1658 1873 1730 Ῥωμαίων

294 1745 450 1801 πόλιν
478 1746 608 1800 ἀνευ
641 1744 944 1800 ἐπισκόπου
979 1740 1139 1800 εἶναι.
1173 1746 1232 1800 Ὀ
1264 1746 1365 1818 μὲν
1395 1746 1502 1820 γάρ
1525 1748 1737 1813 Παῦλος
1778 1751 1873 1805 καὶ

291 1837 385 1890 ἐπὶ
430 1836 530 1908 τὴν
589 1832 862 1891 Ἱσπανίαν
894 1834 1006 1906 (88)
1033 1835 1370 1906 ἀφικνεῖται·
1399 1837 1604 1910 Πέτρος
1644 1837 1701 1892 δὲ
1746 1839 1872 1894 πολ-

1970 677 2002 717 a
2035 660 2195 719 Petro
2223 670 2597 725 consecratus.
2630 677 2802 732 eaque
2844 659 3144 717 detrectata
3174 661 3455 731 provincia
3478 662 3547 718 ab

1970 751 2120 808 omni
2161 752 2635 808 administratione
2679 751 2954 806 vacaverit
2981 750 3079 822 (ita
3114 751 3263 808 enim
3323 749 3381 807 in
3409 766 3547 823 qua-

1971 842 2100 899 dam
2138 844 2383 914 Epistola
2420 842 2681 913 scripsit:
2717 839 2941 907 Recedo,
2965 858 3113 912 exeo,
3138 844 3293 900 instet
3322 843 3546 915 populus

1973 933 2091 1002 Dei,
2122 933 2401 991 nonnullis
2428 932 2682 989 videlicet
2724 932 2830 988 boc
2860 931 3024 988 modo
3056 935 3386 1004 consulens,
3414 950 3543 990 nam

1972 1026 2028 1082 in
2047 1023 2376 1098 quibusdam
2394 1021 2803 1080 commentariis
2816 1022 2889 1076 ita
2903 1021 3170 1093 scriptum
3195 1022 3544 1093 reperimus),

1974 1131 2043 1171 an
2076 1116 2257 1187 potius
2288 1113 2588 1172 secundum
2618 1112 2893 1184 apostolos
2921 1110 2990 1167 ab
3012 1111 3270 1182 episcopo
3293 1109 3447 1168 Cleto
3473 1111 3546 1169 sit

1972 1207 2334 1272 constitutus,
2366 1203 2576 1274 liquido
2597 1218 2708 1260 non
2726 1209 2961 1259 constat.
2990 1200 3314 1273 Quanquam
3341 1202 3545 1256 veihan

1973 1297 2191 1369 quidem
2211 1299 2422 1354 ratione
2443 1301 2696 1368 poterant
2716 1291 3026 1351 virentibus
3058 1291 3238 1348 adhuc
3258 1291 3541 1362 apostolis,

1973 1387 2134 1445 Petro
2158 1389 2369 1446 scilicet
2399 1403 2463 1444 ac
2482 1385 2653 1443 Paulo
2674 1384 2917 1457 episcopi
2934 1383 3025 1440 alii
3055 1382 3371 1455 subrogatu
3398 1382 3544 1453 quod

1971 1479 2135 1536 iidem
2164 1479 2243 1535 illi
2272 1476 2598 1551 praedicandi
2618 1475 2893 1548 Evangelii
2928 1475 3099 1548 gratia
3127 1474 3185 1529 in
3210 1474 3347 1530 alias
3381 1473 3548 1531 urbes

1973 1570 2331 1641 regionesque
2358 1566 2754 1640 prosectionem
2776 1564 3339 1635 susciperent,earere
3361 1569 3540 1617 autem

1971 1659 2231 1731 episcopo
2263 1658 2436 1714 Roma
2489 1672 2602 1712 non
2639 1660 2831 1727 posset
2859 1672 2873 1708 ε
2901 1652 3171 1724 siquidem
3234 1648 3438 1706 Paulus
3485 1649 3556 1703 in-

1975 1748 2295 1820 }lispaniam
2356 1747 2636 1820 pervenit;
2681 1744 2877 1802 Petrus
2920 1758 3049 1800 vero
3084 1742 3318 1797 Pontum
3350 1755 3416 1797 ae
3447 1739 3541 1795 Bi·-

1976 1838 2216 1910 thyniam
2240 1849 2613 1908 saepenumero
2653 1833 2985 1905 peragravit.
3025 1831 3105 1886 Ac
3134 1829 3249 1885 fleri
3283 1841 3415 1885 sane
3441 1841 3553 1898 po·-

292 1926 449 1991 λάκις
474 1924 676 1982 Πόντον
704 1941 762 1978 τε
787 1924 880 1979 καὶ
906 1923 1161 1980 Βιθυνίαν
1189 1925 1550 1998 ἐπεσκέψατο.
1588 1927 1871 2000 Ἐνεχώρει
1903 1903 1947 1959 Β
1977 1930 2101 1993 tuit,
2127 1935 2187 1983 ut
2213 1927 2449 1998 primum
2477 1924 2758 1981 Clemente
2810 1919 3131 1985 constituto,
3154 1933 3277 1974 cum
3312 1918 3361 1973 is
3382 1916 3540 1973 ‹lesu-

291 2018 349 2073 δὲ
378 2016 518 2091 μετὰ
553 2017 616 2072 τὸ
663 2015 1069 2089 κατασταθῆναι
1098 2018 1416 2090 Κλήμεντά,
1459 2021 1552 2074 καὶ
1599 2021 1870 2092 παραιτή·

295 2109 492 2164 σασθαι
533 2109 670 2180 (είγε
716 2106 888 2172 οὕτως
935 2109 1186 2182 ἐπράχθη
1211 2125 1226 2140 ·
1254 2109 1572 2182 διανοοῦμαι
1610 2109 1740 2183 γάρ,
1771 2112 1870 2182 οὐχ

291 2198 604 2272 ὁρίζομαι),
637 2197 861 2272 ὕστερον
888 2199 1026 2271 μετὰ
1053 2201 1115 2255 τὸ
1130 2201 1573 2274 τετελευτηκέναι
1597 2203 1756 2257 Αἶνον
1777 2203 1870 2257 καὶ

295 2288 507 2361 Κλῆτον
554 2287 1055 2353 ὲπισκοπεύσαντας
1118 2289 1256 2362 πρὸς
1307 2289 1534 2346 δεκαδύο
1590 2290 1685 2364 ἐτη
1735 2289 1867 2363 (89),

295 2380 522 2437 ῐκαστον
550 2381 689 2454 μετὰ
717 2383 817 2453 τὴν
840 2379 936 2436 τοῦ
978 2380 1136 2451 άγίου
1171 2382 1379 2456 Πέτρου
1413 2383 1508 2439 καὶ
1535 2383 1749 2440 Παύλου
1776 2401 1868 2439 τε·

298 2470 514 2542 λευτην,
541 2470 640 2542 τὴν
667 2473 757 2525 ἐπὶ
780 2471 859 2543 τῷ
872 2471 1161 2543 δωδεκάτῳ
1178 2472 1288 2528 ἔτει
1317 2473 1426 2546 (90)
1446 2475 1698 2547 Νέρωνος
1723 2491 1871 2544 γενο-

305 2560 494 2631 μένην,
550 2560 737 2615 τοῦτον
793 2558 948 2628 αὖθις
1005 2564 1411 2635 ἀναγκασθῆναι
1438 2565 1540 2637 την
1568 2567 1871 2639 ἐπισκοπὴν

305 2652 811 2723 κατασχεῖν.”ομως
842 2654 877 2724 ἡ
906 2651 1019 2707 τῶν
1046 2652 1104 2705 ὲν
1130 2651 1314 2724 Ῥώμη
1332 2654 1639 2709 ἐπισκόπων
1657 2657 1873 2728 διαδοχὴ

301 2740 507 2812 ταύτην
559 2741 673 2812 ἔχει
721 2742 821 2815 τὴν
876 2741 1197 2798 ἀκολουθίαν
1221 2758 1234 2772 ·
1281 2743 1483 2817 Πέτρος
1519 2746 1614 2799 καὶ
1642 2745 1873 2813 Παῦλος,

298 2834 456 2895 Λῖνος
481 2834 578 2888 καὶ
605 2832 840 2905 Κλῆτος,
865 2832 1119 2906 Κλήμης,
1143 2834 1471 2906 Εὐάρεστος,
1510 2835 1873 2908 Ἀλέξανδρος,

299 2917 521 2988 Ξύστος,
553 2921 906 2993 Τελέσφορος,
935 2922 1266 2995 Εὐάρεστος,
1301 2924 1530 2995 ’Υγῖνος,
1553 2926 1703 2995 mog,
1737 2926 1878 2981 ’Avi-

303 3015 488 3080 κητος,
519 3012 548 3066 ὁ
570 3011 685 3066 ἀνω
717 3015 777 3066 ὲν
806 3012 886 3086 τῷ
913 3013 1196 3087 καταλόγῳ
1232 3014 1720 3088 προδεδηλωμένος.

373 3100 485 3156 Καὶ
517 3103 594 3174 μή
638 3119 724 3167 τις
768 3102 1044 3176 θαυμάσῃ,
1080 3105 1162 3159 ὅτι
1192 3104 1399 3161 ἕκαστα
1427 3105 1600 3174 οὕτως
1630 3108 1874 3181 ἀκριδῶς

1970 2028 2119 2091 geret
2147 2019 2217 2090 (si
2243 2020 2316 2073 ita
2332 2025 2514 2072 tamen
2546 2014 2800 2086 contigit,
2836 2011 2981 2084 quod
3012 2026 3115 2083 ego
3144 2006 3419 2081 opinando
3439 2021 3541 2079 po-

1969 2113 2079 2169 tius
2112 2126 2275 2183 quam
2328 2106 2694 2166 asseverando
2724 2102 3005 2176 dixerim),
3037 2109 3227 2174 postea
3256 2099 3395 2156 Lino
3417 2099 3543 2157 Cle-

1970 2212 2134 2273 toque
2183 2197 2440 2263 mortuis,
2469 2197 2561 2269 qui
2594 2211 2672 2253 ιιι
2701 2208 2970 2250 annorum
3015 2193 3194 2265 spatio
3228 2190 3540 2265 singulatim

1970 2292 2345 2364 episcopatum
2396 2289 2776 2355 obtinuerunt,
2814 2293 2937 2357 post
2968 2284 3342 2356 apostolorum
3397 2279 3541 2338 Petri

1971 2380 2235 2451 Paulique
2260 2393 2471 2444 necem,
2498 2392 2621 2449 quae
2654 2376 2709 2431 in
2752 2390 2957 2431 annum
2987 2373 3318 2430 Neronis-xit
3353 2371 3543 2427 incur-

1969 2473 2063 2538 rit,
2091 2480 2206 2527 tuin
2234 2469 2452 2526 demum
2476 2467 2851 2540 pontificatum
2880 2479 3167 2536 capessere
3193 2463 3272 2520 sit
3295 2467 3537 2521 coactus.

1972 2554 2079 2619 Sed
2105 2569 2389 2631 utcunque
2407 2574 2530 2615 sese
2564 2572 2652 2615 res
2694 2556 2966 2623 habuerit,
3004 2555 3374 2612 Romanorum
3408 2566 3542 2623 pon-

1970 2650 2180 2708 tisscum
2206 2651 2311 2706 ista
2335 2649 2613 2706 successio
2634 2656 2720 2705 est
2747 2665 2760 2703 ι
2788 2646 2985 2704 Petrus
3015 2655 3070 2703 et
3108 2644 3335 2709 Paulus,
3370 2643 3541 2701 Linus

1975 2758 2041 2801 ac
2064 2741 2271 2809 Cletus,
2300 2742 2577 2809 Clemens,
2608 2739 2915 2805 Evaristus,
2956 2737 3284 2804 Alexander,
3310 2735 3539 2809 Xystus,

1976 2833 2362 2906 Telesphorus,
2418 2833 2721 2899 Evaristus,
2770 2831 3036 2904 Hyginus,
3071 2829 3224 2898 Pius,
3254 2829 3539 2892 Anicetus.

1975 2928 2069 3003 qui
2094 2935 2177 2985 est
2200 2943 2231 2983 a
2252 2943 2338 2984 me
2373 2927 2536 2998 paulo
2566 2934 2693 2982 ante
2727 2924 2781 2979 in
2815 2925 3198 2995 episcoporum
3225 2921 3416 2979 ordine
3446 2937 3544 2978 nu·

1973 3027 2237 3076 meratus.

2043 3109 2122 3166 Ae
2168 3109 2373 3166 nemini
2422 3122 2556 3165 sane
2604 3105 2802 3164 mirum
2857 3105 3131 3171 videatur,
3174 3118 3275 3161 cur
3326 3101 3543 3176 singula

300 3189 604 3264 διήλθομεν.
630 3192 731 3248 Διά
772 3193 885 3266 ,γὰρ
908 3195 1114 3250 τούτων
1146 3196 1235 3251 ἀεὶ
1273 3197 1336 3251 τὸ
1380 3198 1547 3268 σαφὲς
1576 3199 1872 3258 δείκνυται.
1901 3233 1947 3294 C
1978 3210 2128 3258 tanta
2161 3216 2289 3257 eum
2319 3198 2597 3272 diligentia
2647 3196 3039 3269 percurrerim.
3104 3194 3213 3252 Per
3249 3194 3365 3250 haee
3396 3191 3545 3249 enim

314 3280 404 3334 Ἐν
451 3280 661 3353 χρόνοις
709 3283 906 3348 τοίνυν,
948 3282 1026 3347 ὡς
1085 3282 1293 3356 ἔφημεν
1333 3285 1467 3358 (91),
1514 3288 1815 3361 ’Δνικήτου,
1841 3292 1876 3361 ἡ

304 3370 753 3444 προδεδηλωμένη
781 3375 1130 3446 Μαρκελλίνα
1151 3376 1211 3430 ὲν
1252 3376 1442 3450 Ῥώμῃ
1462 3381 1748 3454 γενομένη,
1775 3382 1878 3454 τὴν

306 3463 484 3539 λύμην
498 3464 594 3536 τῆς
610 3467 912 3538 Καρποκρᾶ
934 3467 1282 3532 διδασκαλίας
1301 3465 1626 3539 ὲξεμέσασα,
1651 3470 1878 3536 πολλοὺς

303 3553 414 3611 τῶν
438 3556 615 3611 ἐκεῖσε
643 3556 1002 3630 λυμηναμένη
1030 3559 1293 3629 ἠφάνισε·
1343 3559 1438 3613 καὶ
1468 3560 1619 3617 ἔνθεν
1651 3562 1878 3630 γέγονεν

303 3648 343 3721 ἡ
370 3647 514 3720 ἀρχὴ
540 3647 862 3703 Γνωστικῶν
892 3647 1001 3703 τῶν
1032 3648 1401 3720 καλουμένων.
1430 3650 1653 3721 Ἔχουσι
1695 3651 1751 3705 δὲ
1799 3655 1877 3707 εί-

303 3737 467 3801 κόνας
489 3737 870 3809 ὲνζωγράφους
885 3739 975 3793 διά
994 3740 1320 3810 χρωμάτων,
1339 3739 1486 3801 τινὲς
1512 3740 1569 3792 δὲ
1587 3742 1651 3793 ὲκ
1678 3741 1879 3812 χρυσοῦ

306 3831 401 3886 καὶ
460 3830 724 3901 ἀργύρου,
770 3832 866 3883 καὶ
894 3830 1098 3896 λοιπῆς·
1122 3829 1276 3895 ὕλης,
1321 3828 1478 3880 ἅτινα
1514 3829 1884 3898 ὲκτυπώματά

308 3940 475 3992 φασιν
499 3917 638 3973 εἶναι
669 3919 762 3971 τοῦ
805 3917 982 3986 Ἰησοῦ
1003 3931 1017 3946 ·
1058 3916 1154 3968 καὶ
1181 3914 1352 3968 ταῦτα
1392 3915 1497 3968 ὑπὸ
1534 3918 1755 3972 Ποντίου
1788 3920 1886 3974 Πι-

308 4015 473 4067 λάτου
495 4007 821 4078 γεγενῆσθαι
848 4005 917 4058 τὰ
955 4002 1322 4076 ὲκτυπώματα
1354 4005 1446 4059 τοῦ
1481 4009 1643 4063 αὑτοῦ
1687 4011 1880 4083 Ἰησοῦ,

313 4103 404 4153 ὅτε
447 4097 697 4168 ὲνεδήμει
727 4094 806 4167 τῷ
843 4095 951 4150 τῶν
988 4094 1292 4168 ἀνθρώπων
1322 4099 1487 4168 γένει.
1539 4101 1792 4177 Κρύόδην
1824 4106 1884 4162 δὲ

316 4190 414 4252 τάς
439 4187 693 4252 τοιαύτας
724 4187 936 4258 ἔχουσιν
965 4188 1177 4254 εἰκόνας
1203 4205 1216 4220 ·
1250 4191 1343 4244 καὶ
1362 4190 1668 4262 φιλοσόφων
1697 4197 1880 4264 τινῶν,

317 4279 667 4351 Πυθαγόρου,
702 4279 795 4333 καὶ
845 4279 1148 4348 Πλάτωνος,
1186 4281 1281 4336 καὶ
1325 4283 1746 4356 Ἀριστοτέλους,
1787 4291 1883 4345 καὶ

315 4369 515 4426 λοιπῶν
535 4387 550 4403 ·
579 4369 701 4442 μεθ’
731 4363 805 4424 ὧν
837 4369 1150 4453 ’φιλοσόφων
1195 4373 1289 4426 καὶ
1321 4373 1484 4447 ἕτερα
1513 4376 1881 4450 ὲκτυπώματα

385 4487 498 4558 (88)
541 4485 595 4540 ’0
619 4485 738 4556 μὲν
763 4484 876 4556 γὰρ
899 4486 1140 4554 Παῦλος
1160 4488 1258 4542 καί
1279 4487 1378 4542 ἐπὶ
1402 4489 1517 4556 τὴν
1551 4491 1877 4548 Ἱσπανίαν.

1977 3299 2239 3368 perpetuo
2299 3299 2450 3348 certa
2518 3296 2885 3358 accurateque
2958 3287 3170 3344 veritas
3216 3284 3543 3342 ostenditur.

1978 3383 2344 3452 Quamobrem
2383 3379 2599 3437 Aniceti
2658 3386 2717 3437 ut
2759 3377 2969 3434 dictum
2999 3385 3083 3434 est
3109 3384 3371 3446 tempore,
3405 3374 3545 3431 hiar-

1978 3475 2172 3531 cellina
2198 3472 2361 3544 1oe
2386 3472 2479 3527 illa
2510 3469 2738 3526 Romam
2767 3467 3013 3537 veniens,
3030 3474 3085 3525 et
3106 3466 3549 3538 Carpocratianae

1978 3567 2241 3622 doctriuae
2296 3564 2450 3620 virus
2506 3574 2789 3622 evomens.
2819 3559 3021 3616 multos
3061 3556 3173 3614 illic
3222 3570 3408 3613 errore
3445 3571 3550 3612 suo

1978 3658 2303 3728 depravatos
2323 3655 2378 3711 in
2412 3653 2639 3712 exitium
2666 3649 2919 3723 impulit;
2951 3648 3298 3720 indidemque
3328 3645 3551 3704 Gnosti-

1980 3761 2170 3801 corum
2197 3755 2324 3801 suut
2348 3745 2583 3800 excitata
2627 3738 2945 3813 primordia.
2973 3737 3184 3795 Habent
3224 3751 3391 3810 porro
3412 3736 3549 3794 Cer·-

1984 3834 2289 3905 pocratiani
2333 3832 2579 3903 depictas
2634 3827 2910 3887 coloribus
2967 3826 3267 3899 imagines,
3309 3824 3547 3897 quidam

1983 3924 2147 3982 etiam
2186 3936 2383 3980 aureas
2428 3930 2522 3977 aut
2568 3926 2873 3994 argenteas,
2932 3917 3021 3975 vel
3065 3931 3135 3976 ex
3174 3917 3283 3974 alia
3316 3916 3546 3973 materia

1986 4016 2180 4081 factas,
2202 4029 2340 4087 quas
2359 4028 2481 4070 esse
2505 4011 2636 4070 lesu
2662 4010 2863 4084 effigies
2890 4008 3161 4067 ami-mant
3186 4007 3550 4079 :easdemque

1982 4122 2015 4165 a
2049 4107 2248 4165 Pontio
2308 4103 2485 4161 Pilato
2516 4103 2586 4161 ad
2615 4103 2821 4160 Christi
2874 4099 3291 4159 similitudinem
3341 4098 3548 4156 effictas

1981 4213 2091 4271 quo
2117 4205 2361 4270 tempore
2408 4196 2550 4254 iuter
2578 4193 2830 4252 homines
2856 4191 3105 4264 degebat.
3136 4188 3244 4247 Sed
3280 4191 3549 4264 ejusmodi

1982 4290 2248 4361 imagines
2279 4289 2523 4347 occultas
2543 4287 2767 4355 habent,
2787 4302 3003 4346 necnon
3032 4273 3547 4358 etphilosophorum

1981 4379 2364 4453 quorumdam,
2416 4387 2478 4436 ut
2516 4377 2861 4451 Pythagorae,
2903 4376 3170 4444 Platonis,
3211 4376 3546 4443 Aristotelis,

1985 4491 2256 4565 πρόληψιν
2285 4498 2643 4562 usurparunt.
2671 4489 2855 4557 Quare
2888 4489 3024 4546 nibil
3063 4490 3134 4547 ab
3161 4490 3270 4546 iilis
3291 4489 3550 4547 commis-

314 4557 472 4624 Quod
512 4555 784 4613 iacturum
833 4571 894 4612 se
938 4554 1203 4614 Romanis
1252 4559 1667 4615 denuntiaverat
1703 4560 1876 4630 (Rom.
1910 4567 1959 4625 n
1985 4578 2142 4628 sum;
2191 4563 2269 4616 uti
2316 4575 2419 4616 nec
2448 4561 2519 4616 ab
2561 4559 2828 4632 losepho.
2864 4561 2997 4631 qui,
3042 4561 3192 4632 quod
3232 4559 3547 4617 ludaeorum

317 4625 1132 4765 Π’83)8)’.Ιι“πιοίιοτεεύσίτντιις
1148 4697 1298 4766 πρὸς
1318 4697 1575 4753 δεκαδύο

320 4697 432 4835 8⁸55
457 4763 736 4826 nimirum,
754 4779 878 4818 uam
902 4780 966 4820 ex
1598 4699 1725 4768 ἕΐη.
1757 4698 1884 4755 Sm-

1001 4765 1216 4822 Eusehii
1243 4769 1506 4824 Chronico
1533 4769 1646 4824 haec
1667 4780 1884 4825 mutua·

320 4843 413 4959 {us
438 4843 522 4955 est
553 4832 906 4904 Epiphanius,
935 4836 1026 4892 ubi
1057 4835 1195 4891 Lino
1222 4854 1296 4906 xi,
1330 4839 1484 4894 Cleto
1516 4854 1593 4893 ιιι
1624 4840 1752 4895 anni
1780 4839 1882 4896 tri-

363 4919 471 4958 uun
500 4918 585 4957 ur.

395 4972 508 5044 (90)
553 4970 673 5039 Τὴν
696 4970 805 5053 ἐπὶ,
816 4971 1124 5041 δωδεκάτῳ
1149 4979 1288 5030 ἔτει.
1321 4974 1472 5033 Passi
1500 4985 1630 5035 sunt
1647 4979 1880 5051 apostoli

322 5042 385 5097 L.
419 5041 647 5098 Fonteio
674 5039 943 5110 Capitone
964 5083 979 5103 .
1013 5052 1067 5098 et
1104 5044 1250 5100 «lulio
1296 5045 1438 5102 Rufo
1484 5063 1629 5105 coss.
1677 5051 1881 5121 quibus

322 5128 471 5167 anno
497 5111 729 5167 Neronis
754 5126 852 5165 xm
887 5111 1060 5178 linito,
1087 5131 1171 5172 coe
1210 5117 1252 5169 it
1281 5132 1372 5172 xiv
1398 5132 1463 5173 ex
1498 5126 1626 5175 ante
1645 5119 1787 5176 diem
1818 5135 1879 5174 ιιι

324 5180 444 5237 Eid.
477 5182 700 5237 Octobr.
729 5179 828 5235 ilic
856 5190 940 5238 est
971 5198 1149 5239 annus
1206 5184 1420 5243 ulianus
1444 5203 1579 5252 exit,
1611 5205 1733 5246 aerae
1754 5189 1882 5246 Dio·

325 5253 567 5322 uysianae
598 5265 768 5306 ιινιι.
810 5250 1176 5317 Quamobrem
1208 5270 1315 5310 uon
1346 5271 1490 5313 anno
1519 5273 1594 5314 m
1624 5258 1878 5323 Neronis,

325 5328 386 5375 ut
431 5323 650 5393 scripsit
698 5321 1056 5392 Epiphanius,
1110 5323 1205 5377 seu
1256 5340 1356 5380 xm
1404 5326 1620 5386 labente
1676 5331 1879 5386 mortui

325 5399 456 5446 sunt
483 5391 735 5461 apostoli.
766 5392 938 5459 Quem
960 5393 1088 5449 dum
1121 5392 1409 5476 Eusebius,
1440 5405 1496 5452 et
1517 5396 1878 5471 Hieronymus

325 5462 1876 5607 i¹sxffi⁰l¹ss22452¹ziss÷}?÷.2223252255152⁰:;‘„2⁶23l35;

325 5612 593 5678 annorum
634 5601 788 5656 initia
821 5618 853 5656 a
886 5618 1055 5659 verno
1095 5603 1454 5675 paschalique
1492 5622 1698 5673 mense,
1728 5610 1873 5679 quod

327 5668 842 5753 ecclesiastici-anni
880 5681 1046 5744 caput
1070 5684 1176 5736 est,
1211 5690 1531 5732 arcessere:
1564 5678 1620 5733 id
1658 5679 1808 5751 quod
1845 5694 1875 5734 a

327 5752 462 5792 viris
503 5738 733 5819 eruditis
763 5740 1110 5799 observatum
1151 5754 1257 5799 est.
1310 5745 1448 5801 Cum
1494 5749 1509 5802 i
1551 5749 1661 5802 itur
1697 5765 1875 5804 annus

326 5804 561 5889 Neronis
593 5822 684 5862 xiv
712 5812 940 5880 coepcrit
970 5813 1225 5869 Octobris
1260 5831 1313 5870 xi
1353 5817 1481 5873 anni
1543 5819 1711 5875 uliani
1737 5833 1872 5882 exn,

329 5874 595 5936 eusebius
615 5893 677 5935 ac
699 5881 891 5952 reliqui
912 5881 1032 5954 ejus
1054 5883 1268 5940 initium
1291 5900 1321 5940 a
1345 5899 1530 5946 mense
1551 5903 1717 5946 verno
1741 5890 1879 5945 κατὰ

1986 4629 2237 4688 historici
2269 4637 2687 4697 consueverant,
2723 4631 2796 4685 im
2872 4637 3115 4687 ratorum
3145 4646 3210 4685 ac
3238 4627 3547 4700 principum

1984 4714 2180 4765 anuos,
2215 4696 2435 4755 aNisan
2469 4699 2669 4769 saepius
2701 4699 2793 4755 inc
2832 4712 2994 4756 oasse
3025 4698 3270 4756 creditur
3290 4715 3308 4766 ;
3331 4699 3544 4752 tametsi

1983 4771 2192 4841 aliquot
2223 4769 2292 4826 ab
2324 4769 2418 4826 ilio
2444 4768 2726 4826 mensibus
2759 4768 3035 4825 iniissent.
3054 4766 3174 4834 Quo
3202 4767 3295 4821 illa
3326 4765 3546 4820 Talmu·

1982 4840 2248 4897 distarum
2304 4839 2492 4910 regula
2548 4839 2784 4910 pertinet
2830 4856 2846 4895 ι
2937 4838 2992 4894 ui
3025 4839 3079 4895 in
3113 4835 3373 4893 ‘tractatu
3410 4845 3545 4897 tvm

1980 4919 2155 4977 ΜΠ,
2194 4924 2315 4980 cap.
2347 4909 2399 4973 1,
2443 4907 2539 4965 sol.
2572 4909 2608 4965 3
2645 4906 2880 4974 docent,
2944 4907 3286 4965 sraelitarum
3324 4905 3543 4978 quidem

1978 4992 2169 5052 regum
2222 4994 2398 5036 annos
2444 4979 2514 5062 ab
2551 4978 2908 5063 entecedente
2934 4977 3103 5062 Nisan
3138 4976 3346 5043 ordiri:
3391 4981 3585 5059 exto·-

1979 5063 2723 5201 zis‘zsffsslassairffi·
2754 5046 3015 5188 δόξει.
3048 5044 3542 5200 &suffulsit

1980 5191 2169 5248 obrem
2222 5190 2269 5246 si
2321 5205 2448 5263 quis
2478 5189 2710 5259 exempli
2752 5203 2920 5245 causa
2966 5188 3157 5242 ultimo
3195 5186 3286 5241 dte
3336 5200 3543 5241 mensis

1979 5258 2126 5316 Adai·
2162 5274 2389 5327 regnum
2422 5269 2708 5329 capessat,
2758 5257 3007 5327 sequenti
3058 5253 3229 5311 Nisan
3265 5256 3542 5310 secundus

1981 5329 2193 5401 imperii
2236 5331 2381 5385 illius
2417 5345 2593 5384 annus
2646 5325 3041 5383 numerabitur.
3097 5333 3184 5386 ΕΠῚ
3230 5333 3434 5412 pinni-t
3486 5332 3542 5383 '2

1980 5486 2119 5524 οιιηο
2167 5481 2459 5540 reputatur.
2484 5466 2642 5533 Quod
2667 5467 2715 5521 si
2747 5466 2872 5536 quis
2903 5465 3081 5536 primo
3112 5465 3201 5522 die
3229 5463 3395 5520 Nisan
3428 5476 3541 5518 coe·

1979 5541 2143 5608 perit,
2176 5554 2283 5595 non
2314 5546 2440 5595 ante
2476 5541 2777 5592 vertentem
2808 5548 3013 5591 annum
3048 5535 3258 5607 primus
3288 5534 3409 5604 ejus
3438 5547 3539 5585 au-

1978 5623 2083 5663 nus
2112 5610 2447 5666 censebitur.

2050 5679 2163 5749 (9¹)
2206 5680 2310 5732 ‘Er
2334 5678 2573 5746 χρόνοις
2596 5672 2920 5740 τοίνυν,ὠς
2961 5673 3208 5745 ἔφημεν.
3238 5669 3309 5749 ξι
3337 5666 3541 5722 irena-‚0

1978 5749 2251 5874 ffiassn'haec,
2277 5761 2440 5818 quam
2461 5746 2750 5817 sequentia
2775 5751 3056 5800 mutuatus
3083 5749 3186 5800 est.
3217 5737 3348 5793 Vide
3372 5752 3422 5791 c.
3447 5735 3539 5799 24.

2293 5408 2415 5460 nm
2443 5407 2596 5458 :mm
2618 5406 2733 5457 Ἱπκ
2768 5395 2893 5450 Dies
2919 5410 3054 5451 unus
3075 5396 3130 5450 ιἰι
3161 5396 3263 5465 fine
3295 5395 3421 5448 anni
3446 5409 3541 5461 pro
