3850 6517
295 422 399 476 {ts

1300 415 1356 469 s,
1400 375 1740 468 evivit-ini
1781 412 1964 467 ACTA
2009 406 2512 465 notmannis-³2⁴.

3429 409 3537 468 44⁸

296 536 584 590 haeredem.
626 535 759 588 Tum
806 547 932 586 vero
980 532 1237 587 incidisse
1280 533 1333 587 in
1380 535 1707 589 monachum
1754 533 1860 587 Lu·
1888 542 1934 597 Α
1962 529 2379 601 quinquaginta,
2429 529 2637 584 leonem
2680 525 2866 581 multis
2899 525 3126 580 noxium
3163 539 3263 579 sua
3303 539 3540 594 praesen·-

296 629 515 682 cianum
545 646 558 680 ε
591 640 747 695 quem
780 639 903 678 eum
939 623 1163 678 vidisset
1190 624 1389 677 donata
1427 626 1651 694 pauperi
1688 632 1858 689 veste,

298 718 521 773 candida
556 718 659 771 alia
693 716 913 771 eoelitus
963 714 1133 780 indui,
1177 714 1395 785 petierit
1430 725 1486 770 et
1517 715 1862 770 Christianus

298 818 350 862 et
406 807 707 862 monachus
763 805 926 861 fleri:
978 820 1325 875 congrueque
1377 804 1679 860 instructus
1734 820 1859 857 «zum

298 912 505 964 sorore,
543 906 597 952 et
625 898 693 953 ad
724 898 1030 967 ingressum
1054 897 1297 953 ecclesiae
1328 894 1701 952 decidentibus
1724 894 1866 950 ultro

297 988 496 1043 calceis
523 988 772 1056 nudipes,
799 989 1106 1057 baptizatus
1132 987 1300 1043 luerit
1337 986 1412 1042 ab
1452 986 1746 1057 episcopo;
1777 1001 1868 1040 ao-

298 1080 580 1150 ccptisque
632 1080 782 1135 mille
832 1081 1035 1145 aureis,
1084 1078 1366 1136 Veronicae
1401 1086 1707 1135 materterae
1754 1093 1869 1133 suae

299 1169 583 1237 eidemque
613 1168 1035 1231 sanctimoniali,
1062 1183 1305 1224 sororem
1352 1169 1768 1231 commendans,
1811 1167 1865 1221 in

299 1260 527 1315 Luciani
576 1259 908 1316 monasterio
962 1259 1139 1315 factus
1194 1259 1267 1315 sit
1321 1259 1870 1321 monachus,.annos

301 1360 463 1405 natus
504 1352 765 1416 sedecim,
811 1362 866 1405 et
917 1349 974 1404 S.
1036 1349 1302 1405 llilarioni
1355 1350 1600 1418 eiusdem
1639 1347 1869 1404 Luciani

300 1442 568 1512 discipulo
600 1441 1033 1507 commendatus,
1076 1441 1253 1509 ipsum
1289 1448 1413 1509 post
1456 1448 1686 1494 mortem
1716 1453 1868 1517 com-

302 1535 486 1590 munis
514 1534 754 1604 magistri
818 1533 1071 1587 habuerit
1122 1547 1246 1587 cum
1294 1539 1489 1587 caetera
1531 1530 1872 1590 fraternitate

303 1625 668 1699 hegumenum
699 1639 795 1679 seu
834 1623 1109 1678 abbatem.

368 1718 460 1774 47.
498 1717 605 1772 Sed
642 1717 756 1787 jam
811 1717 1031 1771 aliunde
1073 1725 1327 1771 constare
1372 1715 1633 1782 vidimus,
1682 1731 1874 1771 mona·

302 1810 451 1867 sticae
490 1810 614 1865 vitae
664 1808 915 1864 tirocinia
972 1809 1027 1863 in
1073 1807 1308 1880 AEgypto
1346 1810 1597 1879 posuisse
1636 1807 1872 1877 Epipha-

304 1903 477 1965 nium,
510 1916 574 1956 ea
617 1899 757 1955 sorte
804 1915 927 1970 qnae
978 1899 1066 1955 hic
1124 1911 1347 1956 notatur
1394 1910 1573 1964 aetate,
1626 1900 1877 1971 quamvis
1908 1880 1952 1934 Β

303 1992 519 2047 mallem
545 1992 770 2047 biennio
802 1993 1066 2060 majorem
1098 1993 1339 2048 credere.
1370 1973 1450 2045 Ad
1491 1992 1796 2047 Lucianum
1824 2001 1878 2045 et

302 2081 635 2140 llilarionem
661 2084 808 2154 quod
851 2083 1065 2146 attinet,
1099 2090 1245 2152 patet
1286 2083 1556 2137 mendacii
1600 2081 1875 2137 evidentia

304 2187 368 2227 ex
394 2172 564 2242 ipsius
578 2170 871 2226 Hilarionis
896 2170 1037 2237 Vita,
1057 2170 1150 2242 qui
1172 2185 1348 2225 annos
1376 2170 1689 2241 quindecim
1716 2179 1878 2225 natus

303 2265 369 2319 ad
398 2261 695 2318 Antonium
725 2261 925 2318 abiisse
955 2262 1011 2316 in
1047 2260 1336 2332 AEgyptum
1388 2260 1590 2316 dicitur
1636 2261 1705 2315 ab
1751 2260 1880 2315 Hie-

306 2366 555 2424 ronymo,
584 2350 821 2421 indeque
852 2359 975 2426 post
1017 2349 1301 2405 biennium
1346 2362 1623 2407 revertens
1667 2352 1881 2421 primus

306 2443 633 2498 monasticae
673 2441 798 2497 vitae
856 2440 1165 2512 exemplum
1219 2441 1469 2497 retulisse
1513 2441 1568 2495 in
1625 2441 1879 2511 patriam,

307 2535 454 2606 quod
482 2549 629 2591 anno
657 2533 778 2606 ejus
804 2534 979 2590 aetatis
1019 2533 1090 2588 22
1141 2535 1299 2590 multi
1346 2536 1613 2605 coepcriut
1655 2534 1883 2600 imitari,

307 2635 533 2686 eatenus
570 2636 753 2683 antem
803 2643 823 2678 ι
883 2625 1115 2682 necdum
1170 2625 1391 2682 fuerant
1438 2625 1771 2682 monasteria
1828 2625 1883 2680 in

307 2718 614 2788 Palaestiua,
644 2733 746 2776 nec
778 2718 1070 2791 quisquam
1118 2718 1448 2775 monachum
1478 2730 1606 2774 aute
1640 2715 1701 2772 S.
1732 2716 1884 2773 Hila-

308 2813 521 2868 rionem
584 2812 638 2867 in
702 2809 861 2884 Syria
931 2820 1175 2866 noverat.
1234 2829 1255 2863 ι
1318 2810 1570 2881 Fingitur
1623 2818 1883 2881 praeterea

313 2904 710 2962 monasterium
743 2904 864 2974 eius
888 2904 1036 2974 quod
1065 2918 1232 2974 prope
1258 2901 1460 2958 Gazam
1494 2900 1663 2959 luisse
1684 2902 1881 2969 scitur,

310 2996 563 3051 coluisse
592 2995 715 3050 loco
746 3004 806 3051 ut
834 2994 902 3050 ad
932 2993 1176 3065 quinque
1205 2994 1462 3053 milliaria
1480 2994 1711 3063 petenda
1742 3004 1887 3051 esset.

310 3102 453 3157 aqua
498 3105 512 3141 z
567 3101 675 3156 qua
728 3085 1017 3141 occasione
1065 3099 1191 3144 cum
1232 3085 1549 3155 contigisset
1588 3086 1776 3139 vinum
1817 3086 1888 3140 ab

269 3217 276 3223 -
313 3178 620 3250 Epiphanio
644 3177 698 3232 in
731 3187 931 3248 aquam
955 3178 1201 3233 converti
1227 3176 1292 3231 ad
1328 3175 1679 3234 refectionem
1708 3188 1886 3233 trans-

313 3269 603 3327 euntium:
636 3266 727 3321 ille
772 3265 958 3337 gloriae
1000 3262 1240 3336 fugitans
1277 3264 1387 3319 alio
1427 3280 1487 3321 se
1543 3264 1885 3330 subduxerit,

316 3359 409 3413 ubi
436 3373 563 3413 cum
595 3357 998 3413 Saracenorum
1032 3357 1473 3425 praetereuntium
1504 3356 1728 3427 quidam
1760 3373 1885 3412 eunt

317 3450 482 3506 ferire
519 3448 729 3518 volens,
772 3447 1003 3504 miratus
1060 3457 1209 3503 esset
1258 3448 1458 3520 aperiri
1513 3448 1617 3505 sibi
1668 3451 1888 3505 oculum

321 3541 576 3604 alterum,
600 3533 763 3611 que'm
788 3554 1002 3611 semper
1024 3539 1270 3597 clausum
1296 3541 1590 3607 habueram
1611 3556 1675 3597 ea
1693 3558 1753 3597 re
1773 3558 1890 3598 mo-

319 3642 433 3689 tum
463 3647 630 3686 unum
662 3646 693 3688 e
714 3632 892 3696 turba,
920 3632 1230 3701 suscepisse
1256 3632 1448 3698 fidem;
1476 3633 1892 3703 quibbaptizatus

317 3723 389 3781 ab
417 3718 1006 3777 ttitai·ioneet.loan11es
1026 3721 1225 3789 dictus,
1252 3720 1542 3778 adhaeserit
1563 3720 1889 3791 Epiphanio,

313 3821 486 3892 ‚atque
521 3812 636 3871 haee
662 3810 850 3870 omnia
878 3812 1164 3882 scripserit
1194 3831 1207 3869 :
1239 3827 1304 3868 ac
1330 3811 1532 3882 primo,
1562 3810 1631 3867 ab
1660 3827 1893 3882 energu-

323 3918 482 3962 meno
519 3902 737 3974 pulsum
785 3902 1089 3958 daemonem
1126 3904 1523 3959 comminatum
1560 3920 1705 3967 esse,
1747 3905 1894 3974 quod

322 3999 378 4054 in
416 3994 695 4052 Persidem
722 3993 908 4051 venire
935 3992 1140 4051 faceret
1186 3993 1579 4064 Epiphaniam.
1620 3995 1895 4065 occupata

323 4090 489 4160 igitur
514 4086 659 4157 regis
701 4085 811 4139 lilia
838 4086 1130 4149 indicasse,
1178 4086 1324 4156 quod
1368 4086 1473 4141 nisi
1513 4086 1722 4140 veniret
1764 4084 1894 4155 Epi-

325 4181 583 4251 phanius,
623 4179 874 4235 exiturus
925 4193 955 4231 a
1007 4177 1184 4247 puella
1232 4191 1341 4232 non
1388 4187 1553 4233 esset.
1595 4175 1895 4243 Quaesitum

324 4288 456 4343 ergo
485 4282 537 4327 et
578 4271 633 4326 in
665 4269 972 4341 Spunydrio
1015 4284 1116 4327 suo
1166 4278 1465 4340 repertum,
1519 4283 1640 4342 post
1688 4271 1896 4326 aridam

326 4378 548 4419 manum
579 4363 670 4417 uni
711 4362 1006 4418 missorum
1052 4360 1384 4427 restitutam,
1430 4363 1647 4419 venisse
1704 4362 1757 4416 in
1808 4377 1896 4417 re·

326 4458 502 4528 giam,
543 4470 665 4525 quae
705 4454 991 4510 dicebatur
1039 4449 1237 4518 Urion,
1289 4452 1593 4509 daemonem
1647 4469 1677 4509 a
1734 4455 1899 4512 liliola

1965 622 2036 674 tia
2081 620 2363 683 occiderit,
2403 633 2762 691 synonymum
2800 616 2904 673 sibi
2944 616 3015 671 ab
3047 614 3251 671 Edessa
3294 617 3541 686 philem,-

1963 712 2129 780 phum
2169 712 2458 779 exceperit,
2497 724 2622 764 cum
2660 721 2833 777 eoque
2856 706 3126 777 integrum
3175 722 3381 761 annum
3415 708 3541 762 dis·

1965 802 2169 872 putarit
2236 816 2419 856 coram
2458 817 2478 852 t
2518 798 2724 855 Calisto
2750 798 2890 853 Aetii
2933 813 3142 866 magnae
3181 795 3369 852 Romae
3402 814 3541 868 prae·

1968 894 2093 949 lecti
2140 893 2270 960 lilio,
2305 912 2325 944 ι
2371 906 2533 962 quem
2582 906 2613 944 a
2672 890 2921 945 daemone
2968 889 3256 943 liberatum
3307 889 3544 944 habehat

1967 987 2293 1056 discipulum
2323 1002 2338 1050 ;
2383 994 2438 1039 et
2464 983 2741 1054 quomodo
2782 980 3132 1051 theogeniam
3170 980 3390 1036 Hesiodi
3423 997 3545 1051 per-

1971 1080 2226 1135 tinaciter
2268 1076 2668 1141 defendentem,
2720 1074 2968 1144 opposita
3019 1073 3218 1128 veriori
3270 1070 3546 1127 Geueseos

1972 1170 2202 1227 historia
2237 1169 2454 1235 flectere
2492 1166 2784 1238 nequiens,
2829 1165 3144 1235 provocarit
3195 1164 3263 1218 ad
3313 1178 3548 1234 energu-

1970 1263 2114 1317 meni
2146 1261 2549 1325 liberationem,
2582 1273 2748 1329 quam
2790 1257 2885 1329 qui
2922 1256 3192 1313 effecisset
3235 1258 3356 1325 ejus
3410 1256 3548 1309 tides

1971 1370 2097 1409 vera
2129 1363 2443 1410 censeretur
2473 1370 2487 1407 t
2523 1360 2685 1421 atque
2712 1350 2784 1404 ita
2807 1363 3133 1405 conversum
3172 1346 3544 1417 Epiphaniam

1969 1444 2386 1517 philosophum,
2414 1442 2860 1511 monachumque
2900 1438 3108 1495 sactum
3164 1445 3220 1494 et
3269 1439 3551 1509 preshyte-

1975 1553 2097 1591 rum
2155 1535 2471 1590 ordinatum
2520 1534 2589 1589 ab
2639 1530 3180 1601 Eleutlieropolitano
3229 1531 3488 1599 episeopo
3533 1548 3546 1583 :

1973 1642 2138 1697 quem
2190 1626 2389 1682 deinde
2443 1625 2499 1680 in
2555 1622 2849 1696 AEgyptum
2908 1621 3168 1676 recedens
3216 1617 3552 1690 Epiphanius

1976 1726 2201 1774 sanetus
2235 1714 2569 1772 monasterio
2596 1730 2702 1771 suo
2731 1713 3080 1783 praepositum
3110 1710 3410 1779 reliquerit.
3444 1708 3552 1764 Sed

1979 1817 2339 1879 praeterquam
2367 1806 2511 1878 quod
2536 1822 2601 1861 ea
2628 1804 2946 1875 disputandi
2982 1817 3136 1858 mora
3162 1812 3216 1857 et
3242 1802 3385 1856 ratio
3419 1801 3554 1855 ridi-

1980 1901 2103 1956 cula
2131 1900 2356 1956 omnino
2384 1899 2656 1964 videatur,
2683 1908 2737 1951 et
2767 1896 2836 1952 de
2860 1896 3033 1951 altero
3081 1895 3190 1949 isto
3241 1891 3554 1963 Epiphanio

1981 1993 2109 2047 alibi
2132 1990 2343 2062 legatur
2373 1991 2542 2057 nibil;
2578 2004 2748 2046 unum
2782 1988 2873 2044 hic
2896 1986 3039 2043 Aetii
3092 1985 3354 2040 Romanae
3399 1985 3554 2040 urbis

1981 2083 2218 2155 praelecti
2247 2083 2409 2138 velim
2445 2096 2651 2138 nomeu
2694 2087 2965 2144 notatum,
3015 2077 3160 2149 quod
3210 2093 3276 2132 ex
3327 2078 3555 2133 cerebro

1982 2189 2087 2228 suo
2122 2181 2495 2228 commentum
2530 2171 2811 2227 auctorem
2845 2179 2994 2241 patet
3024 2185 3093 2225 ex
3138 2170 3557 2226 accuratissimo

1978 2279 2048 2319 eo
2087 2263 2369 2335 Cataloqo,
2421 2279 2582 2334 quem
2637 2261 2940 2318 Bucherius
2981 2277 3015 2317 a
3059 2260 3321 2318 Bollando
3351 2271 3555 2318 'nostro

1982 2365 2267 2424 acceptum
2293 2354 2464 2409 edidit
2513 2354 2581 2409 ad
2631 2351 2911 2408 Canonem
2960 2350 3281 2407 Paschalem
3335 2349 3546 2407 Victorii

1983 2462 2035 2502 c.
2070 2447 2159 2515 ¹3,
2191 2462 2246 2517 p.
2279 2446 2408 2514 256,
2452 2446 2546 2501 ubi
2586 2464 2606 2499 ι
2651 2460 2721 2501 ex
2760 2445 3102 2518 temporibus
3141 2443 3389 2507 Gallieni,
3424 2462 3445 2495 t
3484 2443 3552 2496 ab

1984 2552 2132 2592 anno
2161 2536 2289 2607 25⁴,
2342 2548 2520 2609 usque
2563 2537 2670 2593 554
2717 2537 3011 2603 indicatur,
3050 2555 3070 2590 t
3119 2538 3248 2608 quis
3298 2544 3559 2608 quantum

1991 2630 2263 2700 temporis
2293 2630 2671 2700 prael'eeturam
2701 2628 2862 2687 Urbis
2890 2630 3310 2696 administrarit,
3353 2648 3372 2682 ι
3399 2644 3572 2699 quan·

1985 2722 2167 2793 doque
2194 2723 2465 2796 prael'eetis
2494 2724 2803 2778 successive
2829 2730 3065 2793 quatuor
3138 2721 3278 2773 intra
3308 2719 3562 2770 eumdem

1993 2829 2198 2869 annum
2225 2815 2456 2884 positis;
2498 2829 2600 2868 nec
2643 2813 2758 2867 sola
2805 2814 3049 2877 nomina,
3096 2808 3192 2865 sed
3236 2816 3291 2861 et
3343 2821 3566 2876 praeno-

1989 2906 2138 2960 mina
2177 2904 2585 2973 exprimuntur.
2629 2901 2849 2955 Interim
2897 2916 2963 2956 ex
3022 2901 3199 2972 ipsius
3243 2898 3569 2954 fabulatoris

1987 2995 2218 3061 calculo,
2270 3008 2542 3050 annorum
2594 2991 2986 3063 quinquaginta
3042 3008 3140 3046 sex
3193 2991 3570 3061 episcopatum

1995 3087 2301 3158 Epiphanio
2335 3084 2648 3152 tribuentis,
2683 3094 2802 3138 aeta
2835 3082 2951 3136 haec
2979 3093 3167 3136 essent
3198 3090 3254 3136 ut
3277 3081 3572 3135 minimum

1993 3189 2121 3235 ante
2143 3178 2470 3234 decennium
2496 3176 2895 3233 ordinationem
2916 3187 3307 3246 praegressum,
3322 3173 3578 3242 adeoque

1992 3280 2119 3328 ante
2155 3284 2361 3325 annum
2386 3268 2511 3324 558.
2909 3319 2917 3325 ,

2058 3364 2149 3418 49.
2185 3362 2316 3418 Post
2339 3362 2690 3417 baecdemum
2718 3369 2992 3423 sanctum,
3033 3374 3197 3427 quem
3236 3365 3338 3414 nos
3380 3356 3576 3412 admo-

1988 3454 2122 3512 dum
2153 3454 2413 3524 juvenem
2441 3452 2614 3508 luisse
2643 3449 2699 3506 in
2723 3451 2928 3522 Egypto
2952 3450 3214 3515 diximus,
3242 3448 3577 3506 celebritatis

1994 3548 2179 3602 nimize
2212 3547 2536 3617 fugientem,
2578 3544 2713 3598 illuc
2765 3557 2950 3597 secum
2997 3543 3260 3612 navigare
3300 3540 3578 3616 (ει-ὄφρα

1995 3637 2126 3694 lacit
2159 3632 2659 3707 pseudo-loannes,
2684 3642 2812 3703 post
2828 3646 3254 3703 energumenam
3276 3633 3329 3688 in
3350 3629 3579 3703 egres*

1995 3728 2335 3785 Hierusalem
2383 3727 2700 3791 liberatam3
2745 3732 2801 3780 et
2841 3725 3227 3779 Alexandriam
3282 3724 3575 3796 appulsum

1994 3817 2266 3882 Judaeum,
2300 3815 2553 3885 Aquilam
2597 3793 2832 3869 nomine
2855 3813 3184 3885 disputando
3234 3824 3577 3877 convertere,

1998 3926 2063 3965 ae
2123 3909 2182 3964 S.
2239 3908 2542 3964 Athanasio
2588 3906 2846 3977 episcopo
2905 3906 3098 3962 sistere
3154 3907 3577 3976 baptizandum,

1998 4001 2193 4056 deinde
2235 4015 2359 4056 cum
2405 3999 2464 4053 S.
2519 3997 2849 4068 paphnutio,
2914 4002 3097 4071 magni
3140 4000 3359 4054 Antonii
3413 4000 3579 4056 disci-

2000 4091 2152 4161 pulo,
2178 4090 2232 4141 in
2268 4088 2543 4144 Thebaide
2569 4089 2856 4157 congredi,
2887 4104 2955 4145 eo
2976 4090 3207 4145 consilio
3233 4092 3365 4145 utin
3391 4090 3578 4147 Nitriae

2000 4193 2190 4236 eremo
2243 4179 2496 4233 habitare
2555 4182 2999 4247 permitteretur;
3043 4181 3139 4235 sed
3179 4183 3247 4235 ab
3297 4184 3403 4238 hoc
3452 4200 3582 4255 pro·

2003 4273 2215 4343 phetice
2240 4271 2482 4342 jussum,
2511 4270 2740 4324 collecto
2779 4269 2923 4339 apud
2961 4269 3151 4325 Patres
3193 4276 3385 4330 aestivo
3425 4274 3580 4343 leno,

2003 4364 2157 4419 abire
2203 4362 2257 4417 in
2299 4360 2541 4434 Cyprum
2582 4368 2746 4431 atque
2788 4376 2920 4417 oves
2955 4377 3195 4431 pascere.
3238 4364 3375 4420 Tum
3412 4382 3584 4438 prope

2005 4454 2384 4525 Leontopolim
2422 4452 2646 4523 lingitur
2681 4465 2906 4509 sanctus
2937 4456 3198 4511 accedere
3225 4461 3292 4511 ad
3333 4456 3585 4525 Hieracis

317 4548 472 4619 ,regis
517 4548 632 4617 ipsa
663 4553 943 4617 spectante
981 4544 1277 4614 expulisse,
1311 4544 1609 4599 blandienti
1648 4545 1754 4602 sibi
1787 4545 1901 4601 iue-
1937 4567 1980 4621 D
2005 4546 2418 4603 celeberrimum
2461 4548 2881 4611 monasterium,
2912 4546 3187 4616 istumque
3223 4550 3438 4617 publice
3483 4552 3584 4607 do·-

329 4642 476 4711 ptius
515 4654 675 4711 mago
718 4636 991 4710 loquelam
1028 4636 1323 4694 abstulisse
1360 4645 1415 4692 et
1451 4636 1733 4705 poenitenti
1780 4636 1903 4691 red-

330 4731 571 4797 didisse,
627 4731 774 4801 regia
830 4742 1055 4784 numera
1104 4727 1403 4797 epulasque
1457 4741 1742 4782 recusasse
1784 4726 1903 4782 solo

331 4835 468 4891 pane
500 4827 818 4873 contentum
855 4829 871 4872 ι
904 4826 965 4880 et.
982 4815 1334 4881 resuscitato,
1366 4815 1461 4887 qui
1491 4825 1743 4873 mortuus
1771 4816 1904 4872 effe·

331 4911 571 4972 rebatur,
605 4907 974 4970 adolescente,
1004 4907 1073 4961 ab
1103 4921 1229 4977 rege
1270 4905 1575 4964 honorilice
1614 4907 1904 4963 dimissum

333 5003 523 5058 luisse.
554 4997 750 5055 Nescio
788 5014 856 5055 an
911 4994 985 5052 Ur
1018 4998 1424 5063 Chaldaeorum,
1468 4999 1766 5059 Abrahami
1807 5013 1908 5068 pa-

336 5099 522 5163 triam,
564 5094 893 5151 intellexerit
930 5091 1186 5148 hocloco
1226 5092 1501 5149 fabulator
1540 5093 1690 5164 (nam
1742 5089 1909 5147 Urion

336 5189 475 5243 alias
497 5188 707 5242 nullum
740 5188 928 5257 novi):
958 5184 1024 5241 ad
1058 5184 1322 5241 miracula
1346 5184 1492 5255 quod
1520 5184 1732 5250 attinet,
1762 5184 1913 5239 audi·

340 5285 520 5338 vimus
569 5281 933 5337 Snzomenum
982 5295 1242 5351 expresse
1282 5286 1594 5350 negantem,
1633 5281 1780 5350 quod
1828 5280 1911 5333 vi-

339 5375 485 5431 venti
509 5373 797 5444 contigerit
816 5372 1005 5445 fugare
1018 5379 1295 5429 daemones
1334 5371 1678 5442 morbosque,
1692 5386 1909 5427 curare.

408 5465 498 5519 48.
536 5462 718 5534 Pergit
741 5463 965 5534 interim
997 5466 1207 5534 pseudo
1237 5460 1482 5517 loannes
1506 5475 1753 5526 narrare,
1780 5476 1914 5530 quu-

342 5558 508 5614 modo
544 5555 610 5609 ad
652 5554 994 5625 Spanydrion
1038 5568 1294 5609 reversus
1341 5568 1528 5624 secum
1577 5550 1914 5621 Epiphanius

345 5650 551 5707 fontem
583 5647 655 5702 ibi
684 5647 954 5707 elicuerit,
998 5643 1141 5701 ieras
1177 5646 1520 5714 prohibuerit
1550 5644 1621 5701 ab
1653 5644 1915 5709 oleribus,

347 5752 401 5797 ct
433 5742 485 5795 in
511 5755 677 5796 noras
709 5738 1023 5794 mansiones
1047 5737 1150 5792 sihi
1193 5753 1223 5791 a
1266 5737 1578 5805 Saracenis,
1606 5738 1807 5807 prioris
1831 5747 1917 5791 tu-

349 5833 491 5907 gurii
556 5830 930 5890 conditoribus
978 5837 1321 5896 exstructas,
1384 5830 1650 5898 receperit
1723 5828 1919 5884 iratres

2007 4649 2221 4694 centem
2249 4651 2467 4693 errores
2497 4637 2701 4692 multos
2732 4645 2942 4691 mutum
2980 4638 3209 4707 imperio
3240 4641 3490 4706 reddere,
3517 4660 3581 4700 ac

2007 4729 2358 4796 poenitentem
2407 4739 2636 4792 sanare;
2689 4725 2926 4792 denique
2963 4736 3155 4779 curato
3206 4727 3259 4781 in
3305 4730 3583 4798 superiori

2008 4816 2285 4873 Thebaide
2312 4831 2700 4888 energumeno,
2726 4815 2910 4871 venire
2934 4817 3001 4870 ad
3031 4817 3144 4870 loca
3175 4833 3297 4890 quae
3322 4822 3585 4878 dicuntur

2009 4908 2228 4964 lincolia
2268 4909 2451 4979 ibique
2483 4909 2769 4979 septennio
2804 4907 3101 4974 habitasse,
3145 4912 3238 4966 ubi
3289 4913 3585 4970 Eudaemo·

2011 5018 2135 5058 nem
2187 5003 2573 5072 philosophum
2624 5002 2958 5057 converterit
3014 5015 3206 5060 sanato
3254 5009 3408 5075 pueri
3461 5010 3586 5079 ejus

2009 5095 2201 5160 oeulo;
2258 5109 2425 5166 seque
2473 5093 2541 5148 ad
2586 5094 2958 5164 episcopatum
3007 5080 3183 5164 quaeri
3221 5086 3602 5167 cognosc-enm*

2012 5189 2293 5242 reverterit
2322 5188 2372 5239 in
2406 5183 2644 5258 Syriam,
2674 5188 2911 5255 primum
2935 5188 3290 5255 quadraginta
3320 5190 3435 5246 dies
3456 5208 3589 5247 con·

2015 5286 2265 5332 versatus
2310 5277 2363 5330 in
2425 5280 2761 5332 monasterio
2812 5275 2871 5331 S.
2923 5274 3235 5343 Hilarionis,
3292 5292 3586 5353 postquam

2017 5373 2107 5426 ille
2153 5372 2206 5425 in
2249 5371 2487 5443 Cyprum
2528 5387 2588 5426 se
2630 5380 2932 5441 receperat,
2989 5372 3038 5425 id
3088 5382 3172 5427 est
3215 5386 3336 5443 post
3377 5393 3584 5433 atilium

2015 5463 2140 5527 5:55,
2179 5462 2806 5537 juxtaliieronymum3
2856 5475 2978 5514 cum
3041 5470 3218 5515 tamen
3265 5463 3318 5516 in
3362 5464 3590 5520 calculo

2019 5554 2192 5622 ipsius
2223 5551 2568 5615 sabtdatoris,
2595 5551 2687 5604 diu
2717 5560 2845 5605 ante
2877 5548 3171 5606 Hilarionis
3203 5554 3496 5611 adventum
3529 5557 3587 5612 in

2018 5647 2279 5715 Cyprum,
2312 5644 2385 5699 ibi
2417 5643 2706 5713 episcopus
2734 5641 2905 5697 fuisse
2941 5641 3273 5711 Epiphanius
3315 5646 3588 5705 debuerit.

2023 5737 2077 5789 ln
2114 5734 2336 5790 Hiemi-e
2372 5745 2552 5791 autern
2579 5735 2845 5804 insignem
2880 5738 3384 5804 p;iraclirotiistttutti
3415 5744 3588 5798 etism

2023 5830 2223 5885 tintarit
2253 5826 2520 5884 Barunius
2544 5826 2611 5881 ad
2640 5842 2768 5882 ann.
2798 5826 2924 5892 572,
2951 5843 3100 5882 num.
3135 5828 3254 5895 ltu,
3290 5830 3592 5892 observans
