3850 6517
307 519 446 576 ¹075

1011 514 1382 573 ADVERSUS
1417 511 1759 571 HAERESES
1800 514 1937 572 [AB.-
1968 514 2030 570 ll.
2064 513 2230 572 Toxi.
2274 515 2389 572 l.—
2429 515 2702 577 nAERES.
2745 512 2927 573 Lle.

3424 514 3559 570 ton

308 639 498 698 ἐλθὼν,
523 636 597 701 ὡς
633 636 781 705 λέγει
828 632 1123 707 dommine,
1155 634 1237 701 Τῷ
1269 634 1337 689 δὲ
1360 634 1685 705 ἁμαρτωλῷ
1714 630 1885 688 εἶπεν
1914 644 1958 698 Α
1989 642 2281 705 postquam
2336 634 2483 690 hune
2544 650 2716 691 unum
2781 648 2831 690 e
2859 630 3072 705 psalmo
3136 627 3558 701 quadragesimo

305 733 338 782 ο·
368 732 547 795 Θεός·
586 729 713 783 Ἵνα
748 729 806 782 τί
840 726 922 782 σὺ
954 727 1205 797 &nourrii
1244 728 1315 782 τὰ
1345 727 1707 797 δικαιώματά
1742 743 1884 796 μου,

305 822 407 875 καὶ
439 818 882 890 ἀναλαμὸἀνεις
906 819 1022 886 τὴν
1059 818 1356 891 διαθήκην
1381 837 1502 889 μου
1536 818 1635 873 διὰ
1667 818 1889 888 στόμα-

305 917 408 979 τός
437 929 592 977 σονς
622 912 902 979 πτύξαςτὸ
934 910 1135 982 βιόλίον
1156 912 1461 976 ἐπέδωκεν,
1490 911 1711 965 ἐκάθισε
1749 911 1888 983 μετὰ

306 1003 584 1075 κλαυθμοῦ
645 1005 740 1058 καὶ
791 1004 1043 1077 δακρύων
1065 1046 1081 1070 ,
1132 1005 1349 1059 πάντων
1395 1003 1532 1075 ὁμοῦ
1555 1040 1560 1045 -
1587 1005 1699 1057 σὺν.
1736 1004 1887 1075 αὐτῷ

311 1095 630 1150 κλαιόντωνι

376 1188 451 1240 Γ’ῑ
496 1188 605 1241 Καὶ
645 1187 786 1258 μετὰ
828 1187 1019 1259 χρόνον
1065 1188 1396 1243 ἀπεντεῦθεν
1425 1189 1885 1262 προτρεπομένων

304 1281 467 1333 αὐτὸν
512 1280 757 1345 πολλῶν,
796 1282 893 1335 καὶ
941 1280 1357 1350 ἀναγκαζόντων
1383 1323 1399 1347 ,
1428 1282 1738 1353 ’Δμὸροσίῳ
1780 1281 1886 1335 τινὶ

306 1370 580 1442 συντυχὼν
608 1371 716 1425 τῶν
748 1371 1025 1441 διαφανῶν
1051 1376 1119 1429 ἐν-
1136 1373 1325 1437 αὐλαῖς
1377 1374 1679 1445 βασιλικαῖς
1709 1374 1886 1444 (τινὲς

302 1462 358 1520 δὲ
404 1468 592 1520 τοῦτον
638 1464 731 1522 τὸν
783 1465 1108 1538 ’Δμδρόσιον
1148 1465 1373 1537 ἔφασαν·
1399 1468 1454 1519 oi
1492 1465 1591 1536 μὲν
1621 1466 1885 1536 Μαρκιω-

304 1559 512 1629 νιστὴν,
566 1559 616 1611 oi
664 1558 734 1612 δὲ-
784 1556 1164 1627 Σαόελλιανόν)
1189 1571 1204 1586 ·
1263 1557 1542 1627 κατήχησε
1601 1553 1732 1624 γοῦν
1792 1554 1885 1608 τὸν

303 1650 463 1703 αὑτὸν
512 1650 621 1703 ἀπὸ
660 1649 759 1719 τῆς
792 1649 1059 1720 αἱρέσεως
1105 1648 1369 1712 ἐκκλῖναι,
1407 1647 1510 1701 καὶ·
1549 1645 1884 1716 ἀναθεματί-

304 1758 426 1807 σαι,
492 1743 588 1796 καὶ
647 1741 751 1813 τὴν
840 1741 1025 1795 πίστιν
1112 1738 1473 1805 ἀναλέξασθαι
1552 1739 1654 1809 τῆς
1724 1738 1884 1807 ἁγίαις

301 1833 439 1888 Θεοῦ
493 1834 839 1905 Ἐκκλησίας.
881 1833 939 1886 ‘o
984 1833 1041 1886 δὲ
1088 1831 1483 1903 προειρημένος
1525 1829 1882 1901 Ἀἐμὸρόσιος,

301 1926 490 1997 ἐπειδὴ
542 1927 649 1980 ἀπὸ
709 1925 909 1997 πολλῆς
971 1925 1234 1997 αἱρέσεως
1291 1923 1543 1994 ὑπῆρχε,
1602 1924 1695 1977 καὶ
1743 1924 1885 1996 ἀνὴρ

300 2016 481 2086 λόγιος
523 2020 615 2073 καὶ
675 2017 959 2081 σπουδαῖος
1016 2016 1146 2088 ’περὶΙ
1196 2015 1296 2079 τὰς
1346 2013 1497 2078 θείας
1548 2012 1884 2084 ἀναγνώσεις

301 2107 409 2163 τῶν
440 2108 600 2163 θείων
646 2108 910 2181 Γραφῶν,
939 2106 1030 2161 διὰ
1069 2107 1167 2178 τὴν
1202 2107 1262 2159 ἐν
1302 2108 1425 2169 ταῖς
1466 2105 1639 2168 θείαις
1679 2104 1883 2175 βίὸλοις

302 2198 578 2269 βαθύτητα
604 2198 713 2252 τῶν
741 2198 1049 2269 νοημάτων,
1071 2197 1271 2267 ἠξίωσε
1299 2196 1390 2249 τὸν
1412 2194 1881 2266 αὐτὸνέΩριγένην

299 2291 504 2362 φράσαι
549 2291 718 2361 αὐτῷ.
772 2291 832 2345 ‘o
882 2291 941 2344 δὲ
994 2291 1315 2361 βουλόμενος
1364 2291 1447 2354 είς
1489 2289 1699 2342 ἐκείνου
1762 2288 1879 2359 (218)

302 2381 544 2451 καθῆκον
575 2381 671 2433 καὶ
712 2381 1030 2451 προτροπὴν
1060 2381 1241 2452 πάσης
1287 2381 1532 2453 Γραφῆς,
1561 2379 1639 2444 ὡς
1682 2381 1879 2443 εἰπεῖν,

301 2474 574 2545 ἑρμηνεὺς
595 2470 846 2540 γενέσθαι
882 2472 977 2524 καὶ
1018 2469 1410 2543 ἐξηγήσασθαι,
1447 2472 1739 2543 ἐπετήδευε
1786 2470 1883 2525 καὶ

195 2630 200 2634 ,
299 2566 361 2619 ἐν
378 2568 457 2636 -τῇ
487 2564 649 2637 Τύρῳ
676 2563 778 2635 τῆς
806 2561 1081 2636 Φοινίκης,
1104 2562 1180 2627 ὡς
1217 2562 1373 2632 λόγος
1398 2564 1534 2635 ἔχει,
1564 2562 1883 2618 εἰκοσιοκτὼ

299 2656 396 2727 ἔτη
417 2656 663 2729 πολιτείᾳ
699 2656 797 2726 μὲν
839 2653 1278 2728 ὑπερόαλλούσῃ,
1311 2656 1406 2709 καὶ
1436 2655 1622 2725 σχολῇ,
1654 2655 1748 2708 καὶ
1778 2671 1882 2709 κα-

304 2750 482 2821 μάτῳ,
510 2748 604 2803 τοῦ
638 2749 737 2819 μὲν
771 2747 1103 2821 ’Δμὸροσίου
1132 2746 1211 2800 τὰ
1226 2746 1363 2820 πρὸς
1386 2746 1593 2820 τροφὴν
1618 2745 1773 2817 αὐτῷ
1797 2762 1880 2814 τε,

301 2842 397 2895 καὶ
445 2844 557 2905 τοῖς
608 2842 939 2913 ὀξυγράφοις
957 2881 972 2907 ,
1028 2843 1121 2896 καὶ
1176 2843 1288 2904 τοῖς
1324 2839 1713 2913 ὑπηρετοῦσιν·
1732 2837 1882 2910 αὐτῷ

300 2928 689 3003 ἐπαρκοῦντας,
729 2930 939 3005 χάρτην
964 2948 1022 2985 τε
1059 2933 1155 2986 καὶ
1189 2930 1256 2985 τὰ
1296 2918 1432 2985 ἄλλα
1452 2929 1570 2986 τῶν
1595 2929 1884 3001 ἀναλωμὼ

297 3031 429 3084 των,
456 3018 550 3071 καὶ
574 3017 671 3072 τοῦ
708 3020 1014 3092 Ὦριγένους
1039 3021 1097 3074 ἐν
1128 3038 1188 3075 τε
1224 3021 1558 3092 ἀγρυπνίαις
1586 3020 1683 3075 καὶ
1715 3021 1880 3093 σχολῇ

300 3109 537 3183 μεγίστῃ
566 3110 654 3162 τὸν
685 3110 927 3181 κάματον
953 3111 1046 3166 τὸν
1074 3112 1205 3184 περὶ
1239 3113 1341 3182 τῆς
1375 3111 1598 3184 Γραφῆς
1634 3111 1882 3165 διανύον-

239 3224 249 3233 ·
293 3216 406 3264 τος.
426 3200 590 3255 Ὅθεν
610 3203 675 3256 τὸ
698 3202 916 3275 πρῶτον
944 3204 1111 3259 αὑτοῦ
1140 3204 1416 3276 ἐπιμελῶς
1428 3203 1542 3276 (29)
1566 3203 1884 3276 ἐφιλοτιμή·

298 3308 429 3346 σατο
462 3298 790 3363 συναγαγεῖν
817 3296 928 3349 τῶν
949 3295 1010 3361 ἐξ
1043 3297 1374 3368 ἐρμηνειῶν,
1402 3296 1627 3361 Ἀκύλα,
1653 3296 1881 3367 Συμμά-

1991 739 2137 779 ιιοιιο
2164 725 2344 779 locum
2375 726 2649 782 attulisset
2668 742 2691 781 ι,
2708 721 2990 778 Peccatori
3009 730 3185 776 antem
3210 721 3349 773 dixit
3382 718 3522 775 Deus
3544 737 3562 773 .·

1991 816 2171 883 Quare
2195 827 2250 871 ιιι
2278 834 2499 872 enarras
2525 818 2772 888 justitias
2813 832 2976 881 meos,
3027 824 3076 870 el
3135 813 3364 867 assumis
3405 822 3567 867 testa-

1989 919 2218 964 mentum
2249 926 2419 963 meum
2456 925 2550 978 per
2576 925 2635 964 os
2667 918 2815 962 tuum
2849 908 2909 960 ¹?
2941 905 3325 976 complicatum
3365 904 3566 958 librum

1989 1001 2251 1067 reddidit,
2291 1000 2538 1071 flensque
2590 1007 2644 1055 et
2696 985 3008 1070 lacrymans
3056 995 3277 1058 resedit,
3313 992 3569 1049 flentibus

1988 1108 2113 1147 cum
2144 1108 2212 1148 eo
2252 1093 2344 1163 qui
2380 1092 2611 1146 aderant
2640 1090 2935 1146 universis.

2059 1185 2149 1241 tlt.
2188 1186 2437 1243 Posthaec
2471 1185 2658 1240 multis
2686 1183 3057 1249 hortantibus,
3090 1182 3199 1237 imo
3223 1179 3569 1251 cogentibus,

1989 1278 2631 1348 etAmbrosiicujusdam
2656 1276 2759 1331 viri
2806 1273 2970 1346 526
2990 1275 3134 1329 inter
3156 1273 3429 1342 palatinos
3461 1270 3584 1340 pri·'

1989 1371 2150 1427 marii
2210 1370 2587 1426 familiaritate
2644 1384 2780 1424 usus
2837 1371 3026 1438 (quem
3062 1366 3311 1422 nonnulli
3343 1364 3575 1418 Marcio-

1988 1464 2209 1530 nistam,
2258 1463 2348 1518 alii
2411 1461 2780 1517 Sabellianum
2817 1459 2987 1514 fuisse
3036 1455 3403 1523 memorant),
3443 1453 3570 1508 huic

1978 1553 2118 1626 -ipsi,
2157 1564 2217 1608 ut
2254 1553 2509 1609 hairesim*
2537 1552 2778 1622 ejuraret
2818 1564 2882 1605 ac
2916 1549 3225 1612 damnaret,
3278 1555 3439 1617 atque
3469 1544 3573 1598 Ec-

1989 1646 2175 1702 clesiae
2211 1646 2497 1701 eatlnolicae
2523 1643 2682 1698 fidem
2712 1642 3157 1713 amplecteretur,
3185 1645 3376 1693 auctor
3405 1637 3572 1692 exsti-

1988 1741 2078 1793 tit.
2114 1736 2438 1793 Ambrosius
2471 1750 2620 1800 vero,
2673 1749 2797 1788 cum
2843 1733 2898 1787 in
2945 1732 3194 1787 baeresim
3245 1742 3571 1798 magnopere

1987 1831 2304 1902 implicatus
2351 1829 2622 1884 hactenus
2657 1827 2868 1890 fuisset,
2915 1833 2967 1881 et
2995 1823 3245 1880 eruditus
3269 1819 3469 1891 alioqui
3507 1833 3570 1872 ac

1990 1924 2302 1979 divinarum
2360 1921 2667 1975 litterarum
2729 1919 2999 1989 imprimis
3066 1914 3349 1972 studiosus
3401 1919 3567 1974 esset,

1918 1983 1965 2044 Β
1993 2022 2216 2083 propter
2243 2012 2669 2069 sententiarum.
2695 2026 2822 2081 quat
2845 2010 3039 2065 iisdem
3062 2008 3238 2064 sacris
3283 2005 3570 2062 codicibus

1908 3324 1952 3383 C

294 3385 633 3455 χου,τῶν.τε
670 3385 1186 3458 Ἐὸδομηκονταδύο,
1210 3387 1311 3441 καὶ
1325 3386 1703 3451 Θεοδοτίωνος,
1734 3387 1907 3457 neit·-

296 3489 437 3547 πτης
480 3493 564 3542 τε,
618 3479 714 3533 καὶ
742 3477 950 3549 Ἐκτης
1000 3477 1288 3542 ἐκδόσεως,
1326 3478 1466 3549 μετὰ
1521 3477 1881 3550 παραθέσεως

294 3566 533 3639 ἑκάστης
588 3567 786 3636 λέξεως
822 3569 1120 3641 Ἐὀραϊκῆς
1140 3610 1156 3633 ,
1208 3570 1303 3622 καὶ
1353 3569 1535 3622 αὐτῶν
1586 3566 1723 3637 ὁμοῦ
1772 3565 1879 3620 ὧν

292 3660 572 3731 στοιχείων
592 3678 608 3693 ·
636 3663 703 3714 ἐκ
725 3659 1075 3729 παραλλήλου
1098 3660 1155 3709 δὲ
1177 3659 1436 3728 ἄντικρυς
1454 3658 1686 3730 δευτέρᾳ
1713 3657 1878 3724 σελὲδι

291 3750 579 3821 χρώμενος
634 3745 778 3799 κατὰ
802 3744 1055 3798 σύνθεσιν
1104 3745 1399 3818 Ἐὅραῖκὴν
1441 3748 1539 3818 μὲν
1576 3752 1643 3821 τῇ
1693 3749 1873 3817 λέξει,

305 3834 605 3908 Ἑλληνικῷ
636 3834 695 3889 δὲ
725 3834 805 3906 τῷ
831 3836 1159 3909 γράμματι,
1189 3838 1382 3909 ἑτέραν
1410 3839 1875 3916 πάλιν,πεποίηκε

297 3926 595 3981 σύνθεσιν..

293 4053 299 4060 ·
374 4087 387 4118 ¹
423 4064 567 4141 Psal.
594 4102 740 4154 xm,
772 4086 866 4140 to:

371 4239 486 4312 (28)
526 4240 581 4294 Ὀ
614 4241 683 4295 δὲ
703 4239 1085 4309 ,βουλόμενος
1115 4240 1204 4306 είς
1230 4240 1490 4296 ἐκεινου.
1530 4238 1765 4312 Vulgata
1793 4248 1879 4297 est

289 4310 527 4367 historia
571 4312 661 4366 illa
702 4312 770 4366 de
813 4325 1033 4366 secessu
1076 4310 1261 4381 Tyrio,
1309 4309 1488 4381 deque
1511 4312 1772 4378 28annis
1803 4311 1879 4367 ibi

296 4383 591 4437 transactis
632 4383 701 4436 al»
738 4381 995 4452 Origene,
1037 4395 1163 4435 com
1194 4396 1382 4437 sacros
1434 4380 1656 4437 codices
1703 4382 1878 4435 inter-

296 4460 622 4523 pretaretur.
662 4450 835 4518 Quam
870 4467 938 4505 ex
966 4450 1070 4507 hoc
1103 4450 1387 4523 Epiphanii
1419 4451 1562 4515 loco,
1592 4460 1644 4506 et
1678 4465 1743 4505 ex
1777 4450 1874 4506 lzb.

1986 2106 2362 2168 continentur,
2395 2102 2852 2175 profunditatem,
2896 2100 2965 2157 ab
2993 2101 3222 2172 origene
3249 2098 3567 2170 postulavit,

1987 2204 2049 2251 ut
2075 2211 2139 2252 ea
2174 2194 2280 2251 sibi
2323 2195 2774 2267 interpretatione
2825 2207 2925 2249 sua
2965 2191 3316 2264 patefaceret.
3363 2188 3465 2255 Qui
3511 2198 3568 2242 ut

1984 2288 2228 2343 hortanti
2255 2287 2564 2352 Ambrosio,
2600 2301 2700 2357 pro
2749 2300 2816 2340 eo
2862 2291 3025 2355 atque
3080 2283 3157 2338 illi
3209 2280 3568 2352 congruebat,

1991 2379 2361 2444 satisfaceret,
2395 2378 2708 2433 universam
2751 2375 3093 2448 Scripturam
3120 2372 3568 2445 interpretatione

1986 2488 2086 2529 sua
2128 2480 2181 2527 et
2212 2471 2556 2542 expositione
2598 2470 2878 2538 declarare
2932 2469 3192 2525 instituit.
3223 2466 3568 2538 Proindcqne

1985 2563 2042 2618 in
2105 2562 2240 2618 urbe
2289 2560 2457 2634 Tyro,
2500 2576 2623 2633 qnae
2679 2561 2972 2618 f‘hoeniciae
3026 2569 3144 2626 est,
3195 2559 3386 2631 viginti
3444 2567 3569 2615 octo

1986 2670 2162 2710 annos
2206 2654 2490 2710 excellenti
2534 2653 2770 2725 quadam
2822 2655 2947 2709 vitae
2983 2652 3193 2708 ratione
3237 2652 3290 2706 in
3342 2652 3456 2707 otio
3504 2665 3568 2705 ac

1985 2746 2402 2801 commentandi·
2429 2744 2616 2801 labore
2654 2745 2920 2817 transegit
2945 2761 2961 2811 ς
2989 2759 3115 2800 curn
3161 2755 3218 2799 et
3244 2741 3567 2799 Ambrosius

1986 2853 2109 2910 quoe
2162 2836 2227 2892 ad
2293 2835 2548 2892 alendum
2615 2837 2792 2909 ipsum
2856 2852 2963 2891 una
3029 2851 3152 2892 cum
3205 2834 3468 2898 librariis,
3505 2848 3567 2889 ac

1985 2929 2197 2985 caeteris
2232 2927 2575 2984 administris
2630 2927 2941 2985 necessaria
3019 2937 3210 2991 crant,
3259 2940 3469 2982 necnon
3515 2932 3566 2979 et

1988 3024 2237 3078 chartam
2269 3035 2332 3076 ac
2359 3021 2600 3092 reliquos
2623 3029 2875 3092 sumptus
2899 3021 3130 3092 benigne
3152 3020 3526 3091 suppeditaret
3546 3061 3563 3086 ,

1985 3122 2041 3170 et
2072 3113 2338 3183 Origenes
2377 3113 2591 3184 magnis
2643 3113 2844 3184 vigiliis
2890 3112 3205 3183 ingentique
3259 3113 3372 3166 otio
3418 3112 3564 3167 bunc

1984 3204 2311 3263 enarrandae
2362 3203 2666 3276 Scripturae
2695 3204 2939 3260 laborem
2967 3212 3414 3275 prosequeretur.
3439 3202 3563 3260 Pri-

1986 3314 2134 3353 mum
2166 3298 2215 3353 ei
2251 3298 2492 3354 studium
2533 3296 2634 3352 fuit
2666 3312 2759 3352 sex
2796 3296 2853 3350 in
2889 3312 3059 3351 unum
3083 3296 3565 3367 interpretationes

1990 3386 2274 3443 conferre:
2301 3388 2531 3458 Aquilae,
2561 3386 2897 3459 Symmachi,
2926 3385 3281 3458 Septuaginta
3306 3388 3562 3453 duorum,

1990 3476 2408 3546 Tbeodotionis,
2439 3494 2548 3535 una
2585 3494 2712 3533 cum
2760 3477 3001 3534 editione
3034 3476 3233 3544 Quinta
3261 3494 3336 3535 ac
3366 3477 3559 3534 Sexta:

1988 3570 2190 3640 quibus
2270 3570 2516 3640 singulas
2596 3569 2894 3627 Hebraicas
2972 3569 3247 3625 dictiones
3321 3572 3556 3643 propriis

1987 3658 2277 3716 clementis
2309 3660 2647 3732 perscriptas
2698 3660 2909 3716 addidit
2947 3679 2960 3715 z
2999 3669 3116 3716 tum
3176 3680 3244 3719 ex
3302 3664 3558 3726 adverso.

1990 3753 2161 3807 altera
2201 3752 2255 3806 in
2304 3752 2500 3823 pagina
2553 3760 2874 3807 contextum
2923 3753 3155 3808 alterum
3196 3753 3326 3811 fecit
3354 3771 3418 3812 ex
3451 3754 3563 3812 lie-

1985 3842 2191 3900 braicis
2224 3842 2562 3900 dictionibus
2595 3842 2797 3899 Graecis
2833 3845 3029 3901 litteris
3053 3848 3311 3903 exaratis.

1987 4241 2192 4301 Christi
2220 4243 2327 4300 254
2360 4245 2580 4311 accidit,
2612 4246 2739 4302 anni
2769 4254 2922 4304 ‘sunt
2951 4261 3060 4303 non
3111 4247 3295 4317 plures
3325 4246 3417 4302 25.
3451 4245 3559 4303 Mo-

1986 4314 2146 4394 rninit
2188 4316 2354 4385 hujus
2402 4318 2657 4372 secundae
2703 4318 2761 4373 in
2806 4316 3152 4373 Palaestinam
3207 4317 3560 4387 profectionis

1988 4384 2131 4438 idem
2164 4384 2432 4442 Eusebius
2464 4388 2519 4442 in
2541 4386 2825 4453 Chronico,
2860 4389 2929 4444 ad
2956 4403 3159 4443 antium
3185 4388 3442 4442 Antonini
3478 4405 3554 4444 xi.

1991 4450 2186 4508 Verum
2217 4465 2343 4510 ante
2378 4456 2481 4510 hoc
2512 4466 2748 4528 tempus,
2789 4459 3042 4514 hortante
3067 4457 3377 4521 Ambrosio,
3405 4472 3558 4513 com-

296 4522 374 4577 De
395 4523 553 4590 pond.
578 4540 640 4577 ac
660 4539 826 4577 mens.
859 4522 1182 4593 chronologi
1218 4531 1383 4592 atque
1414 4520 1662 4576 historici
1692 4528 1874 4575 trans-
1983 4525 2284 4580 mentarios
2316 4524 2370 4578 in
2401 4542 2610 4580 sacram
2635 4527 2966 4598 Scriptorum
2984 4529 3359 4591 elucubrasse,
3395 4529 3559 4598 idque

298 4594 560 4647 tulerunt.
591 4591 843 4648 Sedbaec
876 4593 1069 4646 vellem
1104 4591 1193 4646 isti
1227 4590 1544 4646 accuratius
1577 4590 1871 4661 expendis-

294 4670 440 4729 sent,
470 4677 535 4716 ac
564 4677 689 4716 cum
714 4659 1184 4733 gestis-Origenls,
1208 4670 1268 4721 et
1290 4659 1510 4715 Eusebii
1533 4660 1629 4715 lib.
1661 4675 1711 4714 vt
1736 4675 1870 4715 con-

1977 4594 2176 4661 partim
2201 4593 2484 4653 Caesareae.
2527 4598 2724 4667 partim
2757 4599 2888 4652 alibi
2920 4597 3144 4660 fecisse,
3179 4615 3288 4654 non
3322 4599 3555 4655 obscure

1901 4688 1946 4743 D
1975 4663 2246 4732 siguificat
2276 4663 2566 4729 Eusebius.
2609 4682 2731 4736 cap.
2764 4668 2853 4732 17,
2908 4668 3000 4722 ubi
3057 4666 3248 4723 eodem
3290 4676 3554 4739 tempore.

296 4731 721 4788 tulissent..Non
748 4731 894 4786 enim
926 4732 1243 4786 dubitamus
1295 4731 1427 4801 quin
1485 4746 1638 4786 mera
1684 4729 1866 4785 fabula
1977 4748 2089 4802 quo
2132 4742 2357 4790 auctore
2380 4736 2672 4792 Ambrosio
2713 4738 2768 4791 in
2798 4738 3220 4793 commentando
3250 4745 3368 4795 erat
3390 4754 3555 4793 occu·

294 4804 403 4868 sit,
444 4802 607 4873 idque
630 4802 796 4857 centis
824 4809 989 4870 atque
1013 4800 1354 4855 evidentibus
1377 4801 1713 4872 argumentis
1742 4815 1871 4869 pos-

299 4874 371 4927 sit
399 4872 635 4928 ostendi.
670 4872 806 4927 Nam
843 4873 957 4926 haec
988 4871 1053 4926 in
1077 4868 1280 4940 Tyrum
1317 4870 1584 4941 profectio
1617 4872 1868 4940 contigit,

297 4952 357 4997 nt
389 4942 1020 5013 testatum-Epiphanius,
1054 4949 1178 5009 post
1201 4938 1455 5012 origenis
1482 4941 1719 5009 lapsum,
1744 4955 1868 4994 cum

296 5012 407 5082 jam
443 5013 731 5084 presbyter
768 5012 1053 5066 ordinatus
1091 5021 1261 5065 esset.
1331 5010 1456 5064 Non
1481 5010 1612 5065 illud
1643 5009 1755 5079 jam
1786 5024 1875 5063 re·

296 5089 459 5153 peto,
520 5080 775 5153 origenis
832 5081 1199 5134 calamitatem
1253 5080 1424 5135 videri
1469 5095 1535 5135 ex
1583 5078 1870 5150 Epiphanii

294 5161 475 5207 mente
520 5154 624 5206 snb
675 5151 839 5206 Decio
876 5151 1270 5213 collocandam,
1318 5149 1507 5222 paucis
1554 5160 1679 5204 ante
1725 5150 1872 5205 illius

294 5222 502 5276 obitum
533 5223 715 5277 annis.
769 5219 1063 5290 Fingamus
1101 5220 1193 5273 «liu
1226 5230 1353 5275 ante
1381 5220 1699 5288 contigisse.
1754 5217 1872 5275 Duo

293 5308 359 5345 ex
396 5291 629 5347 Eusebio
658 5300 806 5347 certa
834 5298 1003 5344 sunt:
1070 5288 1356 5359 Origenem
1380 5304 1446 5344 eo
1479 5297 1723 5360 tempore
1789 5305 1872 5345 re·

295 5362 574 5432 sbyterum
606 5364 867 5417 Caesareae
890 5376 1013 5415 esse
1061 5359 1287 5425 factum,
1335 5375 1446 5430 qno
1476 5358 1715 5415 zebinus
1769 5360 1870 5413 'hi-

296 5432 405 5487 lcto
431 5440 645 5485 mortno
678 5432 1075 5486 Antiochenam
1117 5431 1298 5485 sedem
1338 5431 1597 5494 obtinuit,
1643 5445 1766 5482 cnm
1814 5430 1870 5484 in

294 5499 558 5555 Graeciam
598 5517 692 5571 per
721 5502 1080 5561 Palaestinam·
1099 5501 1202 5554 iter
1237 5502 1456 5560 faceret,
1489 5500 1635 5568 quod
1672 5499 1763 5551 lib.
1793 5514 1866 5562 vi,

294 5584 416 5639 cap.
442 5570 530 5634 17,
549 5580 754 5626 narrat.
785 5572 916 5626 item
940 5581 1061 5641 post
1076 5585 1277 5624 animm
1289 5569 1581 5623 Alexandri
1598 5567 1867 5622 decimum

295 5642 598 5695 Caesaream
661 5643 1055 5711 profugientem
1113 5638 1309 5694 ibidem
1359 5638 1567 5692 diutius
1624 5637 1865 5695 haesisse.

296 5710 451 5781 Apud
480 5709 771 5766 Eusebium
803 5713 858 5765 in
889 5709 1148 5766 Chronico
1169 5708 1420 5764 Zebenus
1451 5718 1572 5777 post
1597 5705 1867 5761 Pliiletum

294 5780 672 5838 Antiochenns
717 5783 1011 5851 episcopus
1046 5779 1221 5833 factus
1248 5785 1355 5838 est.
1405 5791 1551 5831 anno
1572 5776 1866 5833 Alexandri

296 5866 389 5914 ιιι,
412 5854 505 5921 qui
532 5850 983 5911 estChristiRS,
1005 5865 1127 5904 cnm
1150 5849 1411 5919 origenes
1445 5862 1648 5901 antium
1684 5856 1870 5917 ageret

294 5936 444 5975 xtnt.
523 5921 707 5976 Ᾰιιιιιιιι
746 5936 878 5975 vero
920 5919 1165 5975 decimus
1198 5916 1511 5980 Alexandri,
1549 5917 1754 5972 Christi
1784 5926 1869 5973 cst

293 5990 419 6059 25¹,
440 5988 690 6065 origenis
713 6005 834 6049 mm
857 6007 873 6059 ;
900 6006 929 6044 a
956 6006 1065 6061 quo
1098 5992 1164 6046 ad
1187 5988 1308 6060 ejus
1341 5986 1571 6051 obitum,
1601 5987 1693 6061 qui
1724 6004 1867 6044 anno

1974 4809 2156 4872 patus,
2182 4807 2617 4874 proticiscentem
2648 4808 2875 4862 illumin
2918 4807 3184 4863 Graeciam
3218 4817 3402 4863 narrat
3433 4808 3552 4863 Cae-

1975 4886 2148 4928 sareae
2188 4874 2500 4931 ordinatum
2536 4891 2657 4932 esse
2689 4880 3088 4949 presbyterum.
3141 4876 3411 4943 Quocirca
3445 4877 3550 4934 fal-

1974 4957 2096 4997 sum
2155 4952 2241 4998 est
2290 4944 2577 5017 origenem
2639 4954 2784 5003 totos
2832 4948 2904 5003 28
2953 4962 3130 5003 annos
3168 4947 3296 5020 Tyri
3358 4963 3554 5005 conse-

1973 5011 2143 5076 disse,
2176 5013 2358 5095 ibique
2383 5019 2898 5073 commentariorum
2956 5018 3228 5089 ingentem
3262 5018 3407 5072 illam
3436 5035 3553 5075 mo-

1973 5082 2080 5163 lem
2103 5083 2363 5141 edidisse.
2396 5085 2509 5141 l‘loc
2532 5089 2676 5141 enim
2698 5090 3056 5153 Alexandriae,
3080 5089 3362 5150 Caesareae,
3387 5088 3552 5145 Athe-

1973 5167 2079 5217 nis,
2106 5154 2336 5211 diversis
2365 5158 2701 5226 temporibus
2729 5161 2860 5229 egit,
2885 5160 2960 5212 uti
2983 5173 3106 5229 cap.
3135 5162 3200 5213 ¹8
3226 5160 3418 5214 scribit
3448 5160 3550 5214 Eu-

1973 5224 2179 5277 sebius.
2215 5223 2304 5304 ·De
2329 5224 2495 5296 Tyrio
2535 5241 2754 5284 secessu
2799 5229 2945 5284 nulla
2972 5239 3058 5285 cst
3082 5228 3225 5299 apud
3254 5228 3545 5286 Eusebium

1971 5293 2117 5361 qnod
2149 5309 2344 5358 sciam,
2374 5298 2598 5352 mentio.
2633 5296 3153 5364 flieron.duntaxat,
3171 5298 3345 5369 Epist.
3375 5301 3444 5354 55
3477 5301 3550 5355 lle

1970 5363 2236 5440 erroribus
2264 5364 2414 5435 orig.
2449 5368 2516 5422 ad
2550 5367 2796 5430 Panum..
2818 5366 3059 5434 Centum,
3087 5369 3286 5440 inquit,
3315 5370 3550 5441 quadra-

2009 5442 2119 5513 ’mo
2157 5435 2285 5487 artui
2315 5451 2410 5503 pro
2447 5445 2638 5503 esunt,
2680 5454 2746 5492 cx
2772 5454 2872 5509 quo
2911 5438 3159 5509 Oriqenes
3195 5452 3433 5495 intortum
3470 5452 3546 5496 est

2019 5516 2139 5571 ,ινιτ
2186 5505 2333 5573 quod
2369 5508 2382 5559 i
2425 5523 2509 5561 em
2561 5506 2617 5561 in
2654 5507 2898 5578 Catoetoq.
2937 5512 3120 5578 script.
3151 5511 3278 5565 eccl.
3308 5526 3548 5566 commc-

1971 5582 2169 5652 morat.
2216 5573 2520 5631 Verisimile
2542 5586 2628 5632 est
2654 5580 2818 5649 igitur
2848 5579 3160 5648 origenem,
3193 5597 3320 5636 cnm
3351 5582 3405 5634 in
3440 5580 3545 5634 De-

1971 5643 2044 5696 cii
2075 5648 2453 5712 persecutione
2485 5645 2677 5701 aflecta
2709 5648 2824 5718 jam
2868 5657 3026 5704 aetate
3064 5651 3251 5721 lapsus
3289 5658 3456 5715 esset,
3489 5651 3546 5705 in

1970 5711 2316 5769 Palaestinam
2349 5718 2665 5783 recessisse,
2699 5734 2764 5773 ac
2791 5718 2919 5791 'syri
2949 5729 3226 5778 mortuum
3256 5736 3401 5777 esse.

2012 5782 2155 5862 ·(29)
2186 5786 2358 5866 ,Ὅθεν
2382 5786 2449 5839 τὸ
2489 5784 2724 5855 πρῶτον
2749 5789 2937 5845 αὑτοῦ
2973 5790 3287 5862 ἐπιμελῶς.
3327 5790 3450 5861 Agit
3475 5804 3544 5847 oe

1970 5850 2057 5907 lns
2107 5855 2359 5925 origenis
2410 5855 2744 5914 editionibus
2800 5863 3218 5917 accuratissime
3267 5860 3406 5915 libro
3466 5860 3542 5916 De

1969 5922 2128 5991 pond.
2157 5935 2205 5979 et
2223 5942 2409 5993 neem„
2440 5928 2531 5983 ubi
2561 5944 2680 5999 quai
2701 5927 2970 5996 Μακαρία,
2995 5941 3049 5984 ct
3067 5929 3291 5998 Octapfo
3313 5930 3537 5999 fuerint,

1967 5995 2211 6065 exponit.
2249 5993 2380 6053 Vide
2409 6012 2537 6068 quae,
2563 5997 2630 6054 ad
2664 6015 2721 6054 ιι.
2753 6000 2818 6057 19
2847 5998 3043 6056 ibidem
3073 6002 3447 6060 observamus.
