3850 6517
308 409 410 465 215

1708 398 1766 462 S.
1806 397 2147 453 EPtPnaNii

3426 396 3534 455 stt

307 522 471 577 etiam
502 535 612 592 quo
643 520 745 591 illi,
781 517 987 582 Scribae
1024 516 1370 589 prodierunt,
1419 514 1558 585 legis
1598 515 1868 584 interpre-
1898 517 1943 573 Α
1971 513 2192 582 γόνασιν
2236 512 2339 566 ἀνὰ
2380 512 2541 584 μέσον
2582 510 2673 567 τοῦ
2710 510 2922 585 χρόνον,
2957 511 3049 565 καὶ
3084 511 3181 565 σὺν
3222 508 3405 572 αὺτοῖς
3433 511 3534 580 τὴν

308 619 413 677 tes,
436 627 503 667 sc
536 614 684 670 velut
705 610 995 684 quamdam
1023 606 1437 681 grammaticam
1459 603 1718 676 professi,
1740 618 1865 659 cum

305 704 522 760 cacteris
550 704 605 758 iii
630 703 796 762 rebus
845 700 1160 757 «iudaeorum
1218 697 1489 753 institutis
1531 695 1867 760 inbaereant3

305 808 426 864 quae
459 792 863 862 superstitiosis
892 800 945 848 et
973 788 1334 846 cavillatoriis
1362 787 1598 845 inventis
1629 787 1867 857 interpo-

305 884 510 938 larunt.
549 881 737 952 Neque
761 881 909 938 enim
941 895 1007 934 ex
1039 878 1176 949 legis
1228 877 1497 932 duntaxat
1545 878 1868 948 praescripto

304 975 516 1039 vivunt,
544 988 733 1033 vei-um
754 972 985 1042 insuper
1007 984 1202 1028 urceos
1224 976 1279 1024 et
1300 970 1523 1035 calices,
1571 983 1634 1024 ac
1658 969 1862 1035 discos.

300 1070 357 1115 et
384 1061 594 1130 reliqua
623 1062 881 1117 utensilia
908 1062 1113 1126 lavant,
1150 1066 1337 1129 utpote
1367 1060 1615 1126 sincerae,
1647 1074 1711 1119 ac
1733 1075 1863 1117 san·

299 1150 492 1211 ctioris
521 1149 830 1221 disciplinae
846 1151 1111 1215 cultores.
1144 1148 1308 1205 ¹Nam
1324 1156 1379 1210 et
1395 1164 1588 1208 manus
1612 1149 1865 1223 frequen-

299 1246 387 1304 ter
419 1239 648 1294 abluunt
676 1249 732 1296 et
758 1242 917 1311 aquis
940 1256 999 1297 se
1020 1253 1085 1295 ac
1123 1240 1360 1297 lavacris
1385 1240 1726 1313 abstergunt.
1751 1241 1862 1297 iia-

298 1328 432 1387 bent
459 1337 515 1385 ct
542 1337 726 1389 certas
754 1330 1018 1397 fimbrias,
1055 1346 1177 1401 quai
1219 1332 1463 1395 instituti
1506 1342 1636 1394 sunt
1673 1349 1862 1393 eorum

299 1422 478 1493 signa,
513 1422 581 1478 ad
610 1438 866 1495 pompam
889 1431 944 1480 et
967 1424 1421 1489 ostentationem,
1478 1413 1865 1497 captandaque

297 1516 664 1583 spectantium
718 1517 988 1586 praeconia
1017 1516 1371 1587 compositas.
1427 1517 1508 1572 Ad
1535 1517 1650 1572 liaec
1681 1525 1863 1573 vestes

298 1605 651 1676 phylacteriis
694 1606 983 1664 distinctas
1022 1607 1304 1679 gerebant,
1332 1622 1457 1679 quae
1491 1616 1622 1663 sunt
1666 1609 1864 1664 latiora

297 1695 546 1765 qnaedam
580 1711 837 1767 purpnrae
868 1710 1169 1779 segmenta.
1216 1698 1291 1764 De
1314 1698 1514 1772 quibus
1536 1714 1661 1755 cum
1684 1698 1863 1767 Esau·-

370 1850 387 1883 ¹
412 1847 577 1904 Marc.
601 1865 696 1913 vii,
724 1852 777 1905 ³.

1972 602 2186 675 ἠλικίαν
2238 602 2585 672 κατάγοντες,
2636 603 2830 667 οἵτινες
2877 599 3016 675 ἦσαν
3061 600 3382 672 δευτερωταῖ
3441 599 3532 653 τοῦ

1970 696 2156 767 νόμου,
2187 695 2262 761 ὡς
2295 697 2686 769 γραμματικήν
2727 713 2850 749 τινα
2881 695 3190 766 ἐπιστήμην
3221 693 3535 764 ὑφηγούμεφ

1970 803 2069 842 νοι.
2100 786 2168 839 τά
2198 785 2330 841 ἄλλα
2360 786 2685 857 πράττοντες
2718 785 2828 839 τῶν
2863 784 3126 838 Ἰουδαίων
3147 799 3160 814 ·
3191 783 3449 855 περιττὴν
3475 783 3533 836 δί

1967 893 2088 929 τινα
2102 874 2258 948 δῆθεν
2278 877 2592 946 σοφιστικὴν
2612 876 2881 948 ὑφήγησιν
2902 871 3301 944 εἰσηγούμενοι,
3314 873 3373 925 οὺ
3392 872 3532 927 κατὰ

1968 967 2130 1037 νόμον
2178 966 2336 1039 μόνον
2389 964 2645 1037 βιοῦντες,
2701 965 2836 1020 ἀλλὰ
2878 963 3281 1035 περισσότερον,
3328 961 3531 1028 ξεστῶν

1968 1059 2304 1130 βαπτισμοὺς
2338 1058 2714 1128 φυλάσσοντες,
2733 1056 2825 1111 καὶ
2847 1055 3139 1128 ποτηρίων,
3154 1055 3247 1109 καὶ
3264 1055 3530 1119 πινάκων,

1967 1151 2059 1205 καὶ
2087 1148 2195 1204 τῶν
2217 1150 2390 1204 ἄλλων
2430 1147 2636 1203 σκευῶν
2672 1147 2769 1219 τῆς
2792 1146 3112 1218 ὑπηρεσίας,
3139 1144 3215 1209 ὡς
3256 1144 3413 1215 δῆθεν
3437 1146 3530 1197 ἐπὶ

1966 1239 2026 1294 τὸ
2055 1239 2352 1311 ἀκραιφνὲς
2375 1238 2468 1292 καὶ
2497 1238 2643 1292 δσιον
2677 1236 3003 1307 διακείμενοι
3025 1253 3039 1266 ·
3087 1234 3407 1305 πυγμῄεμὲν
3428 1232 3528 1297 τὰς

1965 1328 2153 1399 χεῖρας
2182 1326 2490 1396 νυττόμενοι
2539 1325 2674 1397 (95),
2713 1327 2902 1396 πυγμῇ
2932 1322 2988 1377 δὲ
3021 1324 3116 1377 καὶ
3155 1321 3526 1393 καθαρισμούς

1963 1437 2116 1484 τινας
2141 1420 2208 1473 δι’
2242 1417 2449 1472 ὑδάτων
2479 1417 2574 1471 καὶ
2600 1414 2839 1490 λουτρῶν
2873 1413 3312 1485 άποσμηχόμενοι
3332 1428 3346 1445 ⁰
3373 1412 3526 1483 ἔχον-

1963 1528 2054 1576 τες
2102 1511 2160 1565 δέ
2210 1527 2331 1564 τινα
2367 1507 2647 1581 κράσπεδα
2677 1505 2984 1579 σημαντικὰ
3011 1504 3111 1576 τῆς
3157 1503 3335 1559 αὐτῶν
3375 1502 3527 1558 πολι-

1962 1603 2112 1666 τείας
2142 1603 2221 1665 εἰς
2265 1598 2521 1667 ἐπίδειξιν
2546 1599 2759 1671 κόμπου
2800 1597 2895 1652 καὶ
2926 1596 3144 1650 ἔπαινον
3170 1594 3279 1648 τῶν
3320 1593 3526 1665 ostoph.

1964 1710 2087 1757 νων.
2144 1692 2254 1759 Καὶ
2305 1689 2647 1763 φυλακτήρια
2695 1690 2827 1770 παρ’
2880 1690 3090 1752 ἑαυτοῖς
3147 1685 3260 1759 (96)
3314 1685 3407 1741 ἐπὶ
3456 1683 3526 1749 τὰ,

296 1981 512 2050 νομικοὶ
536 2021 551 2041 ,
598 1992 651 2038 et
681 1985 1118 2056 νομοδιδάσκαΑοι
1150 2027 1163 2051 ,
1204 1997 1257 2043 ct
1304 1992 1650 2061 γραμματεῖς
1679 1994 1865 2063 appel·
1897 2004 1939 2061 Β
1965 1992 2265 2062 Φαρισαῖοι.
2296 1991 2389 2044 καὶ
2410 1991 2459 2043 οι
2485 1987 2716 2060 νομικοὶ.
2750 1986 2855 2055 Qui
2886 2000 3007 2055 cap.
3032 2001 3084 2047 v,
3112 1982 3198 2047 Π,
3225 1982 3524 2051 Φαρισαῖοι,

298 2050 498 2106 lantur.
535 2052 869 2121 Epiphanius
911 2070 1039 2111 vero
1073 2057 1126 2111 in
1165 2060 1412 2127 sequenti
1451 2060 1644 2120 liaeresi
1684 2061 1858 2133 Νομι-

297 2119 427 2184 κοὺς
472 2135 502 2174 a
532 2122 735 2181 Scribis
764 2124 1074 2182 discernere
1120 2125 1362 2192 videtur:
1400 2128 1477 2182 ait
1525 2129 1669 2184 enim
1715 2129 1860 2186 Plia-

298 2189 486 2244 risaeos
520 2192 707 2247 eailcm
761 2207 884 2248 cuin
918 2194 1124 2251 Scribis
1175 2197 1435 2253 sensisse.
1473 2197 1861 2269 Γραμματεῦσι

293 2256 352 2311 δὲ
379 2298 393 2321 ,
447 2262 630 2332 φημὶ,
684 2265 798 2327 τοῖς
843 2264 1300 2387 ἐρμηνευῧιένοις
1348 2266 1817 2335 νομοδιδάσκαλοις
1844 2289 1858 2303 ·

296 2330 536 2398 συνῆσαν
550 2331 660 2403 γὰρ
686 2331 869 2396 αὐτοῖς
903 2336 996 2387 καὶ
1018 2335 1070 2388 οἱ
1134 2334 1336 2406 ομικοῖ.
1375 2333 1527 2392 Hanc
1560 2351 1668 2392 non
1700 2340 1863 2396 modo

300 2396 584 2468 Epiplianii
632 2402 939 2469 opinionem
968 2418 1131 2469 csse;
1172 2420 1357 2459 rei-uin
1394 2406 1555 2460 etiam
1584 2404 1743 2463 Lucae
1784 2419 1863 2465 te·

296 2470 555 2523 stinionio
585 2473 929 2540 comprobari
978 2472 1209 2528 Drusius
1245 2473 1543 2529 arbitratur
1568 2475 1661 2531 lib.
1697 2492 1737 2531 ii
1784 2478 1863 2535 De

299 2536 467 2596 tribus
496 2541 670 2600 sectis,
695 2555 815 2610 cap.
852 2540 952 2609 l3;
989 2557 1111 2596 nam
1160 2558 1285 2597 cuin
1318 2541 1570 2600 Christus
1601 2560 1743 2603 com.
1770 2548 1860 2614 45,

297 2606 566 2662 dixisset:
599 2609 737 2663 οὐαὶ
787 2611 915 2681 ὑμῖν
945 2650 960 2670 ,
1020 2611 1373 2684 Γραμματεῖς
1441 2613 1536 2667 καὶ
1582 2615 1862 2687 Φαρισαῖοι

298 2676 625 2747 ὑποκριταὶ,
656 2680 739 2733 ὅτι
769 2680 893 2733 ἐστὲ
934 2681 1010 2744 ὡς
1052 2681 1119 2734 τὰ
1161 2685 1400 2751 μνημεῖα
1430 2681 1499 2734 τά
1527 2682 1727 2755 ἄδηλα,
1754 2697 1859 2742 etc.

308 2743 397 2803 Vn:
431 2746 570 2801 vobis
590 2786 606 2811 ,
636 2748 835 2808 Scriba·
861 2762 910 2803 et
943 2748 1203 2815 Phari-stri
1232 2751 1552 2820 liypocritoe,
1574 2755 1699 2823 qnia
1735 2759 1861 2810 estis

300 2823 358 2868 iit
381 2827 736 2897 monumenta,
795 2834 877 2872 iioe
892 2835 993 2902 nou
1016 2837 1082 2904 cip
1120 2831 1291 2885 arent,
1321 2824 1503 2902 statim
1519 2823 1736 2905 quidem
1753 2826 1863 2881 τῶν

299 2899 753 3010 ἲῖιὲἧέἓῖἶῑῗῖῗέ
773 2891 1082 3025 [ἰῖἳέῗηῖίι
1096 2888 1238 3014 ⁸122.ss
1239 2906 1285 3013 ξ’
1287 2888 1727 3029 ’κ’ἔῖξᾝῗέἓὲἔ,
1737 2909 1864 3017 ⁶321

301 3026 483 3146 ρικοῖς
526 3026 678 3079 οὺαῖ·
717 3024 784 3078 Et
814 3026 955 3081 vobis
987 3030 1295 3097 legisperitis
1329 3042 1407 3081 voe
1428 3044 1446 3080 .·
1475 3030 1632 3097 quasi
1656 3031 1863 3088 diceret

322 3094 647 3162 egispeiitiis
674 3093 823 3149 :Non
857 3098 1033 3150 solinu
1064 3096 1285 3160 Scribas
1314 3104 1369 3151 et
1405 3095 1731 3159 Pliarisaeos.
1763 3102 1858 3157 sed

298 3164 463 3215 ctiam
495 3177 593 3218 nos
621 3164 896 3234 νομικοὺς,
930 3165 983 3218 id
1015 3175 1098 3221 est
1127 3166 1465 3235 legisperitos
1492 3175 1667 3223 notas.
1720 3168 1861 3241 Ergo

300 3230 499 3286 diversi
530 3234 863 3302 aliquantum
891 3236 1103 3315 νομικοί
1134 3250 1162 3288 a
1205 3234 1432 3290 Scribis.
1469 3234 1709 3306 Scaliger
1730 3255 1862 3295 vero

299 3301 356 3354 in
389 3300 637 3355 Elenclio.
673 3318 790 3373 cap.
827 3304 886 3357 Η
914 3342 928 3366 ,
960 3320 1012 3357 ιιι
1043 3304 1232 3360 eodem
1266 3302 1552 3376 Epiplianii
1585 3307 1703 3362 loco
1734 3309 1860 3363 Ser-

299 3370 445 3423 rario
474 3380 793 3440 arroganter
825 3374 1095 3429 insultans
1130 3373 1387 3443 νομικοὺς
1412 3375 1487 3428 ait
1524 3377 1732 3444 proprie
1750 3376 1865 3445 sor-

299 3439 474 3492 mulas
497 3440 639 3508 jiiri‘s
669 3482 683 3503 ,
715 3452 765 3497 et
804 3444 1036 3497 actiones
1070 3442 1247 3497 civiles
1276 3441 1517 3501 docuisse
1539 3484 1552 3500 .
1590 3462 1652 3507 iic
1684 3446 1864 3515 soreii·

299 3508 384 3562 sia
428 3511 594 3579 maqi‘s
645 3520 918 3566 tractasse.
952 3510 1019 3565 Et
1054 3521 1241 3581 postea
1269 3511 1519 3567 cumdem
1552 3512 1861 3572 Serrai-ium

306 3580 636 3647 insequitur,
668 3583 813 3649 quod
846 3580 1068 3636 Scribas
1103 3582 1234 3651 legis
1263 3595 1386 3635 cum
1418 3583 1615 3639 scribis
1653 3586 1861 3664 populi,

300 3653 353 3699 ct
376 3650 635 3705 actuariis
659 3650 889 3721 publicis
910 3649 1238 3705 confuderit.
1263 3648 1377 3704 Duo
1390 3651 1535 3704 enini
1560 3654 1862 3710 scribarum

180 3784 183 3788 ἵ
299 3729 498 3785 genera
520 3720 836 3774 constituit:
865 3721 1212 3791 γραμματεῖς
1230 3718 1324 3773 τοῦ
1343 3718 1533 3800 γόμου,
1564 3721 1657 3774 καὶ
1686 3738 1866 3794 wop.-

303 3787 494 3854 ματεῖς
544 3788 636 3842 τοῦ
690 3788 821 3843 λαοῦ
848 3806 860 3820 ·
898 3800 951 3844 ct
1006 3789 1106 3845 lios
1156 3797 1486 3857 posteriores
1534 3800 1749 3849 actores
1782 3793 1863 3847 rel

301 3857 579 3914 actuarios
620 3859 867 3932 publicos
909 3857 1077 3915 fuisse
1102 3867 1270 3930 putat.
1312 3855 1423 3914 Nos
1446 3867 1649 3916 attente
1677 3865 1862 3917 consi-

299 3924 506 3982 deratis
531 3928 787 3985 omnibus
811 3942 920 3983 non
941 3927 1274 3992 dubitamus,
1345 3928 1437 3983 uin
1463 3930 1673 4000 νομικοί
1700 3932 1862 3987 iidem

302 3995 414 4049 sint
441 4011 565 4051 eum
604 3995 813 4054 Scribis
836 4036 850 4061 ,
880 4005 935 4051 et
962 3997 1282 4077 νομοδιδασκ
1350 4014 1431 4061 οις
1458 3998 1602 4068 apud
1628 4015 1862 4072 evange·

304 4065 474 4121 listas.
511 4063 644 4121 Nam
676 4065 745 4124 ‹le
778 4066 874 4138 Epi
917 4066 1063 4122 banii
1126 4067 1246 4123 loco
1297 4077 1484 4137 postea
1518 4068 1814 4134 viderimus
1846 4088 1859 4123 ι

301 4134 544 4206 adeoque
572 4136 868 4193 loedissime
901 4137 1126 4207 'caliger
1151 4136 1531 4200 hallucinetur,
1566 4152 1690 4192 cum
1711 4156 1863 4209 νομιτ

303 4202 433 4267 κοὺς
467 4208 743 4262 actuarios
770 4207 1017 4277 publicos
1045 4221 1168 4261 esse
1194 4203 1383 4261 docet:
1409 4219 1518 4276 quo
1547 4207 1680 4262 nillil
1711 4208 1865 4277 inep-

304 4272 414 4328 tius
443 4275 691 4330 excidere
724 4275 918 4346 potuit.
962 4274 1094 4329 Nani
1129 4282 1188 4330 ιιι
1228 4272 1388 4331 Lucae
1424 4275 1516 4330 illo
1552 4276 1671 4347 ipso
1720 4278 1861 4347 loce,

304 4340 373 4395 de
399 4357 507 4410 quo
535 4345 694 4412 paulo
722 4356 865 4415 post,
895 4354 1038 4408 utar,
1070 4359 1193 4399 cuni
1218 4360 1336 4415 cap.
1370 4360 1449 4409 xi,
1483 4345 1574 4408 46.
1614 4346 1681 4409 ad
1708 4363 1864 4419 νομι-

305 4410 435 4475 κοὺς
463 4415 710 4469 oratione
738 4428 999 4471 conversa
1017 4454 1033 4478 ,
1070 4415 1141 4468 ita
1173 4428 1269 4474 eos
1315 4413 1567 4472 Christus
1593 4417 1859 4486 exagitatg

306 4481 416 4534 Καὶ
450 4482 575 4553 ὑμῖν
603 4487 714 4547 τοῖς
743 4488 985 4555 νομικοῖς
1010 4483 1160 4539 οὺαί·
1201 4485 1324 4561 quia
1356 4486 1586 4539 oneratis
1630 4486 1863 4548 homines

308 4552 574 4617 oneribus,
602 4569 721 4625 qiioe
746 4564 957 4623 portare
988 4571 1090 4609 uon
1108 4563 1347 4623 possitne,
1370 4564 1420 4616 et
1436 4555 1543 4680 (issi
1565 4571 1669 4610 tino
1696 4556 1862 4626 digito

309 4631 476 4675 restro
502 4638 604 4686 zion
638 4624 854 4694 taiiqili‘s
881 4624 1122 4679 sarcinas
1134 4640 1154 4689 ,·
1189 4638 1316 4679 num
1341 4632 1433 4679 tan
1473 4648 1490 4678 ι

307 4692 590 4762 publicos,
627 4701 683 4749 et
729 4695 969 4749 civilium
1000 4694 1276 4749 actionum
1319 4694 1667 4750 sorniularios
1702 4695 1864 4751 intel-

310 4761 439 4815 lexit
459 4801 474 4826 ,
526 4777 590 4820 ac
630 4777 735 4819 non
766 4764 946 4835 potius
976 4763 1105 4834 legis
1133 4764 1451 4833 interpretes
1479 4779 1544 4818 ac
1570 4764 1865 4826 doctores?

307 4831 441 4885 Cuni
478 4836 774 4901 praesertim
807 4832 992 4898 bistili.
1027 4848 1181 4893 xxiii.
1225 4833 1364 4886 idem
1400 4832 1609 4890 Scribis
1635 4842 1690 4889 et
1716 4832 1862 4898 Plia-

310 4902 503 4963 risaeis,
537 4903 681 4970 qnod
718 4902 856 4971 apud
898 4900 1099 4955 Lucam
1136 4903 1250 4964 τοῖς
1280 4904 1522 4972 νομικοῖς
1543 4943 1559 4965 ,
1588 4904 1861 4972 objectum

311 4971 415 5023 sit:
454 4986 645 5040 iii-nipe
669 4971 806 5041 qnod
840 4973 1117 5040 eligerent
1163 4987 1324 5028 onera
1352 4972 1555 5041 gravia,
1579 4981 1629 5027 et
1670 4980 1867 5041 impor-

312 5040 531 5095 tabilia.
562 5052 647 5093 etc
674 5080 690 5106 ,
729 5041 890 5110 digito
916 5051 1091 5103 autem
1141 5057 1239 5096 siio
1286 5042 1483 5101 nollent
1524 5058 1588 5097 ω
1642 5058 1866 5102 novere.

310 5111 490 5172 Quare
516 5109 727 5180 νομικοί
749 5111 816 5164 ait
846 5108 1087 5174 Sci-ibas.
1115 5111 1197 5165 vel
1220 5106 1544 5175 Pbarisaeos.
1576 5110 1659 5168 vel
1687 5120 1868 5169 utros·

309 5192 418 5246 que
455 5181 744 5248 pertinent.
785 5178 930 5242 Sane
956 5179 1048 5251 qui
1077 5177 1265 5235 Mattb.
1291 5194 1413 5250 cap.
1441 5196 1585 5245 xxii,
1615 5181 1687 5246 35
1718 5198 1869 5252 νομι-

313 5247 440 5309 κός,
473 5265 503 5311 a
535 5258 723 5305 nostro
749 5252 1039 5333 interprete
1080 5250 1208 5321 legis
1240 5250 1426 5305 doctor
1453 5252 1653 5307 dicitur
1674 5290 1691 5316 ,
1725 5251 1867 5306 idem

314 5314 477 5371 Marci
511 5333 608 5381 xii,
642 5318 735 5380 28,
766 5315 843 5384 εἷς
862 5339 974 5376 των.
1000 5313 1376 5393 Γραμματὲων
1406 5320 1738 5377 nominatur.
1764 5322 1869 5374 Ai-

314 5400 420 5457 que
456 5386 592 5442 adeo
625 5382 853 5453 Tertull.
895 5391 987 5447 lib.
1032 5408 1085 5447 iv
1111 5398 1252 5450 conc.
1298 5388 1497 5455 nare„
1529 5404 1583 5445 c.
1622 5391 1691 5445 2¹1
1718 5406 1872 5461 νομι-

315 5454 478 5525 κοὺς,
518 5472 748 5534 quorum
780 5460 833 5515 in
860 5462 953 5515 illo
981 5477 1035 5516 xi
1069 5477 1130 5515 ca
1173 5504 1186 5517 .
1221 5460 1394 5517 Lucas
1424 5454 1705 5526 meminit,
1738 5460 1873 5530 legis

317 5526 572 5583 doctores
603 5526 1005 5599 interpretatur.
1047 5530 1129 5584 Ali
1174 5532 1188 5582 i
1228 5546 1358 5586 vero
1390 5529 1591 5599 passim
1621 5532 1871 5599 vulgatus

320 5596 585 5670 interpres
608 5598 832 5667 νομικόν
866 5600 1025 5655 vertit
1051 5600 1414 5669 leqisperi’tiim.
1454 5598 1609 5655 Unde
1631 5611 1729 5670 per

322 5666 529 5738 νομικοὶ
554 5681 677 5722 cum
713 5666 999 5723 Pliarisoeis
1026 5671 1349 5750 copulantur
1375 5708 1391 5733 ,
1424 5675 1483 5726 ut
1505 5666 1637 5723 Luc.
1663 5682 1785 5731 xiv,
1851 5708 1868 5722 .

325 5736 392 5793 Ee
434 5734 743 5807 respondens
786 5735 943 5792 Iesus
984 5735 1120 5791 dia-it
1150 5736 1217 5791 iul
1254 5738 1571 5809 ieqisperi'tos
1598 5747 1650 5792 et
1682 5733 1875 5792 Phari·

320 5821 488 5868 scos:
517 5806 703 5865 Graece
741 5808 867 5873 τοὺς
899 5806 1185 5879 νομικοὺς·
1218 5816 1271 5864 et
1302 5823 1418 5894 cap.
1467 5824 1568 5884 vn,
1589 5806 1688 5868 5⁰:
1716 5805 1782 5868 Oi
1814 5807 1872 5863 δὲ

1966 2061 2061 2115 καὶ
2091 2058 2530 2131 νομοδιδάσκαλοι
2563 2065 2846 2113 vocantur.
2897 2055 3077 2121 Quare
3122 2049 3336 2123 νομικοί
3371 2063 3402 2103 a
3422 2066 3524 2132 ,νο-

1967 2128 2373 2201 μοδιδασκάλοις
2406 2144 2516 2183 ιιοιι
2548 2127 2888 2196 discrepant3
2921 2123 3192 2195 iidemque
3240 2118 3375 2200 legis
3422 2134 3523 2173 in-

1963 2206 2232 2270 terpretes
2274 2204 2425 2261 sunt,
2458 2205 2517 2252 ut
2544 2205 2599 2252 et
2632 2195 2783 2250 Bezae
2809 2194 3009 2276 placuit
3031 2200 3140 2274 μοι
3168 2188 3517 2271 salsissimum

1963 2277 2048 2323 est
2085 2268 2212 2333 τοὺς
2239 2267 2494 2338 νομικοὺς
2527 2266 2746 2337 proprie
2774 2277 2920 2320 circa
2973 2268 3215 2317 actiones
3243 2257 3430 2315 civiles
3456 2270 3520 2310 ac

1966 2337 2228 2394 formulas
2248 2336 2531 2419 occupari.
2565 2335 2670 2389 Par
2697 2341 2784 2391 est
2813 2331 3074 2403 Scaligeri
3102 2328 3373 2410 delirium,
3397 2340 3519 2405 cuni

1966 2404 2188 2462 Scribas
2222 2421 2290 2477 po
2332 2407 2406 2461 uli
2434 2407 2514 2461 sic
2543 2418 2574 2458 a
2615 2402 2822 2459 Scribis
2851 2402 2986 2473 legis
3018 2404 3249 2481 secernit
3279 2435 3294 2460 ,
3348 2401 3408 2447 ut
3442 2393 3518 2448 illi

1967 2476 2197 2530 actuarii
2224 2421 2556 2532 vehem-es
2593 2473 2798 2545 publici
2838 2471 3057 2527 suerint.
3086 2467 3294 2538 Quippe
3327 2461 3518 2545 ὶίαιιιιζ

1966 2560 2026 2610 ιι,
2055 2545 2110 2611 4,
2146 2543 2408 2608 Herodes,
2436 2560 2561 2600 cum
2602 2557 2881 2615 magorum
2914 2538 3205 2595 adventum
3232 2543 3287 2591 et
3315 2532 3522 2615 Clitisti

1964 2614 2301 2669 nativitatem
2356 2614 2708 2678 inaudisset;
2754 2619 2815 2667 ut
2862 2624 2972 2681 quo
3010 2609 3066 2663 in
3119 2606 3240 2663 loco
3273 2603 3528 2683 Christus

1966 2692 2285 2739 nasceretur
2311 2684 2633 2753 inquireret,
2660 2682 2918 2752 principes
2946 2678 3278 2733 sacerdotum
3303 2682 3352 2729 et
3383 2670 3528 2753 Scri-2

1965 2752 2060 2808 bas
2093 2754 2272 2822 populi·
2299 2760 2566 2813 convocat
2594 2792 2609 2816 ,
2640 2760 2697 2807 et
2727 2764 2916 2806 eorum
2943 2758 3280 2825 responsum·
3301 2747 3524 2822 expetit.

1964 2821 2196 2889 Quinam
2222 2823 2386 2893 igitur
2419 2822 2509 2876 alii
2537 2836 2662 2877 esse
2686 2826 2950 2891 possunt,
2987 2830 3149 2888 quain
3180 2814 3314 2893 legis
3335 2816 3527 2893 auter·

2005 2902 2147 2948 retes
2176 2902 2231 2946 et
2257 2891 2548 2948 doctores?
2594 2890 2754 2946 Certe
2786 2904 2896 2945 non
2926 2887 3005 2943 illi
3035 2892 3389 2959 pragmatici·
3430 2884 3527 2936 ⁸¹¹⁸

1988 2961 2269 3015 ormularii
2297 3000 2311 3023 ‚
2347 2962 2460 3017 sive
2509 2959 2737 3014 actuarii
2788 2958 3045 3013 fuerunt:
3084 2966 3224 3027 quos
3258 2962 3422 3008 nemo
3458 2949 3528 3030 de

1965 3046 2026 3084 re
2048 3038 2196 3084 tanta
2230 3046 2292 3084 ac
2323 3036 2432 3083 tani
2476 3027 2755 3085 recondita
2783 3026 3111 3090 consuleret,
3143 3023 3209 3078 ad
3232 3034 3396 3101 quain
3421 3034 3529 3098 sci«,

1965 3098 2091 3154 licet
2115 3099 2518 3181 intelligendam
2556 3097 3069 3176 disceptandamque
3100 3107 3208 3174 iion
3235 3085 3529 3168 inediocris

1966 3182 2247 3223 sacrarum
2282 3168 2585 3224 litterarum
2616 3182 2780 3234 usus,
2810 3181 2877 3223 ac
2926 3170 3152 3242 scientia
3176 3160 3520 3234 requiratur.

1965 3237 2119 3303 Quod
2169 3237 2236 3291 ad
2266 3237 2425 3292 Lucae
2452 3238 2821 3292 testimonium
2850 3231 2983 3290 illuit
3018 3235 3247 3290 attinet5
3290 3237 3412 3293 cap.
3439 3236 3521 3289 xi,

1889 3330 1936 3391 c
1966 3308 2243 3377 singulare
2272 3313 2357 3363 est
2384 3307 2437 3360 in
2466 3321 2532 3362 eo
2559 3306 2815 3377 quiddam
2841 3320 2857 3369 3
2889 3303 2956 3358 de
2984 3315 3092 3371 quo
3121 3293 3323 3362 nullfls,
3349 3304 3527 3363 quan-.-

1966 3385 2081 3431 tuni
2130 3376 2271 3431 scire
2316 3390 2538 3445 possum
2575 3415 2590 3434 .
2645 3375 2913 3441 interpres
2959 3367 3259 3427 admonuit.
3314 3363 3526 3418 Etenim

1966 3444 2153 3500 Graece
2183 3445 2257 3498 ita
2296 3445 2526 3516 legitur:
2564 3444 2702 3498 Οὐαὶ
2731 3442 2860 3514 ὑμῖν
2879 3481 2894 3503 .
2925 3431 3274 3514 Γραμματεῖξ
3300 3434 3396 3517 καὶ
3421 3431 3527 3512 Φα-

1987 3518 2165 3586 ,ισαῑοι
2218 3513 2507 3586 ὑποκριταί
2538 3552 2553 3576 ,
2593 3528 2791 3567 comm.
2826 3512 2931 3576 u,
2966 3512 3108 3582 quoii
3139 3517 3192 3562 et
3214 3504 3407 3560 Latina
3434 3500 3528 3556 Bi-

1967 3531 2199 3639 ssliorum
2230 3582 2521 3653 Regiorum
2569 3582 2950 3651 interpretatio
2979 3579 3196 3635 retinet.
3223 3573 3294 3629 At
3331 3572 3388 3627 in
3417 3568 3525 3628 La-

1963 3654 2095 3713 tinis
2117 3654 2236 3708 aliis
2265 3653 2567 3715 codicibus,
2596 3659 2653 3705 et
2682 3648 2825 3721 apud
2879 3646 3223 3727 Ambrosium
3254 3649 3310 3699 et
3337 3639 3528 3720 iiim

1964 3737 2185 3793 nymum
2217 3722 2288 3775 ita
2317 3722 2547 3793 legitur:
2589 3720 2680 3775 Voe
2722 3717 2896 3785 vobis,
2967 3719 3057 3771 itia
3093 3724 3220 3771 estis
3249 3721 3307 3766 iit
3334 3725 3524 3766 monu-

1965 3802 2161 3854 menta,
2185 3796 2302 3862 qiioe
2330 3807 2432 3845 iion
2467 3800 2718 3859 apparent
2737 3828 2753 3853 ,
2785 3796 2894 3847 ete.
2964 3802 3102 3857 eque
3128 3781 3391 3867 vocabula
3418 3781 3526 3845 ista

1966 3864 2342 3932 reperiuntur,
2383 3860 2580 3921 Scriboe
2613 3870 2663 3915 et
2691 3858 2953 3918 Pharisoei
2997 3858 3299 3935 hypocritis.
3333 3849 3398 3905 Ei
3428 3864 3532 3933 aps

1965 3940 2118 3999 paret
2145 3932 2198 3985 in
2282 3930 2569 3986 uibusdam
2596 3930 2725 3984 olim
2759 3927 3071 3985 Graecorum
3101 3921 3383 3980 codicibus
3429 3921 3524 3979 illa

1964 3998 2235 4056 defuisse:
2307 4016 2386 4057 nae
2414 4000 2461 4057 si
2484 4008 2867 4070 expungantur
2888 4016 2905 4066 ;
2930 3995 3127 4070 peribit
3146 4007 3209 4076 ar
3246 3998 3524 4073 ιιιιιειιιιιιι

1966 4069 2129 4135 illud;
2199 4085 2268 4125 uo
2300 4072 2472 4126 fretus
2501 4068 2731 4131 Drusiiis
2754 4066 3010 4140 νομικοὺς
3040 4078 3070 4119 a
3090 4062 3210 4119 Scri
3251 4074 3298 4115 is
3325 4058 3524 4141 distin·

1965 4146 2141 4199 xerat.
2159 4084 2243 4193 ‘lii
2313 4140 2528 4196 uanivis
2559 4141 2635 4194 ita
2679 4145 2738 4192 ut
2765 4139 2821 4191 in
2852 4135 3057 4196 Graecis
3084 4138 3300 4214 exstat,-
3321 4127 3525 4209 &²713oe

1962 4218 2013 4261 et
2041 4207 2284 4264 Pliari'soe
2337 4211 2386 4265 le
2424 4223 2601 4274 ainus,
2629 4222 2739 4262 non
2778 4207 2904 4263 inde
2931 4214 3109 4261 tamen
3140 4202 3430 4257 discrimen
3459 4200 3526 4252 il·

1967 4277 2057 4332 lud
2078 4279 2364 4335 evincitur.
2387 4224 2473 4332 vta
2502 4280 2648 4334 enim
2680 4274 3022 4348 interpretari
3051 4271 3210 4327 licet:
3236 4282 3358 4324 cum
3393 4266 3524 4323 liac-

1963 4354 2124 4412 tenus
2155 4349 2208 4403 in
2237 4350 2384 4405 solos
2413 4346 2718 4412 Pharisaeos
2746 4347 2990 4403 invectus
3016 4349 3185 4405 esset,
3245 4345 3524 4421 postremo

1963 4432 2164 4473 comni.
2192 4418 2263 4481 44
2290 4459 2305 4482 ,
2337 4418 2403 4473 ad
2428 4416 2736 4474 Pharisaeos
2770 4417 2931 4472 etiam
2972 4411 3195 4468 Scribas
3233 4410 3520 4490 adiecisse.

1964 4487 2122 4566 Quod
2154 4503 2277 4545 cuin
2304 4488 2521 4559 indigne
2543 4487 2756 4543 tulisset
2786 4484 3028 4555 quidam,
3100 4479 3154 4534 ui
3185 4476 3376 4533 Scriba
3398 4486 3525 4530 tan«

1965 4558 2281 4622 tummodo,
2331 4572 2438 4625 non
2478 4555 2784 4623 Pliarisaeus
2819 4560 2998 4619 esset;
3088 4565 3121 4605 e
3167 4563 3230 4604 ea
3269 4560 3330 4602 re
3383 4560 3522 4600 con·

1489 4641 1558 4678 »m
1586 4628 1863 4682 actuarios
1893 4656 1940 4713 D
1965 4635 2240 4697 questum,
2270 4629 2414 4697 quoii
2449 4640 2557 4682 non
2587 4625 2749 4680 modo
2767 4623 3095 4685 Pharisaeos,
3127 4630 3316 4671 verum
3349 4622 3406 4669 et
3430 4628 3526 4669 or-

1967 4698 2149 4753 dinem
2186 4711 2344 4753 suuin
2384 4696 2700 4756 incesseret.
2761 4692 2888 4758 Baec
2928 4704 3051 4746 esse
3085 4684 3525 4766 potest-simpli·

1969 4767 2191 4821 tissima
2240 4765 2404 4836 hujus
2435 4766 2536 4819 loci
2563 4802 2578 4824 ,
2625 4764 3021 4841 aptissimaque
3062 4763 3355 4841 sententia.
3385 4750 3523 4808 ham

1969 4836 2194 4890 omnino
2229 4833 2484 4906 νομικοὺς
2511 4848 2613 4904 pro
2642 4833 2868 4898 Scribis,
2899 4838 2953 4885 et
2973 4841 3214 4883 vicissim
3243 4866 3260 4892 ,
3289 4836 3524 4894 evange·

1963 4905 2103 4960 listae
2126 4918 2317 4959 omnes
2351 4910 2637 4973 usurpant.
2670 4901 2986 4956 Scribarum
3020 4909 3183 4968 porro
3213 4894 3394 4947 minus
3418 4929 3435 4954 ,
3468 4898 3524 4946 et
3637 4932 3652 4941 .

1963 4974 2196 5028 officium
2229 4976 2486 5043 praeclare
2512 4971 2802 5040 descripsit
2818 4966 3015 5037 Epipb.
3045 4980 3170 5019 cum
3201 4964 3312 5018 ait:
3343 4960 3527 5015 δευτε-

2077 5043 2142 5107 άς
2167 5059 2317 5107 τινας
2340 5042 2435 5103 τοῦ
2467 5042 2632 5114 νόμου
2665 5038 2856 5103 fnisse,
2885 5037 2962 5101 ὡς
2989 5032 3525 5117 γραμματικηντινα

1965 5097 3524 5251 ..tirsiisaiinrsisssssziaeeess¹&sisci

1966 5252 2208 5323 qualibet
2236 5264 2360 5308 esse
2387 5256 2633 5322 poterant
2653 5288 2669 5313 ,
2697 5255 2832 5303 utet
2860 5244 3138 5302 Pharisaei.

2036 5322 2149 5391 (95)
2170 5318 2388 5405 Πυῃιῇ
2410 5320 2528 5390 μὲν·
2556 5320 2664 5404 τὰς
2691 5316 2893 5401 χεῖρας
2911 5316 3273 5439 νιπτᾳιενοι.
3327 5313 3527 5424 nuntii-

1968 5404 2076 5447 non
2114 5392 2273 5446 aliter
2301 5398 2512 5459 accepit
2542 5388 2878 5459 Epipliamus
2899 5426 2919 5453 ,
2951 5399 3017 5441 ac
3106 5386 3323 5457 nlgatus
3353 5384 3495 5439 inter

1968 5474 2095 5588 ges
2120 5500 2136 5524 ,
2175 5473 2275 5532 pro
2299 5471 2364 5515 eo
2391 5459 2538 5529 quod
2562 5466 2649 5514 est
2674 5456 2875 5519 crebro,
2905 5455 3232 5537 frequenter:
3278 5466 3378 5524 pro
3402 5523 3414 5537 ⁸
3455 5466 3527 5535 '.¹⁰

2031 5545 2104 5585 ,za
2138 5530 2393 5584 novitatis
2442 5529 2554 5582 inte
2686 5527 2828 5582 stivo
2850 5527 3032 5581 studio
3071 5539 3243 5595 pugno
3265 5521 3416 5578 reddi
3460 5530 3528 5586 ιι,

1969 5614 2101 5657 sane
2148 5598 2413 5667 imperite.
2444 5538 2683 5653 &eriminae
2707 5593 2935 5651 ludaico
2965 5593 3223 5677 ‘quodam
3270 5592 3524 5647 abluendi

1969 5664 3349 5802 §imitafflatitsswiiaeiifi:¹⁰3.;:·.²·t'.¹¹⁶
3381 5662 3527 5715 ’Μ

2039 5754 2157 5880 ῗθῖὶ)
2204 5806 2310 5864 Kal
2359 5802 2730 5893 φυλακτήρια
2776 5806 2911 5890 παρ’
2955 5772 3210 5869 ἑαῦτοῖς.
3259 5804 3406 5872 Dent.
3449 5818 3528 5881 vt,
