3850 6517
314 562 418 620 921)

1015 556 1385 618 ADVERSUS
1423 551 1765 612 nAEttEsES
1807 551 1935 608 Lm.
1975 552 2041 610 ll.
2085 550 2248 611 Toxi.
2292 552 2332 606 Ι.
2362 585 2431 595 -
2471 554 2746 614 llAEREs.
2790 557 2881 616 ht.

3474 549 3581 608 930

310 678 640 752 ἡγουμένου,
666 679 760 732 καὶ
784 676 1049 742 Σααλίνας
1072 678 1169 749 τῆς
1198 678 1294 732 καὶ
1325 674 1711 746 Ἀλεξάνδρας·
1739 672 1897 728 ἅτινα
1925 681 1967 736 Α
1999 674 2239 740 sierant;
2272 675 2366 745 qui
2413 674 2631 745 quidem
2665 677 2732 731 ad
2765 672 3136 732 Alexandrum
3173 681 3348 738 usque
3378 666 3585 738 princi·-

311 774 484 826 ταῦτα
513 770 694 823 πάντα
724 768 976 833 ἐτελεῖτο,
1012 768 1295 839 ἀρξάμενα
1339 765 1447 819 ἀπὸ
1468 764 1570 835 τῆς
1592 766 1900 835 γεννήσεως

314 865 412 934 τῆς
445 864 502 915 ὲν
540 861 786 934 Βηθλεέμ
816 861 876 914 ἐν
905 857 1327 930 τεσσαρακοστῷ
1371 856 1610 927 δευτέρῳ
1642 854 1752 908 ἔτει
1801 854 1903 925 τῆς

317 956 499 1026 πάσης
545 952 823 1023 βασιλείας
872 951 1205 1021 Αὐγούστου,
1230 950 1290 1014 ὃς
1326 945 1395 1020 ἦν
1424 948 1613 1011 ἔνατος
1657 944 1902 1009 ἐνιαυτὸς

318 1046 425 1100 ἀπὸ
446 1045 546 1114 τῆς
566 1045 869 1115 ἐπιτροπῆς
897 1042 1252 1114 Ἀντιπάτρου
1281 1040 1376 1093 τοῦ
1404 1039 1609 1111 πατρὸς
1636 1038 1896 1109 Ἡρώδου,

316 1137 404 1190 ὅτε
434 1134 585 1205 φιλία
622 1130 691 1205 ἦν
743 1133 1031 1205 Ῥωμαίων
1062 1134 1199 1205 πρὸς
1239 1130 1559 1195 Ἰουδαίους,
1617 1130 1713 1183 καὶ
1757 1128 1899 1199 μέρη

314 1228 583 1297 δομάτων,
610 1227 705 1279 καὶ
733 1225 992 1297 τέταρτον
1030 1224 1149 1288 ἔτος
1194 1222 1627 1285 κατασταθέντος
1659 1220 1763 1274 ὑπὸ
1788 1220 1897 1272 Αὑ-

314 1316 565 1384 γούστου.
600 1316 757 1370 Μετὰ
798 1316 856 1368 δὲ
886 1314 948 1368 τὸ
990 1314 1252 1386 τέταρτον
1296 1313 1414 1375 ἔτος
1465 1310 1725 1382 Ἡρώδου,
1782 1312 1901 1362 ἐπι-

277 1408 282 1412 “
314 1406 525 1477 τροπῆς
550 1422 611 1460 τε
645 1406 807 1460 πέντε
841 1406 978 1460 ἐτῶν
1021 1405 1249 1476 πλείωῆ
1284 1404 1497 1458 ἐλάσσω
1539 1403 1897 1474 Ἀντιπάτρου

313 1498 409 1551 τοῦ
437 1499 643 1569 πατρὸς
665 1498 853 1562 αὑτοῦ,
876 1496 1061 1552 λοιπὸν
1082 1496 1481 1568 παραδοθείσης
1501 1496 1601 1566 τῆς
1635 1494 1899 1558 Ἰουδαίας

312 1589 557 1653 τελείως,
585 1590 692 1653 ἓως
726 1587 1053 1660 τριακοστοῦ
1078 1588 1262 1660 τρίτου
1293 1587 1444 1650 ἔτους
1485 1585 1746 1658 Ἡρώδου,
1776 1602 1897 1639 τεσ·

316 1682 657 1754 σαρακοστοῦ
689 1680 945 1752 δευτέρου
972 1679 1127 1742 ἔτους
1152 1678 1461 1747 Αὐγούστου
1490 1676 1595 1748 πλη
1606 1676 1894 1749 ρώσαντος,

313 1772 686 1847 κρατηθείσης
721 1772 821 1842 τῆς
870 1773 1053 1838 πάσης
1095 1770 1378 1834 Ἰουδαίας,
1420 1769 1498 1832 ὠς
1543 1769 1700 1838 ἔφην,
1757 1768 1897 1839 μετὰ

312 1864 375 1918 τὸ
424 1865 646 1935 ποιῆσαι
714 1863 881 1934 αὐτὴν
916 1862 1248 1915 είκοσιεννέα
1296 1862 1391 1933 ἔτη
1438 1860 1714 1931 ὑπόφορον
1764 1859 1897 1912 Ῥω·-

315 1955 523 2028 μαίοις,
582 1956 677 2009 καὶ
722 1954 861 2026 μετὰ
905 1953 966 2006 τὸ
1001 1952 1409 2020 κατασταθῆναι
1457 1951 1751 2021 ἐπίτροπον
1800 1948 1893 2002 τὸν

2000 779 2144 835 pem.
2179 774 2232 819 et
2258 763 2557 830 Saalinam,
2585 782 2707 836 quae
2730 774 2785 821 et
2810 767 2956 820 dicta
2985 770 3070 819 est
3095 757 3424 824 Alexandra,
3456 771 3582 827 pet·-

2001 856 2274 909 stitemnt.
2332 854 2407 909 Ea
2441 871 2572 911 vero
2605 866 2802 911 cuncta
2843 857 2912 911 ab
2958 871 3025 911 eo
3062 862 3309 922 tempore
3341 864 3582 919 coepew·

2000 963 2114 1018 quo
2163 948 2419 1004 Christus
2463 948 2799 1004 Bethlehemi
2842 956 3006 1003 natus
3052 955 3176 1011 est;
3211 959 3356 999 anno
3409 941 3584 997 totius

2000 1041 2214 1110 imperii
2248 1039 2479 1110 Augusti
2531 1056 2640 1094 xtu
2665 1080 2680 1104 ‚
2724 1041 2817 1111 qui
2856 1047 2975 1095 erat
3029 1053 3209 1093 nonus
3251 1049 3282 1090 a
3321 1045 3586 1105 procura-

2000 1132 2152 1186 tione
2201 1131 2473 1201 Antipatri
2528 1130 2760 1187 llcrodis
2813 1131 3056 1201 parentis
3083 1169 3098 1193 ‚
3139 1143 3264 1183 cum
3305 1126 3585 1179 Romanos

2000 1221 2144 1276 inter
2189 1237 2254 1278 ac
2288 1222 2508 1277 Judaeos
2568 1224 2806 1277 amicitia
2845 1222 3024 1286 soret,
3071 1234 3136 1274 ac
3187 1216 3447 1272 nonnulla
3480 1214 3584 1267 tri-

1999 1314 2127 1369 buta
2189 1315 2554 1386 penderentur
2582 1354 2599 1380 ,
2666 1314 2828 1387 445
2901 1323 2956 1369 et
3012 1320 3208 1382 quarto
3263 1309 3376 1377 jam
3437 1319 3585 1359 anno

1998 1406 2240 1463 Herodes
2296 1416 2444 1464 esset
2488 1409 2558 1463 ab
2612 1410 2860 1478 Augusto
2906 1406 3254 1477 praepositus.
3296 1400 3403 1467 Qui
3453 1413 3582 1453 cum

1997 1513 2173 1556 annos
2231 1500 2285 1555 in
2333 1516 2394 1555 ea
2460 1499 2942 1555 administratione
2990 1504 3233 1567 quatuor
3281 1491 3581 1561 exegisset.

1995 1590 2281 1661 Antipater
2321 1606 2451 1646 vero
2498 1591 2647 1645 illius
2692 1599 2846 1660 pater
2874 1589 3118 1659 quinque
3157 1586 3269 1640 sere
3317 1596 3584 1654 procura-

1996 1682 2144 1738 tione
2175 1685 2502 1756 perfunctus
2530 1693 2697 1748 esset,
2732 1683 2949 1737 tandem
2979 1680 3166 1735 Judaea
3202 1692 3433 1749 prorsus
3471 1674 3584 1729 Re·

1995 1789 2284 1829 manorum
2308 1777 2562 1847 potestati
2591 1777 2780 1840 cessit,
2814 1774 2879 1828 ad
2905 1772 3136 1829 llerodis
3157 1786 3360 1827 annum
3384 1782 3580 1834 xxxin,

1993 1867 2225 1939 Augusti
2256 1883 2390 1924 vero
2430 1884 2564 1931 uu,
2617 1882 2742 1923 cum
2765 1906 2780 1931 ,
2813 1874 2873 1921 ut
2904 1868 3147 1921 diximus
3168 1906 3184 1931 ‚
3217 1863 3403 1918 Judaea
3435 1870 3584 1917 esset

1994 1960 2174 2015 omnis
2208 1967 2473 2030 occupata
2500 2000 2515 2024 ,
2551 1974 2614 2012 ac
2640 1959 2752 2029 iam
2785 1973 2913 2011 xxix
2946 1957 3106 2011 annis
3142 1956 3406 2011 Romanis
3435 1952 3580 2007 facta

322 2048 680 2117 Ἀντίπατρον
714 2044 951 2117 Ἡρώδου
986 2044 1222 2115 πατέρα,
1268 2043 1387 2113 μετ’
1418 2042 1579 2096 αὑτὸν
1623 2042 1681 2094 δὲ
1716 2039 1893 2111 Ἥρώ-
1922 2033 1965 2087 Β
1995 2050 2307 2119 vectigalis;
2362 2056 2652 2118 postquam
2699 2054 2752 2101 et
2788 2046 3077 2115 Antipater
3117 2042 3343 2097 Herodis
3381 2052 3581 2109 parens

307 2138 405 2211 δην
454 2138 679 2209 βασιλέα
728 2135 1137 2191 κατασταθῆναι
1166 2135 1271 2187 ὑπὸ
1305 2132 1618 2202 Αὐγούστου
1655 2131 1750 2184 ἐπὶ
1791 2131 1891 2203 τῆς

319 2230 592 2294 Ἰουδαίας.

303 2364 366 2435 Α]
447 2363 633 2416 Ταῦτα
664 2362 720 2416 δέ
752 2347 1179 2432 ἐπραγματεύθη
1224 2362 1285 2414 ἐν
1323 2360 1889 2434 ὑπατείᾳ”οκταυ“ίου

520 2431 826 2501 Αὐγούστου
859 2431 1329 2519 τρισκαιδέκατον,
1368 2432 1463 2485 καὶ
1492 2429 1717 2484 Σιλανοῦ
1751 2430 1891 2484 ὑπά-

519 2518 634 2565 του,
668 2503 860 2572 ἧντινα
884 2501 1153 2554 υπατείαν
1195 2498 1501 2567 διεδέξαντο
1524 2501 1583 2554 αί
1620 2504 1890 2555 ὑποτετα-

522 2572 721 2642 γμέναι
751 2573 1007 2625 ὑπατεῖαι
1035 2570 1340 2634 ἀκολούθως
1367 2569 1542 2634 Οὕτως
1567 2586 1583 2601 ”

308 2663 364 2717 B'
444 2663 739 2719 Αεντούλου
770 2663 864 2717 καὶ
897 2663 1175 2725 Πίσσωνος
1198 2661 1260 2715 τὸ
1280 2661 1557 2733 δεύτερον,

306 2736 359 2789 Γ’
444 2736 675 2787 Λουκίου
708 2733 889 2788 Καίσα
958 2750 986 2796 ς
1016 2733 1109 2785 καὶ
1142 2732 1389 2792 Παύλου.

305 2808 357 2857 A·
443 2804 785 2857 Ούῑνδουκίου
822 2750 1183 2875 καξοθὺάρου,

306 2873 361 2928 E·
441 2875 672 2945 Ααμμία
692 2875 789 2931 καὶ
826 2874 895 2927 Σε
967 2872 1199 2927 υῖουλίου
1223 2870 1500 2942 Νομμίου.

306 2948 377 3012 ς’
446 2946 669 3014 Μάγνου
695 2943 777 2999 llo
823 2960 898 3014 πη
951 2962 984 2997 υ
1019 2945 1115 2997 καὶ
1144 2941 1463 3012 Οὐαλερίου,

300 3015 358 3070 Z'
444 3015 678 3070 Λεπίδου
700 2959 822 3070 κοΐ
830 3014 890 3067 'A
960 3014 1165 3076 υνκίου,

301 3085 366 3140 11¹
435 3086 712 3158 Καίσαρος
736 3085 831 3138 καὶ
855 3032 1203 3148 gamm,

301 3153 359 3209 δ’
446 3156 727 3226 Κρητικοῦ
760 3155 856 3209 καὶ
882 3152 1118 3224 Νερούα.

304 3226 342 3279 1·
443 3225 726 3295 Καμίλλου
755 3226 852 3279 καὶ
883 3218 1317 3287 Κυϊντιλλιανοῦ,

305 3296 387 3349 ΙΑ’
446 3296 682 3365 Καμὴρο

304 3365 381 3419 ΙΒ·
443 3365 746 3421 Δολαόέλλα
775 3366 870 3419 καὶ
900 3359 1209 3427 Σιλουανοῦ,

303 3437 380 3490 ls'
439 3436 666 3488 Λεπίδου
694 3436 790 3489 καὶ
812 3435 1048 3507 Ταύρου,

302 3504 380 3559 1Δ’
442 3506 688 3562 Φλάκκου
713 3507 809 3561 καὶ
837 3505 1148 3569 Σιλουανοῦ,

302 3578 382 3632 113¹
435 3575 552 3630 Τῶν
577 3575 674 3631 δύο
699 3577 971 3631 Σέκστων.

299 3648 396 3715 ΚΓ
434 3647 724 3719 Πομπηΐου
747 3649 976 3713 Μάγνου
999 3646 1098 3698 καὶ
1140 3643 1482 3711 Ἀπουληίου,

299 3719 376 3771 iz·
433 3717 672 3785 Βρούτου
702 3718 798 3767 καὶ
827 3715 1104 3777 Φλάγκου,

298 3785 385 3840 m'
440 3784 656 3853 Ταύρου
688 3783 784 3833 καὶ
810 3780 1071 3842 Αίὸωνος,

298 3857 377 3909 le·
438 3854 694 3921 Κράσσου
723 3850 819 3902 καὶ
867 3850 1119 3918 Ῥούφου,

302 3929 364 3980 K'
438 3921 691 3994 Τιδερίου
752 3919 1027 3989 Καίσαρος
1073 3920 1135 3972 τὸ
1182 3919 1455 3992 δεύτερον,
1506 3919 1602 3973 καὶ
1644 3920 1883 3992 Δρούσου

514 3989 794 4063 Γερμανοῦ
816 3990 875 4041 τὸ
899 3988 1171 4061 δεύτερον,

301 4063 413 4115 ΚΑ·
447 4062 732 4114 Σιλουανοῦ
765 4062 860 4113 καὶ
888 4059 1118 4124 Baiano,

302 4132 412 4184 KB'
444 4133 705 4185 Μεσσαλᾶ
733 4132 829 4184 καὶ
857 4131 1089 4201 Γράτου,

301 4204 408 4257 ΚΡ
447 4203 490 4254 Τ
495 4202 698 4274 ι6ερίου
725 4202 1003 4271 Καίσαρος
1033 4202 1096 4256 τὸ
1122 4200 1325 4274 τρίτον,
1354 4200 1451 4256 καὶ
1476 4200 1716 4271 Δρούσου
1752 4199 1791 4251 Γ
1795 4216 1885 4272 ερ-

518 4274 689 4343 μανοῦ
729 4273 789 4325 τὸ
820 4290 850 4325 τ
892 4272 1020 4335 ίτον,

299 4344 405 4398 KA'
452 4344 754 4415 Ἀγρίππου
779 4361 852 4397 κα
898 4342 1126 4407 naason,

297 4416 406 4467 KE'
440 4415 739 4476 Πολλίωνος
778 4414 872 4467 καὶ
899 4414 1182 4486 υύέτερος,

296 4486 421 4550 KG'
444 4484 697 4557 Κεθήγου
729 4485 824 4538 καὶ
856 4484 1092 4555 Οὐάρου,

296 4555 404 4608 KZ'
448 4555 753 4628 Ἀγρίππου
782 4557 843 4607 τδ
874 4554 1126 4625 δεύτερον
1154 4554 1250 4608 καὶ
1273 4551 1572 4607 Αεντούλου
1595 4550 1827 4617 remon,

295 4625 413 4677 lffl'
448 4624 761 4679 Γετουλικοῦ
792 4624 887 4677 καὶ
914 4623 1135 4685 Σαόίου,

296 4695 404 4747 Ke'
435 4697 690 4766 Κράσσου
718 4695 812 4747 καὶ
841 4696 1130 4757 Πείσωνος,

295 4767 355 4818 Λ’
441 4764 726 4818 Σιλουανοῦ
755 4767 851 4819 καὶ
879 4763 1118 4835 Νερούα,

355 4864 495 4934 ΚΡ.
530 4879 637 4933 Καὶ
662 4880 815 4951 ὁρᾷς,
847 4880 931 4932 ὅτι
959 4872 1385 4951 τριακονταετὴς
1408 4875 1526 4929 ἐστὶ
1546 4874 1757 4946 χρόνος.
1782 4872 1877 4926 Διὸ

293 4969 803 5041 ἐφιλοτιμησάμεθα
832 4970 930 5033 τὰς
957 4969 1193 5039 καθεξῆς
1226 4968 1486 5033 ὑπατείας
1516 4965 1759 5038 ἀκριδῶς
1789 4964 1879 5019 θέ-

295 5062 441 5128 σθαι,
472 5064 553 5127 είς
583 5061 645 5116 τὸ
683 5062 810 5125 τοὺς
839 5061 1218 5132 διερχομένους
1258 5060 1409 5126 ίδεῖν,
1436 5060 1519 5113 δτι
1550 5059 1653 5112 οὐκ
1680 5057 1796 5110 ἔστι
1824 5074 1876 5111 τι

292 5153 816 5225 παραπεποιημένον
846 5154 903 5205 ἐν
942 5151 1023 5223 τῷ
1052 5152 1182 5222 θείῳ
1209 5151 1441 5222 δόγματι
1471 5148 1573 5220 τῆς
1596 5147 1873 5220 ἀληθείας,

290 5244 431 5298 ἀλλὰ
461 5248 599 5315 μετὰ
625 5244 913 5317 ἀκριδείας
955 5243 1028 5297 τὰ
1064 5244 1241 5297 πάντα
1264 5245 1332 5314 τῇ
1372 5242 1669 5314 Ἐκκλησία
1708 5242 1877 5314 κεκη-

298 5353 513 5408 ρυκται.
543 5338 643 5402 Τίς
668 5337 800 5410 γὰρ,
830 5336 1141 5409 ἀριθμήσας
1179 5338 1284 5398 τὰς
1315 5335 1390 5405 μὴ
1413 5334 1719 5404 δυναμένας
1746 5349 1877 5403 σφα-

291 5427 452 5500 λῆναι
485 5428 608 5483 καθ’
627 5430 817 5500 εἱρμὸν
868 5428 1152 5492 ὑπατείας,
1193 5427 1255 5480 ού
1305 5424 1718 5495 καταγνώσεται
1764 5423 1874 5478 τῶν

290 5518 623 5589 νομιζόντων
646 5520 941 5588 διαφωνίαν
962 5515 1098 5572 εἶναι
1125 5521 1181 5571 ἐν
1213 5518 1291 5589 τῷ
1314 5516 1423 5569 τῶν
1462 5514 1600 5568 ἐτῶν
1628 5514 1870 5585 ἀριθμῷ,

289 5612 371 5682 τῷ
400 5610 551 5684 παρὰ
574 5614 686 5675 τοῖς
712 5612 1123 5681 εὑαγγελισταῖς
1152 5609 1423 5681 ᾁδομένῳ;
1453 5606 1553 5661 Διὰ
1577 5606 1735 5659 τοῦτο
1761 5606 1871 5678 γὰρ

232 5706 241 5715 ’
290 5703 388 5758 καὶ
413 5703 615 5757 ἔπεσαν
653 5704 711 5758 αί
738 5704 1005 5776 πρότερον
1032 5703 1292 5776 αίρέσεις,
1338 5702 1393 5754 αί
1441 5696 1704 5770 μυθωδῶς
1740 5698 1869 5753 ἀνα·

290 5795 643 5866 γραψάμεναι
663 5796 793 5860 τοὺς
821 5797 1116 5869 τριάκοντα
1147 5793 1371 5857 αίῶνας,
1402 5792 1498 5846 καὶ
1531 5791 1601 5845 τὰ
1627 5792 1735 5845 ἀπὸ
1759 5790 1870 5845 τῶν

289 5889 586 5959 τριάκοντα
622 5888 759 5944 ἑτῶν
785 5889 876 5944 τοῦ
911 5890 1161 5961 Σωτῆρος
1197 5886 1328 5958 παρ’
1350 5885 1529 5940 αὑτῶν
1565 5886 1870 5959 ἀλληγορη-

290 5982 486 6037 θέντα·
526 5982 616 6038 ἴνα
638 5982 801 6054 δῆθεν
826 5980 1095 6055 δυνηθῶσι
1133 5982 1243 6035 τῶν
1281 5982 1412 6053 παρ’
1436 5979 1618 6044 αὐτοῖς
1654 5977 1867 6034 αἰώνων

684 3314 714 3347 υ
747 3296 844 3350 καὶ
872 3294 1124 3357 Σα6ίνου,

1923 3203 1931 3210 .
1989 3149 2064 3204 lx
2247 3150 2498 3207 Creticus
2518 3156 2572 3204 et

1994 2142 2435 2212 procurationem
2467 2140 2659 2224 gessit,
2691 2147 2744 2193 et
2775 2137 3018 2193 llerodes
3042 2146 3166 2206 post
3192 2134 3347 2187 illum
3379 2129 3582 2184 Judaeae

1992 2246 2086 2289 rex
2121 2230 2191 2289 ab
2216 2231 2465 2304 Augusto
2487 2237 2843 2287 creatus'est.

1991 2369 2014 2425 1
2266 2366 2402 2422 Acta
2431 2367 2547 2421 haec
2586 2373 2715 2420 sunt
2746 2362 2971 2418 Octavio
3000 2360 3245 2431 Augusto
3278 2355 3395 2413 xiii
3414 2366 3464 2415 et
3494 2358 3582 2414 Si-

2335 2439 2460 2491 lano
2494 2451 2640 2491 coss.
2662 2475 2678 2501 ,
2719 2432 3022 2489 secundum
3051 2446 3192 2501 quos
3222 2429 3277 2483 bi
3317 2432 3583 2501 deinceps

2338 2509 2598 2563 exstitere
2626 2503 2908 2560 consules.

1991 2659 2037 2716 ΙΙ
2251 2658 2518 2716 Lentulus
2543 2667 2599 2715 et
2635 2657 2767 2714 Piso
2795 2656 2837 2711 ll
2853 2696 2869 2721 ‚

1991 2730 2060 2786 Ill
2251 2730 2315 2785 L.
2348 2730 2534 2786 Caesar
2563 2738 2619 2784 et
2648 2728 2854 2782 Paulus
2877 2764 2894 2791 ,

1992 2799 2062 2856 Ν
2243 2798 2548 2854 Vinducius
2570 2806 2622 2853 et
2646 2796 2825 2852 Varus
2841 2836 2857 2861 ,

1992 2868 2039 2923 V
2246 2870 2436 2925 Lamia
2466 2879 2520 2923 et
2557 2869 2826 2924 Servilius
2859 2863 3150 2920 Nommius
3173 2901 3192 2927 ,

1992 2937 2062 2993 vl
2229 2940 2481 3010 Magnus
2503 2938 2793 3008 Pompeius
2831 2945 2889 2991 et
2923 2933 3209 3000 Valerius,

1991 3007 2083 3065 Vll
2254 3010 2492 3081 Lepidus
2527 3021 2582 3064 et
2609 3008 2900 3072 AruntiuS,

1990 3077 2109 3135 vm
2248 3081 2433 3135 Caesar
2461 3087 2517 3134 et
2545 3080 2620 3134 Ca
2666 3080 2760 3144 ito,

2651 3162 2778 3203 erva
2799 3186 2815 3211 ‚

1994 3219 2037 3274 X
2246 3221 2510 3275 Camillus
2537 3227 2592 3272 et
2615 3216 3029 3284 Quintillianus,

1813 3337 1819 3346 .
1989 3288 2065 3347 xl
2252 3291 2578 3346 Camerinus
2612 3298 2668 3345 et
2691 3288 2968 3349 Sabinus,

1913 3364 1959 3423 C
1992 3359 2085 3416 xil
2254 3359 2532 3415 Dolabella
2565 3366 2620 3414 ct
2653 3357 2932 3420 Silvanus,

1990 3428 2110 3485 xlll
2248 3430 2487 3502 Lepidus
2514 3438 2570 3484 et
2602 3427 2850 3489 Taurus,

1987 3497 2110 3555 xlv
2246 3498 2479 3555 Flaccus
2503 3508 2558 3555 et
2584 3498 2878 3560 Silvanus,

1989 3569 2087 3625 XV
2251 3572 2409 3627 Sexti
2439 3570 2552 3625 duo
2576 3609 2591 3628 ‚

1989 3640 2108 3696 XV!
2251 3640 2545 3710 Pompeius
2579 3637 2648 3692 M.
2681 3647 2736 3693 et
2759 3633 3056 3705 Apuleius,

1986 3709 2136 3766 xvii
2258 3710 2458 3766 Brutus
2497 3717 2552 3764 et
2577 3706 2810 3763 Flaccus
2833 3744 2850 3771 ,

1988 3778 2156 3835 xvut
2243 3780 2462 3836 Taurus
2489 3789 2543 3834 et
2573 3778 2709 3832 Libo
2728 3815 2744 3838 ‚

1987 3850 2113 3906 XlX
2256 3852 2497 3907 Crassus
2527 3858 2584 3903 et
2616 3846 2814 3909 Rufus.

1985 3920 2088 3975 XX
2249 3920 2500 3976 Tiberius
2546 3918 2732 3975 Caesar
2788 3915 2833 3971 11
2883 3924 2938 3971 et
2998 3913 3212 3974 Drusus
3273 3912 3573 3972 Germani:

2325 3989 2520 4053 cusll,
3308 4015 3316 4024 ·

1986 4059 2106 4115 XX!
2257 4060 2480 4116 Silanus
2502 4069 2554 4116 et
2581 4059 2807 4123 BalbuS,

1985 4126 2130 4185 xxii
2258 4130 2490 4187 Messala
2521 4138 2577 4186 et
2615 4128 2815 4185 Gratus
2839 4164 2856 4191 .

1985 4200 2152 4276 xxm
2260 4201 2530 4325 Tiberina
2569 4200 2754 4258 Caesar
2801 4199 2866 4254 ln
2919 4203 2975 4255 et
3025 4203 3238 4256 ⁵›rustts
3275 4192 3562 4257 Germani·

2327 4288 2426 4327 cus
2465 4274 2480 4324 l
3002 4303 3017 4312 -

1983 4337 2153 4395 XXlV
2257 4342 2495 4415 Agrippa
2518 4350 2572 4397 et
2606 4341 2809 4399 Balous
2828 4383 2844 4409 ,

1982 4410 2130 4486 XXV
2258 4412 2433 4467 Pollio
2461 4420 2517 4466 et
2549 4412 2749 4476 Vetus,

1983 4479 2159 4535 xxvi
2249 4483 2527 4552 Cethegus
2548 4493 2601 4537 et
2630 4481 2810 4539 Varus
2832 4523 2849 4548 ,

1981 4548 2175 4604 xxvii
2246 4554 2484 4621 Agrippa
2514 4550 2554 4605 il
2578 4563 2632 4608 et
2661 4552 2926 4608 Lentulus
2957 4551 3130 4608 Galba
3149 4594 3165 4620 ,
3212 4550 3217 4555 ’

1983 4619 2201 4675 xxviii
2249 4620 2416 4695 m
2452 4621 2733 4679 Getulicus
2762 4631 2817 4679 et
2851 4621 3092 4680 Sabinus
3120 4664 3135 4690 ,

1906 4697 1955 4753 1)
1983 4689 2153 4745 XXlX
2247 4697 2484 4749 Crassus
2508 4702 2562 4747 et
2590 4692 2718 4748 Piso
2736 4732 2752 4756 ‚

1982 4761 2130 4817 XXX
2205 4791 2215 4805 =
2256 4761 2513 4820 Silvanus
2539 4772 2595 4819 et
2615 4761 2817 4819 Nerva.

2050 4874 2241 4932 XXlll.
2282 4876 2473 4935 Annos
2512 4859 2684 4933 habes
2707 4877 2993 4936 absolutos
3051 4894 3181 4934 xxx.
3220 4876 3332 4934 Nos
3376 4885 3561 4933 autem

1974 4971 2304 5027 consulatus
2358 4971 2496 5027 istos
2535 4970 2858 5042 singillatim
2903 4970 3030 5027 ideo
3080 4985 3407 5041 percensere
3437 4979 3560 5027 stu·

1974 5064 2220 5129 duimus,
2256 5071 2318 5119 ut
2352 5064 2588 5119 lectores
2639 5064 2970 5135 intelligant,
3007 5063 3147 5117 nihil
3196 5063 3255 5118 in
3283 5077 3446 5119 sacro
3473 5078 3562 5119 ve-

1972 5154 2154 5211 ritatis
2179 5155 2435 5227 dogmate
2463 5154 2899 5211 commentitium
2926 5169 3070 5220 esse,
3089 5154 3184 5210 sed
3216 5154 3286 5210 ab
3308 5152 3557 5211 Ecclesia

1972 5243 2140 5317 q'uam
2216 5246 2632 5303 accuratissime
2705 5246 2961 5302 universa
3040 5243 3354 5315 praedicari.
3418 5243 3557 5313 Quis

1972 5336 2121 5393 enim
2152 5338 2220 5393 ad
2254 5338 2396 5396 lianc
2439 5354 2586 5395 coss.
2616 5338 2817 5396 seriem
2842 5379 2862 5405 ,
2890 5353 2998 5409 qua
3031 5337 3170 5392 nibil
3215 5335 3424 5393 certius
3444 5345 3552 5401 est.

1970 5430 2164 5485 oculos
2201 5430 2500 5501 adjiciens,
2526 5446 2636 5487 non
2667 5446 2765 5488 eos
2799 5432 3128 5488 condemnet
3159 5429 3258 5499 qui
3282 5430 3338 5484 in
3379 5444 3554 5485 anno·

1969 5535 2095 5577 rum
2118 5538 2350 5579 numero
2368 5525 2440 5581 ab
2456 5526 2809 5597 evangelistis
2834 5538 3102 5597 expresso
3117 5523 3548 5595 discrepantiam

1969 5629 2096 5672 esse
2163 5616 2330 5670 ullam
2404 5616 2760 5672 existimant?
2815 5615 3115 5687 Propterea
3173 5615 3436 5671 nimirum
3493 5624 3549 5672 et

1968 5710 2186 5781 priores
2242 5708 2352 5764 illae
2384 5710 2623 5766 liaereses
2664 5709 3090 5772 interciderunt,
3120 5724 3244 5780 quae
3273 5708 3398 5763 illas
3440 5720 3549 5760 ωο-
3640 5720 3647 5728 ·

1968 5815 2100 5855 num
2154 5799 2380 5871 triginta
2419 5799 2634 5856 fabulas
2676 5800 3078 5865 confinxerant,
3134 5808 3444 5867 caeteraque
3490 5794 3549 5854 id

1968 5905 2142 5960 genus
2185 5904 2252 5943 ex
2307 5888 2604 5944 tricenario
2651 5886 2957 5946 Salvatoris
2999 5902 3270 5943 annorum
3317 5898 3548 5940 numero

1971 5979 2263 6054 allegorice
2289 5980 2652 6047 deduxerant,
2670 5980 2877 6053 quibus
2901 5979 2968 6035 ad
3004 5994 3223 6037 aon-m
3243 5992 3311 6034 ac
3336 5976 3556 6051 princi-.¹
