3850 6517
291 463 398 522 137

1027 456 1370 515 Emptum!
1410 459 1858 518 nssscntp'rmu
1903 463 1996 517 An
2036 465 2470 528 Ac.tctmt.m'
2509 465 2814 546 mutuli.

287 599 390 653 της
408 579 555 645 ὀδοῦ,
591 578 687 632 καὶ
717 577 1116 648 νεοκατηχὴτου
1147 576 1320 641 δντος,
1356 577 1738 650 ἐπετρέψαμεν
1761 581 1859 650 τὴν
1892 590 1933 642 Α
1965 582 2121 637 l'amae
2148 584 2520 654 magnitudine
2567 584 2881 639 stimulatus
2903 625 2918 649 ,
2954 583 3020 639 ad
3071 590 3123 640 te
3175 584 3389 655 pietatis
3437 594 3545 643 tnae

287 672 559 743 τοσαύτην
607 669 766 742 ἡμῶν
818 668 1022 739 τόλμαν
1066 667 1176 721 τῶν
1215 668 1554 740 ἁμαρτωλῶν
1595 672 1731 743 πρὸς
1772 673 1863 726 τὸν

290 766 543 840 μαθητήν
590 780 652 816 σε
701 760 796 815 τοῦ
830 761 1099 831 Σωτῆρος.
1132 763 1197 813 Ὃ
1236 760 1294 814 δὲ
1325 759 1582 832 ἀξιοῦμεν
1620 762 1727 815 τῶν
1770 765 1868 836 ῥη-

287 857 490 911 θέντων
516 871 598 908 σοι
626 853 764 925 πρός
794 867 946 914 τινας
971 851 1251 919 ἀδελφοὺς,
1284 850 1365 914 είς
1407 850 1655 904 παιδείαν
1692 850 1867 924 δωρη-

289 946 485 1001 σασθαι
514 947 652 1016 ὅπερ
680 944 764 998 σοὶ
786 943 884 1014 μὲν
907 942 986 1014 τῷ
1011 943 1205 1013 δικαίῳ
1242 942 1481 1014 ἀδαρὲς,
1505 944 1635 1014 ἡμῖν
1667 943 1726 996 δὲ
1758 947 1871 1007 τοῖς

287 1037 635 1110 ἁμαρτωλοῖς
684 1033 1079 1108 μεταλαῦοὗσιν
1125 1034 1494 1106 εὐφρανθῆναι
1543 1038 1602 1088 ὲν
1657 1035 1865 1109 Κυρίῳ.

299 1125 736 1200 Ἐμπλησθέντες
754 1124 865 1196 γάρ
895 1140 990 1177 σου
1024 1122 1132 1177 τῶν
1168 1125 1553 1195 πνευματικῶν
1584 1125 1866 1197 ῥημάτων,

285 1215 756 1288 ὲπικουφιζόμεθα
789 1215 899 1268 τῶν
936 1215 1178 1285 ἀνομιῶν
1216 1214 1393 1285 ὴμῶν.
1435 1214 1778 1286 Ἦκούσαμεν
1811 1216 1870 1271 δὲ

285 1310 648 1383 ἐπικληθέντα
694 1308 935 1379 ὀνόματα
976 1306 1083 1361 ὑπὸ
1123 1306 1222 1376 τῆς
1261 1307 1361 1378 σῆς
1403 1309 1715 1389 τιμιότητος
1745 1311 1868 1373 ταῖς

287 1404 582 1474 αἱρέσεσιν,
617 1393 693 1456 ὧν
726 1401 963 1470 ἑκάστης
1001 1396 1296 1470 Θρησκείας
1338 1396 1596 1468 ἀξιοῦμεν
1628 1401 1726 1472 τὴν
1770 1400 1868 1473 σὴν

287 1493 596 1548 θεοσέδειαν
623 1489 922 1563 διαρρήδην
942 1490 1076 1558 ἡμῖν
1097 1487 1335 1558 δηλῶσαι
1360 1490 1459 1561 τὴν
1483 1487 1715 1560 αἰρεσιν.
1746 1489 1866 1559 'lo-q

286 1585 395 1656 γὰρ
411 1584 664 1638 ἁπάντων
689 1584 723 1653 ὴ
748 1580 944 1652 δωρεά.
966 1582 1076 1634 Καὶ
1095 1580 1154 1632 σὲ
1170 1579 1428 1652 ἀξιοῦμεν
1456 1579 1617 1652 εὐχὴν
1639 1581 1867 1652 ποιήσα-
1904 1610 1909 1619 -

287 1674 433 1735 σθαι,
466 1674 526 1726 σὲ
548 1672 643 1724 τὸν
667 1671 874 1723 δίκαιον
904 1669 984 1739 τῷ
1017 1669 1227 1741 Κυρίῳ,
1260 1671 1399 1742 ὑπὲρ
1422 1670 1637 1723 πάντων
1665 1671 1773 1724 τῶν
1808 1688 1867 1724 σε

285 1762 616 1826 ποθούντων,
649 1761 741 1813 καὶ
765 1758 1131 1829 ἐκδεχομένων
1181 1759 1279 1829 τὴν
1309 1759 1461 1830 παρὰ
1504 1760 1597 1813 σοῦ
1637 1760 1863 1831 δωρεάν.

299 1855 387 1908 Ἐν
418 1855 644 1924 νηστείᾳ
685 1853 779 1903 καὶ
813 1851 944 1922 εὐχῇ
983 1852 1150 1920 ἐσμεν
1195 1850 1285 1903 τὸν
1312 1851 1487 1905 κοινὸν
1525 1851 1680 1923 ἡμῶν
1717 1851 1868 1905 ἀδελ-

285 1948 407 2018 φὸν,
440 1946 696 2016 δεχθένςτα
724 1942 828 1996 ὑπὸ
851 1943 953 2011 τῆς
995 1941 1092 2012 σῆς
1129 1943 1442 2011 τιμιότητος
1474 1941 1745 2013 ἀσμένως,
1772 1943 1866 1995 καὶ

286 2039 513 2110 κομίσαι
541 2036 638 2108 τὴν
664 2035 768 2089 ὑπὸ
789 2033 884 2087 σοῦ
906 2032 1286 2104 δεδωρημένην
1318 2032 1546 2103 δωρεὰν,
1580 2034 1672 2086 καὶ
1693 2033 1865 2096 οὕτως

279 2130 608 2203 ἀναπέμψαι
641 2128 740 2191 τὰς
770 2124 833 2192 ἐξ
864 2125 1018 2189 ἔθους
1056 2124 1220 2195 εὐχὰς
1252 2125 1451 2196 Πατρὶ,
1483 2125 1575 2178 καὶ
1609 2124 1739 2194 Υἰῷ,
1770 2125 1863 2177 καὶ

285 2225 426 2296 ἁγίῳ
476 2221 778 2293 Πνεύματι.
823 2218 1033 2281 Πάντες
1083 2217 1392 2281 ἐλπίζουσιν
1432 2218 1481 2269 οἱ
1532 2216 1751 2286 ἀδελφοὶ
1792 2219 1862 2289 τῇ

287 2316 392 2371 ὑπὸ
424 2315 518 2370 σοῦ
554 2315 687 2386 εὐχῇ
721 2311 862 2384 ὑπὲρ
903 2310 1084 2364 αὐτῶν
1132 2309 1428 2379 γιγνομένῃ
1479 2308 1857 2380 στηριχθῆναι.

290 2405 717 2477 Παρακαλοῦμεν
747 2403 821 2476 μη
857 2402 1090 2472 ὀκνῆσαι
1132 2399 1454 2471 μεταδοῦναι
1484 2399 1643 2472 χάριν
1673 2398 1858 2472 θεϊκὴν

296 2496 562 2567 ὶσχηκότα
590 2493 918 2548 ἀποστόλων.
956 2492 1163 2554 Πάντες
1189 2492 1238 2545 οί
1270 2490 1456 2561 μικροὶ
1486 2492 1543 2543 ὲν
1574 2491 1692 2554 ταῖς
1727 2489 1862 2560 μάν-

297 2583 453 2655 δραις
477 2583 624 2648 ὀντες
662 2583 818 2657 εὐχὴν
851 2582 929 2655 τῷ
965 2583 1234 2654 κρείττονι
1271 2582 1656 2652 ἀναπέμπουσι
1696 2597 1862 2652 μετα-

295 2675 481 2730 λαὸεἶν
500 2675 607 2730 ἀπὸ
634 2675 732 2746 τῆς
750 2675 849 2748 σῆς
877 2675 1184 2739 θεοσεὸείας
1224 2672 1598 2745 πνευματικὴν
1631 2673 1859 2745 δωρεάν.

302 2766 645 2840 Ἐῤῥωμένος
682 2769 743 2821 ἐν
779 2768 985 2840 Κυρίῳ,
1017 2769 1113 2821 καὶ
1143 2766 1380 2837 εὔθυμος
1415 2767 1474 2819 ἐν
1503 2765 1724 2838 Χριστῷ
1750 2767 1865 2820 δια-

286 2859 540 2932 τελοίης,
586 2861 679 2914 καὶ
733 2861 792 2914 ἑν
840 2861 980 2931 ἁγίῳ
1026 2859 1305 2930 Πνεύματι
1350 2858 1443 2910 τὸν
1506 2857 1730 2911 δοθέντα
1779 2874 1864 2912 σοι

288 2950 497 3023 θρόνον,
521 2953 613 3006 καὶ
648 2952 753 3024 τὴν
773 2950 960 3023 θεϊκὴν
995 2951 1202 3022 δωρεὰν
1233 2951 1332 3022 (1),
1365 2950 1525 3022 μέχρι
1551 2948 1644 3002 τοῦ
1687 2948 1747 3002 σὲ
1775 2949 1868 3001 ὲκ-

286 3040 573 3112 διχομιίνου
605 3041 889 3113 στεφάνου.

1972 671 2243 727 desiderio
2292 672 2633 738 traheretur,
2679 673 2930 744 idemque
2976 673 3307 729 monasterio
3356 683 3550 731 nostro

1971 770 2118 818 esset
2156 762 2469 833 ascriptus·,
2502 762 2777 818 hominem
2812 764 2985 828 nacti,
3015 765 3110 834 qui
3143 764 3549 835 longinquitate

1972 861 2122 909 tanta
2149 855 2363 911 itineris
2391 862 2581 910 nostra
2603 855 2722 911 vice
2751 854 3074 926 iungeretur
3092 895 3109 922 ,
3145 857 3342 913 rudem
3368 855 3547 911 adhuc

1957 938 2024 998 'et
2054 944 2320 1012 tironem;
2355 945 2485 1001 huic
2534 945 2636 1016 ipsi
2681 955 3062 1016 peccatorum3
3112 946 3357 1002 omnium
3398 942 3551 1003 vid‘e-

1971 1035 2096 1090 licet
2130 1042 2413 1099 nostrum,
2456 1036 2880 1106 postulationem
2925 1036 2993 1091 ad
3040 1045 3093 1090 te
3129 1035 3334 1091 Christi
3380 1034 3550 1092 disci·

1971 1125 2158 1195 pulum
2205 1124 2624 1196 perferendam;
2673 1127 2835 1196 paulo
2874 1141 2994 1181 eam
3035 1126 3253 1196 quidem
3289 1124 3551 1183 audacio-

1970 1231 2108 1283 rem,
2140 1215 2537 1271 mandavimus.
2570 1217 2857 1273 Petitionis
2900 1233 3065 1288 porro
3108 1226 3310 1273 nostrae
3338 1232 3551 1274 summa

1971 1308 2087 1363 haec
2122 1317 2230 1378 est,
2259 1321 2319 1364 ut
2346 1326 2468 1381 quae
2506 1311 2788 1367 nonnullis
2825 1311 3090 1366 [ratribus
3137 1309 3323 1365 dixisti
3344 1349 3360 1374 ,
3390 1325 3456 1366 ca
3482 1310 3552 1366 ad

1971 1409 2220 1457 nostram
2253 1402 2652 1457 institutionem
2685 1401 2950 1472 impertiri
2975 1416 3081 1455 non
3111 1401 3375 1472 graveris.
3395 1398 3554 1467 Quod

1970 1487 2043 1548 ut'
2063 1493 2159 1547 tibi
2183 1492 2392 1547 homiui
2433 1491 2589 1562 justo
2636 1492 2928 1548 molestum
2961 1507 3069 1548 non
3109 1492 3250 1547 erit:
3288 1492 3359 1544 ita
3393 1490 3554 1547 nobis

1969 1584 2389 1655 peecatoribuS,
2435 1583 2481 1639 si
2514 1583 2809 1653 impetrare
2862 1583 3241 1653 potuerimus,
3278 1581 3554 1651 ingentem

1971 1673 2026 1727 in
2076 1671 2303 1729 Domino
2367 1673 2609 1729 laetitiam
2671 1688 2735 1727 ac
2774 1674 3109 1745 voluptatem
3158 1673 3366 1728 afferet.
3414 1672 3552 1727 Cum

1968 1763 2113 1817 enim
2148 1765 2490 1833 spiritalibus
2518 1766 2627 1819 tuis
2651 1764 2998 1819 sermonibus
3025 1763 3311 1826 satiamur,
3348 1762 3553 1832 iniqui-

1970 1861 2142 1907 tatum
2205 1866 2514 1909 nostrarum
2568 1870 2735 1911 onere
2782 1855 3153 1910 sublevamur.
3203 1856 3279 1909 Ae
3334 1854 3554 1910 nomina

1969 1947 2185 2016 quidem
2217 1949 2354 2018 ipsa,
2388 1964 2510 2018 quae
2534 1963 2563 2002 a
2594 1956 2646 2003 te
2671 1957 2799 2004 sunt
2833 1949 3136 2004 haeresibus
3158 1948 3413 2019 imposita
3439 1948 3552 2018 jam

1972 2039 2298 2093 audivimus.
2338 2038 2494 2094 Nune
2531 2039 2967 2111 uniuscujusque
3006 2047 3169 2096 sectae
3207 2039 3401 2110 dogma
3431 2056 3555 2111 per-

1970 2129 2161 2200 spicue
2187 2130 2450 2184 declarari
2500 2145 2529 2184 a
2563 2139 2653 2184 tua
2689 2131 2888 2201 pietate
2933 2131 3207 2202 cupimus.
3258 2129 3371 2186 Hoc
3400 2130 3549 2186 enim

1968 2234 2257 2275 commune
2285 2235 2352 2274 ex
2406 2236 2563 2290 mque
2598 2220 2801 2276 donum
2856 2231 2939 2278 est
2988 2222 3245 2277 omnibus
3281 2220 3553 2279 futurum.

1968 2302 2106 2362 Tum
2139 2307 2270 2363 illud
2292 2309 2452 2363 enixe
2483 2324 2759 2380 rogamuS,
2795 2320 2854 2364 ut
2878 2325 2979 2381 pro
3016 2311 3317 2376 universis,
3344 2311 3440 2381 qui
3469 2312 3551 2367 tui

1966 2398 2238 2454 desiderio
2262 2406 2535 2462 tenentur,
2570 2400 2771 2470 quique
2810 2399 2941 2456 illud
2972 2414 3003 2455 a
3031 2409 3086 2457 te
3114 2416 3316 2456 munus
3360 2417 3550 2473 exspe-

1967 2496 2138 2551 ctant,
2166 2499 2248 2556 tu,
2273 2491 2365 2560 qui
2391 2490 2576 2559 justus
2599 2507 2679 2557 es,
2712 2491 3001 2546 Dominum
3027 2491 3290 2563 preceris.
3326 2491 3555 2549 iuterim

1968 2595 2070 2637 nos
2102 2581 2155 2635 in
2182 2581 2392 2652 jejunio
2437 2592 2491 2638 et
2520 2583 2770 2638 oratione
2794 2582 2862 2637 ad
2887 2582 3021 2638 illud
3050 2582 3406 2639 obtinendum
3433 2598 3558 2654 per-

1972 2672 2217 2727 sistimus
2238 2714 2253 2739 ,
2294 2683 2351 2726 ιιι
2386 2673 2555 2729 irater
2587 2675 2678 2731 ille
2720 2687 2907 2732 noster
2939 2675 3174 2747 benigne
3213 2691 3242 2730 a
3276 2686 3327 2732 te
3361 2689 3556 2732 susce·

1971 2772 2117 2833 ptus„
2140 2773 2421 2835 acceptum
2455 2766 2587 2820 illud
2615 2783 2823 2822 munus.
2839 2766 2906 2821 ad
2938 2783 3039 2823 nos
3069 2773 3308 2837 reportet
3339 2785 3355 2821 ι
3389 2774 3556 2837 atque

1973 2854 2048 2909 ita
2074 2854 2180 2910 Deo
2240 2854 2408 2920 Patri,
2444 2855 2581 2912 Filio
2621 2874 2686 2913 ac
2716 2857 2941 2929 Spiritui
2980 2867 3176 2915 sancto
3206 2859 3398 2914 solitas
3427 2873 3555 2928 pre-

1974 2961 2067 3001 ces
2105 2943 2417 3002 offeramus.
2469 2945 2670 3004 Omnes
2723 2948 2898 3003 nostri
2935 2948 3137 3005 fratres
3187 2948 3341 3003 valde
3381 2946 3557 3003 contl-

1974 3036 2136 3104 dunt,
2172 3036 2310 3093 susis·
2335 3055 2363 3093 a
2391 3048 2443 3095 te
2470 3056 2567 3110 pro
2598 3041 2732 3111 ipsis
2780 3041 3037 3112 precibus
3060 3055 3182 3097 sese
3227 3054 3556 3111 magnopere

285 3133 659 3190 eotmrmatum
688 3136 775 3190 iri.
801 3132 1038 3189 Oramus
1068 3140 1139 3198 te,
1177 3132 1349 3203 utqui
1375 3131 1615 3186 divinam
1636 3130 2012 3200 apostolorum
2071 3132 2302 3202 gratiam
2342 3123 2676 3191 consecutus
2709 3150 2788 3201 es,
2820 3134 2967 3206 quod
3033 3135 3271 3206 petimus
3331 3149 3401 3189 ne
3454 3130 3557 3187 tri-

281 3225 451 3282 buere
484 3228 786 3284 cuncteris.
814 3225 1007 3281 Pusilli
1050 3223 1377 3294 omnes,qui
1411 3223 1467 3278 in
1515 3222 1868 3279 monasteriis
1899 3221 2127 3296 degunt,
2155 3224 2324 3280 Deum
2356 3233 2679 3297 precantur,
2736 3235 2795 3283 ut
2860 3242 2891 3282 a
2936 3234 2989 3283 te
3038 3225 3285 3299 spiritale
3350 3224 3556 3280 donum

284 3321 742 3378 illudobt'neant.
786 3319 976 3376 Valere
1004 3329 1056 3374 te
1079 3319 1136 3374 in
1166 3318 1419 3384 Domino,
1445 3333 1507 3373 ac
1530 3317 1714 3373 laetum
1741 3316 1961 3373 assidue
1994 3319 2191 3391 degere
2219 3330 2475 3392 optamus
2503 3321 2801 3391 plurimum
2852 3339 2866 3376 ε
2941 3329 2996 3379 ct
3035 3321 3393 3378 commissum
3454 3316 3556 3374 tibi

284 3413 567 3473 thronum.
605 3413 659 3467 in
696 3412 906 3484 Spiritu
927 3418 1138 3479 sancto,
1169 3410 1523 3482 divinumque
1560 3409 1702 3466 tueri
1738 3423 1964 3476 munus,
2029 3411 2205 3469 donec
2259 3428 2401 3479 eam,
2453 3428 2577 3486 quae
2609 3422 2663 3471 te
2714 3422 2936 3483 manet,
3000 3429 3261 3471 coronam
3291 3413 3349 3469 in
3410 3410 3555 3470 eoelo

283 3519 669 3578 consequaris.

1012 3647 1967 3850 REscmP'rmf
2047 3714 2830 3846 EP1PHAN11.

297 3920 369 3976 Ἦ
407 3916 841 3986 ἁντιγραφεῒσα
893 3927 938 3964 π
1012 3929 1046 3975 ς
1088 3909 1233 3976 τοὺς
1283 3910 1416 3977 περὶ
1461 3911 1728 3968 amator
1766 3915 1865 3983 nat
1895 3921 1940 3980 (2
1973 3913 2261 3986 Epiphanii
2309 3912 2539 3982 episcopi
2590 3910 2857 3982 epistola,
2899 3925 3059 3981 qnam
3102 3911 3172 3965 ad
3217 3910 3470 3964 Acacium
3505 3920 3555 3966 et

364 3987 609 4040 Παῦλον
646 3984 912 4072 πρερόυτ
928 3996 1097 4069 ρους
1137 3979 1259 4059 ὑπὸ
1286 3980 1474 4036 αὑτοῦ
1520 3982 1870 4066 Ἐπιφανίοιζ
2048 4005 2281 4061 Paulum
2315 4001 2648 4075 presbyteros
2684 3999 2754 4055 ad
2803 4017 2868 4055 ea
2899 4000 3207 4070 rescripsit,
3231 4017 3347 4071 quoe
3374 4000 3457 4055 mi
3492 3999 3556 4058 de

368 4052 517 4121 πρὸς
555 4053 625 4107 τὰ
669 4064 755 4106 ⁰³⁸
801 4066 1000 4104 ‘'vum‘’
1030 4065 1191 4117 “⁰²4⁰
1236 4050 1539 4122 ὟῬαῨέντα
1581 4054 1717 4123 περὶ
1763 4072 1872 4110 του
2046 4096 2535 4152 lucubratiuncula
2568 4104 2753 4148 contra
2780 4093 3001 4147 hoereses
3032 4094 3479 4164 significaveram·

370 4122 520 4176 κατὰ
552 4121 840 4190 αἱρέσεων
866 4120 1088 4191 γράψαι
1122 4122 1327 4175 αὐτόν.

367 4234 589 4304 Κυριοις
610 4232 956 4304 τιμιωτάτοις
977 4230 1227 4303 ἀδελφοῖς
1249 4233 1342 4288 καὶ
1366 4234 1874 4308 συμπρεσὸυτέροις

309 4325 545 4397 Ἀκακίῳ
604 4327 698 4379 καὶ
755 4323 952 4396 Παύλῳ
1006 4325 1321 4396 Ἐπιφάνιος
1405 4328 1464 4381 ὲν
1511 4327 1704 4397 Κυρίῳ
1751 4325 1874 4398 χαί-

295 4435 429 4488 ρειν.
475 4418 788 4490 Προοίμιον,
820 4417 917 4469 εἴτ’
951 4412 1046 4472 οὖν
1082 4418 1272 4472 λαλιὰν
1304 4418 1640 4491 ἐπιγραφὴν,
1685 4417 1873 4490 ὥσπερ

291 4508 681 4579 διαγράφοντες
711 4509 925 4561 παλαιοὶ
947 4511 1283 4580 συγγραφεῖς
1320 4508 1403 4562 διὰ
1427 4507 1520 4562 τοῦ
1552 4508 1875 4580 αἰνίγματος

291 4598 562 4668 ύπόφασιν
607 4598 878 4652 ἐδείκνυον
939 4597 1120 4666 πάσης
1177 4598 1551 4669 ὑποκειμένης
1611 4615 1874 4671 πραγμα-

289 4690 463 4752 τείας.
488 4689 649 4743 Ὄθεν
674 4690 769 4743 καὶ
817 4689 993 4755 αὐτοὶ,
1024 4687 1104 4760 τῷ
1151 4689 1301 4760 αὐτῷ
1338 4688 1666 4761 κεχρημένοι
1700 4705 1876 4762 χαρα-

292 4781 480 4854 κτῆρι,
513 4783 982 4856 προοιμιαζόμεθα
1010 4782 1160 4854 ὑμῖν,
1191 4781 1490 4853 ἀγαπητοὶ,
1514 4779 1584 4834 τὰ
1604 4779 1706 4852 τῆς
1732 4779 1875 4834 κατά

293 4873 562 4946 αἱρέσεων
585 4875 854 4944 αἰτήσεως
876 4874 1051 4946 ὑμῶν,
1080 4874 1139 4927 ὲν
1165 4872 1331 4943 ὀλίγῳ
1357 4871 1455 4945 τὴν
1483 4871 1712 4944 δύναμιν
1745 4873 1876 4927 ἀνα-

294 4965 770 5036 κιφαλαιούμενοι.
823 4965 1044 5038 Ἐπειδὴ
1088 4965 1197 5038 γάρ
1241 4963 1509 5036 μέλλομεν
1543 4965 1672 5037 ὑμῖν
1699 4965 1772 5020 τά
1815 4982 1875 5019 τε

296 5057 534 5130 ,φύματα
577 5057 686 5112 τῶν
714 5059 979 5130 αἱρέσεων
1029 5058 1247 5131 δηλοῦν,
1277 5057 1376 5121 τάς
1420 5074 1481 5110 τε
1534 5060 1665 5129 παρ’
1690 5059 1875 5121 αὐτοῖς

294 5147 589 5220 ἀθεμίτους
649 5146 877 5220 πράξεις
925 5148 1360 5210 ἀνακαλύπτειν,
1404 5144 1592 5218 ὥσπερ
1633 5146 1744 5211 ἰοὺς
1782 5147 1876 5200 καὶ

2045 4235 2294 4292 Dominis
2330 4232 2735 4289 venerabilibus
2784 4248 2846 4288 ac
2877 4230 3174 4298 fratribus,
3219 4241 3272 4290 et
3299 4232 3547 4307 collegis,

1974 4326 2172 4403 acacio
2228 4332 2282 4381 et
2331 4324 2519 4386 Paulo.
2552 4321 2889 4395 Epiphanius
2939 4326 2993 4378 in
3040 4323 3262 4381 Christo
3294 4327 3552 4386 salutem.

1980 4417 2446 4486 Quemadmodum
2479 4417 2687 4487 antiqui
2724 4416 3023 4488 scriptores
3060 4427 3461 4476 consueverant
3496 4420 3553 4476 in

1974 4508 2387 4581 prael'ationibus
2416 4524 2481 4563 ac
2521 4507 2861 4580 proloquiis,
2893 4517 2947 4565 et
2987 4509 3444 4580 inscriptionibus
3472 4518 3555 4568 to·

1976 4601 2085 4656 tius
2107 4601 2288 4674 operis
2313 4600 2579 4676 propositi
2606 4602 2841 4671 speciem
2873 4601 3293 4659 adumbratione
3315 4602 3552 4675 quadam

1975 4693 2325 4750 informatam
2347 4691 2664 4759 ostendere;
2694 4690 2771 4746 ita
2786 4702 2840 4749 et
2857 4708 2957 4750 nos
2972 4692 3162 4749 eodem
3181 4697 3446 4753 orationis
3466 4697 3550 4753 usi

1976 4801 2173 4858 genere
2192 4784 2516 4859 prooemium
2546 4785 2649 4840 boc
2672 4782 3033 4850 instituimus,
3064 4783 3279 4853 dilecti,
3312 4795 3406 4852 ut,
3430 4802 3553 4858 quae

1974 4879 2271 4949 postulatio
2301 4886 2482 4934 vestra
2510 4876 2634 4944 suit,
2665 4892 2856 4933 eorum
2882 4895 3004 4951 quae
3026 4878 3292 4937 adversus
3318 4880 3552 4940 baereses

1977 4971 2311 5044 disputanda
2365 4978 2496 5028 sunt
2515 5010 2531 5037 ,
2588 4987 2803 5028 summa
2858 4973 3052 5046 paucis
3098 4975 3550 5046 complectamur.

1976 5068 2248 5138 Quoniam
2282 5068 2427 5124 enim
2467 5067 2750 5126 baereseon
2798 5068 3043 5125 omnium
3090 5068 3314 5124 nomina
3368 5067 3551 5126 decla·

1977 5163 2145 5218 randa
2170 5162 2323 5221 vobis
2352 5162 2456 5218 boc
2476 5162 2531 5219 in
2567 5162 2709 5220 libro
2729 5162 3101 5232 suscepimus,
3129 5177 3232 5218 nec
3255 5177 3365 5218 non
3390 5179 3551 5222 exse-

292 5239 594 5312 δηλητὴρῑα
641 5241 790 5307 ὄντα,
828 5241 925 5295 σὺν
963 5243 1147 5304 αὐτοῖς
1189 5239 1246 5294 δὲ
1280 5239 1397 5310 ἅμα
1437 5239 1531 5292 καὶ
1569 5238 1872 5302 ἅντῑδότῡυς
1902 5259 1948 5313 n
1975 5253 2200 5319 oranda,
2246 5267 2310 5308 ac
2358 5251 2567 5309 nefaria
2602 5253 2818 5308 illarum
2874 5250 3110 5323 flagitia,
3161 5254 3244 5310 sic
3287 5261 3548 5328 tanquam

294 5330 769 5403 ὲφαρμοσάμενοι,
812 5331 1144 5404 ἀλεξητήρια
1198 5328 1306 5383 τῶν
1343 5328 1725 5401 δεδηγμένων,
1774 5329 1869 5383 καὶ

294 5421 789 5494 προκαταληπτικά
814 5423 922 5477 τῶν
951 5422 1253 5493 μελλόντων
1286 5422 1367 5485 εἰς
1392 5419 1549 5474 τοῦτο
1575 5420 1868 5492 ἐμπίπτειν

295 5517 406 5578 τοῖς
447 5514 758 5584 φιλοκάλοις
797 5515 1204 5587 διαγράφομεν·
1240 5511 1373 5568 αὐτὸ
1416 5510 1577 5566 τοῦτο
1622 5511 1683 5566 τὸ
1711 5510 1870 5584 [upo-

295 5604 494 5678 οίμιον]
543 5607 847 5678 Πανάριον,
897 5605 995 5659 εἴτ’
1038 5601 1130 5659 οὖν
1169 5601 1422 5657 κι6ώτιον
1468 5601 1730 5674 ἰατρικὸν,
1775 5603 1869 5657 καὶ

295 5693 710 5768 θηριοδηκτικδν
752 5696 1167 5770 ἑρμηνεύοντες,
1217 5697 1351 5767 ὅπερ
1373 5695 1490 5748 ἐστὶ
1519 5694 1608 5749 διά
1649 5692 1870 5764 βιδλίων

295 5788 463 5862 τριῶν
488 5789 728 5861 αἱρέσεις
761 5789 1111 5861 ὀγδοήκοντα,
1141 5789 1341 5854 αἵτινές
1371 5791 1477 5842 είσι
1516 5786 1744 5860 θηρίων,
1771 5785 1873 5839 εἴτ’

370 5907 388 5966 ί
399 5906 448 5968 Ι)
479 5904 642 5964 Deest
661 5907 883 5963 verbum
918 5906 1064 5978 quod
1093 5905 1286 5963 Latino
1317 5906 1451 5962 tueri
1481 5902 1829 5976 respondeat.

1974 5339 2401 5412 praesentissima
2421 5340 2666 5412 quaedam
2691 5353 2923 5401 venena.
2941 5339 3248 5412 patefacere
3276 5345 3547 5410 volumus,

1974 5437 2139 5499 atque
2185 5429 2272 5486 his
2300 5431 2446 5486 velut
2481 5431 2724 5487 antidota
2749 5432 2995 5503 quaedam
3032 5443 3398 5505 opponentes,
3428 5448 3548 5506 quae

1974 5516 2056 5573 vel
2093 5518 2183 5584 iis,
2223 5519 2315 5590 qui
2351 5532 2534 5574 morsu
2558 5519 2715 5590 petiti
2743 5528 2872 5577 sunt
2900 5522 3142 5580 remedio
3164 5538 3285 5580 esse
3313 5522 3546 5593 possint.

1975 5609 2060 5665 vel
2097 5624 2213 5671 eos,
2241 5608 2444 5680 quibus
2478 5626 2545 5667 ne
2572 5611 2812 5668 incidant
2840 5615 3141 5685 periculum
3174 5623 3278 5681 est,
3314 5628 3547 5685 praemu·

1980 5699 2133 5755 niant
2177 5715 2242 5756 ac
2287 5710 2633 5767 conservent,
2668 5703 3018 5762 honestarum
3068 5720 3249 5760 rerum
3282 5704 3546 5762 studiosis

1981 5789 2328 5846 conscribere
2359 5807 2373 5845 ι
2405 5788 2720 5857 Panarium‚
2745 5791 2859 5848 sive
2888 5793 3130 5849 arculam
3162 5790 3451 5859 medicam,
3474 5788 3542 5847 ad
