3850 6517
295 405 373 464 23
1568 410 1628 466 S.
1668 410 2012 467 EPlPflANii
2051 412 2236 468 ViTA.
2274 457 2284 467 .
3454 420 3528 476 2t

295 517 567 577 sinceram
623 520 928 577 doctrinam
979 521 1302 595 adjungens,
1331 525 1497 581 etiam
1536 528 1863 598 scriptorum
1893 533 1940 586 A
1968 526 2416 598 συγγραμμάτων
2440 526 2634 598 πλήθει
2661 528 2868 594 πάντας
2893 530 3230 588 ἐπαίδευσεν.
3272 533 3446 607 ’Υπὲρ
3472 530 3539 593 οὑ

296 624 525 667 suorum
553 610 709 681 copia
732 611 1016 667 universos
1046 612 1263 668 erudiit.
1293 614 1504 681 Quibus
1528 616 1658 671 dum
1684 617 1862 671 inten-

297 709 388 754 tus
422 707 528 767 cst,
561 701 760 755 multos
790 700 861 756 ab
893 700 1211 758 infidelibus
1239 712 1295 758 et
1334 703 1615 783 haereticis
1651 704 1867 760 labores

296 787 540 858 pertulit.
571 788 855 844 Postremo
893 802 1020 843 cum
1052 798 1273 845 centum
1306 791 1549 862 quinque
1579 808 1773 860 annos,
1801 808 1865 850 ac

296 893 513 934 menses
560 888 818 949 praeterea
881 888 992 936 tres
1037 880 1307 951 explesset
1335 919 1351 945 ,
1406 882 1863 952 quemadmodum

295 969 529 1026 Arcadio
559 969 870 1041 imperatori
899 970 1257 1042 interroganti
1294 972 1671 1043 responderat,
1704 972 1865 1043 spiri-

297 1068 412 1115 tum
473 1058 708 1117 Domino
765 1061 1042 1130 reddidit,
1076 1077 1322 1134 peregre,
1378 1071 1435 1119 et
1489 1072 1641 1120 extra
1680 1065 1863 1119 sedem

292 1163 451 1208 suam
484 1167 502 1205 ε
540 1164 640 1221 pro
666 1166 733 1206 eo
755 1166 822 1206 ac
851 1152 1279 1224 chrysostomus
1302 1155 1527 1223 petierat
1554 1172 1569 1222 3
1601 1154 1862 1225 quoniam

293 1246 609 1316 relegationi
634 1245 799 1315 huius
819 1245 1157 1319 Epiphanius
1173 1249 1590 1320 subscripserat.
1614 1249 1864 1306 Vicissim

293 1342 474 1391 autem
503 1334 864 1407 Epiphanium
893 1339 1243 1408 rescripsisse
1296 1350 1634 1408 memorant3
1692 1357 1866 1412 neque

293 1426 448 1481 inum
487 1426 666 1482 iocum
700 1443 847 1495 eum,
873 1429 928 1483 in
964 1444 1126 1499 quem
1162 1430 1437 1500 deportari
1481 1431 1675 1502 jussus
1723 1441 1861 1501 erat,

293 1533 415 1576 esse
438 1520 708 1576 visurum.
757 1519 877 1597 iam
899 1523 1141 1593 synaxis,
1173 1540 1296 1595 quae
1339 1525 1395 1579 in
1425 1525 1569 1582 iliius
1598 1526 1860 1582 honorem

1972 617 2198 682 πολλοὺς
2218 618 2406 689 ἐξεῦρε
2443 620 2568 684 τοὺς
2596 624 2937 693 πειρασμοὺς
2975 625 3125 695 παρὰ
3172 626 3275 680 τῶν
3312 627 3538 682 κακοδό-

1971 708 2097 776 ξων.
2122 710 2302 782 Ζήσας
2330 709 2387 763 δὲ
2414 708 2510 782 ἔτη
2538 711 2698 765 πέντε
2732 713 2868 784 πρὸς
2904 717 3014 778 τοίς
3040 717 3253 780 ἑκατὸν,
3282 719 3374 772 ἐπὶ
3403 736 3477 789 μη
3486 720 3541 772 σὶ

1969 801 2167 872 τρισὶν,
2223 800 2300 865 ῶς
2326 801 2486 867 αὐτὸς
2548 803 2815 874 Ἀρκαδίῳ
2840 806 2919 878 τῷ
2949 805 3159 877 βασιλεῖ
3204 810 3539 881 ὲρωτήσαντι

1969 892 2320 965 ἀπεκρίνατο,
2353 892 2430 964 τῷ
2464 893 2655 966 Κυρίῳ
2678 895 2740 948 τὸ
2768 896 2987 968 πνεῦμα
3009 899 3275 969 παρέθετο
3293 917 3308 932 ·
3334 901 3436 954 οὑκ
3477 902 3537 955 ὲν

1968 979 2049 1051 τῷ
2082 981 2267 1053 οίκείῳ
2300 980 2506 1054 θρόνῳ,
2542 982 2685 1037 κατὰ
2712 985 2812 1056 τὴν
2841 987 2933 1039 τοῦ
2969 989 3354 1061 Χρυσοστόμου
3384 991 3539 1059 αἴτη-

1973 1084 2076 1135 σιν,
2111 1069 2233 1121 ἑπεὶ
2263 1072 2329 1140 τῇ
2362 1070 2457 1124 καὶ
2504 1071 2712 1126 ἐκείνου
2753 1073 2938 1145 ὲξορίᾳ
2981 1075 3290 1146 συνῄνεσεν.
3335 1078 3437 1132 Τὸν
3478 1080 3539 1133 δέ

1971 1173 2135 1225 φασιν
2167 1158 2516 1228 ἀντιγράψαι,
2576 1161 2711 1231 μηδὲ
2751 1162 2910 1216 αὑτὸν
2938 1163 3029 1217 τὸν
3053 1166 3238 1230 τόπον,
3290 1169 3426 1238 πρὸς
3477 1170 3539 1222 δν

1967 1246 2273 1302 ἀπέσταλτο
2300 1247 2606 1321 ὑπερόριος,
2644 1251 2845 1322 φθᾶσαι
2895 1255 3149 1309 κατιδεῖν.
3207 1256 3449 1310 Τελεῖται
3480 1259 3538 1312 δὲ

1965 1340 2000 1408 ἠ
2034 1338 2198 1393 αὑτοῦ
2223 1339 2438 1405 σὺναξις
2460 1343 2523 1396 ἓν
2543 1342 2622 1414 τῷ
2648 1345 2934 1418 ἁγιωτάτῳ
2954 1348 3120 1402 αὑτοῦ
3161 1349 3296 1420 οἴκῳ
3321 1349 3400 1422 τῷ
3422 1350 3538 1405 ὄντι

1967 1429 2120 1495 ἐντὸς
2151 1431 2246 1484 τοῦ
2273 1432 2430 1500 ἀγίου
2457 1433 2772 1505 Φιλήμονος.
2803 1437 2935 1501 Ταῖς
2985 1439 3148 1493 αὑτοῦ
3197 1439 3535 1510 πρεσὸείαις,

1966 1525 1996 1579 ὁ
2024 1522 2176 1589 Θεὸς,
2211 1522 2430 1595 ἐλέησον
2463 1526 2629 1595 ἡμᾶς.

293 1613 373 1677 nt,
433 1613 489 1668 in
528 1615 875 1672 sanctissima
908 1615 1055 1672 illius
1086 1617 1205 1673 aede
1224 1617 1549 1686 celebratur,
1607 1635 1728 1691 quae
1757 1618 1931 1676 estad
1966 1617 2141 1674 sancti
2175 1615 2534 1673 Philemonis.
2570 1616 2674 1673 Per
2707 1619 2873 1690 hujus
2916 1635 3127 1692 preces,
3167 1591 3332 1689 Deus,
3373 1626 3537 1680 mise-

292 1718 412 1761 rere
439 1705 619 1762 nohis.

1812 1870 2021 1911 sums.

377 1937 694 2008 Ἔπιφάνιος
724 1941 1141 2007 Κωνπαντείας
1171 1945 1271 2013 τῆς
1294 1944 1524 2015 Κύπρου
1577 1946 1899 2010 ἐπίσκοπος,
1925 1945 2026 2017 τῆς
2057 1943 2322 2016 πρότερον
2351 1941 2651 2013 Σαλαμῖνος
2674 1979 2691 2005 ,
2741 1938 2948 2010 ἔγραψε
2999 1940 3140 1994 κατά
3188 1942 3380 1995 πασῶν
3426 1943 3534 1996 τῶν

291 2028 560 2100 αἱρέσεων
611 2030 818 2102 λόγους,
861 2032 900 2087 ἀ
954 2034 1220 2103 Πανάρια
1273 2036 1543 2106 λέγονται,
1594 2041 1689 2091 καὶ
1732 2039 1895 2111 ἕτερα.
1936 2037 2143 2092 πολλά·
2183 2035 2345 2091 ἅτινα
2371 2035 2524 2106 παρὰ
2580 2034 2681 2105 μὲν
2738 2032 2848 2087 τῶν
2880 2034 3329 2105 πεπαιδευμένων
3357 2034 3446 2091 διὰ
3466 2037 3537 2092 τὰ

293 2121 614 2194 πράγματα,
643 2125 796 2196 παρά
821 2127 878 2181 δὲ
901 2126 1011 2181 τῶν
1051 2127 1279 2182 ἰδιωτῶν
1307 2128 1398 2182 διὰ
1422 2131 1492 2184 τὰ
1532 2131 1752 2202 ῥήματα
1789 2130 2247 2200 ἀναγινώσκεται.
2277 2128 2516 2200 Τελευτᾷ
2552 2127 2956 2200 ἐσχατόγηρως.

365 2212 499 2282 Ωιιω
521 2215 738 2273 totidem
758 2217 869 2287 fere
893 2218 1062 2274 uerbis
1083 2235 1148 2275 ea:
1174 2218 1498 2292 Hieronymo
1531 2219 1859 2291 Sophronias
1887 2224 2168 2292 expressit.

1604 2577 2228 2670 MONITUM.

369 2945 633 3016 Subiecta
678 2946 967 3017 Epiphanii
1007 2949 1126 3005 Vita
1148 2990 1163 3013 ,
1194 2951 1386 3005 Latine
1428 2953 1559 3005 olim
1589 2968 1619 3004 a
1664 2953 1826 3007 Surio
1866 2951 2033 3017 edita,
2082 2953 2267 3007 Graece
2311 2967 2457 3006 nunc
2487 2953 2720 3032 primum
2755 2949 2951 3018 prodit,
2985 2945 3169 3002 uiuitis
3197 2943 3251 2997 in
3280 2940 3415 3024 iocis
3449 2954 3536 2994 re·

297 3015 538 3084 cognita.
565 3015 1036 3088 Quae.quanquam
1083 3021 1135 3074 in
1190 3021 1463 3091 plerisque
1506 3019 1704 3079 tabulae
1730 3030 1814 3075 est
1858 3035 2024 3089 quam
2066 3020 2312 3075 historiae
2362 3034 2603 3089 propior,
2647 3028 2708 3075 ut
2740 3016 3057 3088 jamdudum
3106 3020 3326 3096 monuit
3366 3009 3531 3093 {iat-03

298 3086 429 3140 nius
479 3085 535 3141 in
565 3087 857 3141 Annalibus
894 3092 1005 3156 (a),
1029 3091 1135 3145 erit
1178 3101 1356 3144 tamen
1400 3089 1454 3144 in
1494 3090 1758 3145 lutuienta
1791 3088 1881 3142 iila
1923 3089 2240 3144 narratione
2289 3087 2522 3144 sortasse
2550 3089 2697 3157 quod
2743 3087 2932 3143 toliere
2973 3099 3172 3157 possis.
3223 3082 3287 3136 Et
3332 3081 3532 3162 alioqui

298 3154 476 3211 multa
507 3157 751 3211 continet
777 3171 901 3226 quae
943 3173 1069 3212 cum
1121 3174 1248 3212 vera
1284 3170 1607 3230 receptaque
1654 3159 1723 3213 ab
1773 3158 2034 3214 omnibus
2077 3159 2307 3215 historia
2349 3167 2720 3214 consentanea
2759 3165 2908 3221 sunt,
2957 3157 3051 3213 sed
3082 3155 3270 3212 eadem
3305 3152 3537 3229 admista

299 3222 476 3282 falsis.
513 3223 573 3280 in
618 3225 818 3295 quibus
848 3225 1225 3282 discernendis
1273 3227 1320 3284 si
1359 3230 1496 3284 nibil
1545 3228 1716 3293 aliud,
1778 3237 1955 3293 tuum,
1998 3227 2196 3286 Lector
2247 3228 2681 3297 humanissime,
2715 3226 3013 3313 judicium,
3072 3240 3138 3281 ac
3183 3221 3408 3294 κριτικὴ
3439 3234 3540 3289 της

301 3293 549 3370 ίστορίας
575 3294 805 3367 δύναμις
839 3296 1082 3354 exerceri
1110 3297 1301 3368 possit.

694 3571 1079 3705 ΒΙΟΣ
1178 3572 1526 3718 ΤΟΥ
1622 3520 2145 3707 ΑΓΙΟΥ
2222 3565 3153 3704 ΕΠΙΦΑΝΙΟΥ

1042 3803 1442 3860 ΕΠΙΣΚΟΠΟΥ
1467 3804 1738 3859 notium
1773 3803 2263 3858 ΚΩΝΣΤΑΝΤΙΔΣ
2299 3803 2436 3857 ΤΗΣ
2474 3801 2782 3857 ΚΥΠΡΟΥ.

780 4135 1240 4291 VITA
1340 4137 2022 4292 SANGTI
2116 4034 3092 4285 ΕΡΙΡΗΑΝΠ

1228 4403 1766 4468 CONSTANTIAE
1813 4404 1894 4466 IN
1937 4403 2202 4466 CYPRO
2258 4399 2617 4462 EPlSCOPl

1014 4571 1321 4652 Excerpta
1363 4588 1441 4633 ex
1490 4586 1645 4634 voce
1674 4568 1936 4633 loannis
1973 4566 2161 4630 unius
2189 4582 2267 4627 ex
2306 4564 2439 4645 ejus
2496 4561 2842 4644 discipulis.

1053 4664 1077 4689 .

383 4901 424 4956 Ι.
443 4894 781 4968 Epiphanius
811 4899 932 4946 erat
952 4890 1172 4961 quidem
1202 4904 1398 4960 genere
1431 4888 1689 4954 Phoenix,
1717 4905 1783 4943 ex
1813 4903 1876 4943 ea
1917 4894 1962 4949 Β
2060 4883 2138 4938 Δ’.
2192 4884 2503 4952 Ἐπιφάνιος
2541 4882 2697 4950 γένος
2742 4881 2841 4953 μὲν
2872 4875 2940 4951 ἦν
2983 4876 3243 4932 Φοινίκων
3275 4875 3374 4945 τῆς
3404 4890 3547 4944 περι-

305 4991 549 5064 regione,
577 4998 701 5057 quae
727 4988 811 5038 est
842 4980 988 5036 circa
1026 4979 1527 5051 Eleutheropolim3
1556 4980 1723 5035 distat
1752 4995 1879 5035 vero

305 5099 340 5140 a
362 5082 582 5145 civitate
622 5077 691 5132 ad
722 5074 828 5129 tria
873 5071 1153 5130 milliaria.
1200 5070 1329 5127 Fuit
1357 5080 1539 5138 autem
1572 5080 1726 5142 pater
1759 5071 1880 5141 ejus

307 5171 580 5245 agricoia;
613 5166 807 5223 matris
835 5180 964 5219 vero
992 5163 1115 5233 ejus
1158 5163 1401 5218 studium
1441 5173 1559 5218 crat
1591 5179 1649 5219 se
1677 5162 1731 5217 in
1764 5164 1880 5218 lino

307 5272 583 5318 exercere.
624 5256 695 5311 iis
724 5263 907 5310 autem
949 5252 1105 5308 fuere
1133 5251 1243 5307 duo
1288 5251 1407 5319 sulii,
1437 5252 1795 5323 Epiphanius,
1826 5259 1882 5307 et

311 5365 420 5406 una
449 5347 559 5402 fllia
583 5344 935 5415 Callitropos.
967 5342 1179 5398 Accidit
1205 5350 1387 5398 autem
1419 5352 1478 5397 ut
1500 5346 1695 5397 ’eorum
1729 5352 1881 5412 pater

310 5455 343 5496 e
377 5439 489 5494 vita
515 5435 828 5500 excederem
882 5434 1086 5490 mansit
1130 5449 1261 5490 vero
1309 5432 1640 5504 Epiphanius
1689 5432 1876 5488 decem

309 5546 488 5588 annos
529 5541 690 5589 natus
723 5530 885 5584 matri
915 5544 1049 5596 suae,
1087 5528 1309 5600 quando
1341 5539 1592 5585 mortuus
1621 5536 1705 5583 est
1733 5537 1882 5598 pater

309 5623 452 5694 ejus.
481 5621 840 5677 cruciabatur
887 5630 1069 5676 autem
1119 5621 1306 5677 auimo
1343 5621 1463 5690 ejus
1510 5628 1704 5687 mater,
1752 5620 1880 5675 dum

386 5779 469 5854 (a)
510 5780 586 5837 sd
619 5797 712 5837 an.
745 5782 869 5839 512.

1984 4978 2182 5041 οικίδος
2233 4974 2723 5046 Ἐλευθεροπόλεῶς
2747 5014 2761 5037 ,
2783 4971 2918 5028 ,ἀπὸ
2969 4969 3210 5042 σημείων
3254 4965 3419 5037 τριῶν
3460 4964 3559 5034 τῆς

1986 5069 2153 5140 αὐτῆς
2199 5067 2457 5139 ὑπάρχων
2494 5067 2897 5135 ἀποστήματος.
2949 5063 3009 5115 Ὀ
3048 5062 3104 5116 δὲ
3146 5060 3336 5114 τούτου
3379 5055 3561 5126 πατὴρ

1985 5159 2277 5231 γαίη-πόνος
2308 5157 2587 5228 ὑπῆρχεν·
2636 5156 2695 5208 τὸ
2738 5155 2793 5208 δὲ
2836 5152 3171 5225 ἐπιτήδευμα
3211 5150 3311 5219 τῆς
3355 5147 3560 5218 μητρὸς

1986 5249 2173 5314 αὑτοῦ,
2207 5247 2500 5318 λινυφαρία
2522 5247 2786 5317 ὑπῆρχεν.
2815 5241 2923 5297 Ἦν
2953 5241 3047 5298 οὖν
3078 5241 3288 5304 τούτοις
3311 5239 3404 5293 δύο
3432 5254 3559 5289 παι-

1987 5341 2103 5404 δία,
2129 5341 2157 5393 ὅ
2188 5356 2246 5393 τε
2281 5337 2593 5406 Ἐπιφάνιος
2619 5337 2711 5391 καὶ
2751 5321 2999 5404 θυγάτηρ
3034 5333 3132 5402 μία
3166 5327 3554 5398 Καλλίτροπος.

1995 5433 2222 5502 Ἔτυχεν
2255 5426 2348 5484 οὖν
2373 5430 2463 5483 τὸν
2495 5429 2685 5484 τούτου
2729 5426 2939 5498 πατέρα
2964 5423 3318 5493 τελευτῆσαι·
3345 5419 3555 5489 ἔμεινεν

1989 5526 2048 5580 δὲ
2084 5526 2397 5594 Ἐπιφάνιος
2428 5523 2559 5579 δέκα
2591 5523 2729 5578 ὲτῶν
2755 5525 2822 5592 τῇ
2866 5519 3034 5590 μητρὶ
3076 5514 3239 5570 αὑτοῦ
3261 5552 3276 5576 ,
3323 5509 3460 5581 μετὰ
3497 5508 3556 5560 τὸ

1987 5620 2303 5690 τελευτῆσαι
2342 5617 2434 5671 τὸν
2466 5615 2678 5686 πατέρα
2702 5612 2885 5667 αὑτοῦ.
2917 5610 3197 5680 Συνείχετο
3219 5604 3276 5659 δὲ
3309 5605 3342 5673 ὴ
3377 5603 3555 5674 μήτηρ
