3850 6517
291 418 399 476 210
434 478 443 489 ,

1710 427 1770 489 S.
1811 428 2151 488 Et‘tPnANtt

3441 449 3550 506 22⁰

292 530 524 588 miretur
549 545 682 588 vero
715 534 888 607 magis
921 539 1238 590 accuratam
1274 549 1309 590 a
1340 535 1501 596 nobis
1559 537 1752 597 initam
1780 555 1870 596 ra·
1896 549 1944 606 Α
1975 544 2193 615 μαζέτω
2238 546 2296 600 δὲ
2348 548 2545 617 μᾶλλον
2578 549 2677 620 τὴν
2722 550 3103 623 ἀκριὸολογίαν
3143 555 3439 630 ὠφελίμως
3467 557 3551 613 ὲν·

293 623 522 691 tionem,
553 633 608 681 et
633 623 737 682 boc
762 625 884 681 loco
909 626 964 681 in
986 626 1362 685 studiosorum
1396 627 1628 700 gratiam
1663 631 1871 687 utiliter

292 711 643 785 explicatam,
697 715 790 786 qui
857 717 1212 789 castigatiora
1273 719 1524 790 exempla
1578 722 1870 780 consulere

292 801 618 859 eruditionis
647 818 814 860 causa
838 806 1138 862 voluerint.
1189 805 1306 863 Non
1330 809 1476 864 enim
1504 810 1709 878 diffido,
1734 814 1868 885 quin

291 909 418 950 cnm
453 895 621 951 animi
650 897 736 952 sui
768 895 952 953 fructu
994 899 1229 957 candide
1268 900 1324 955 in
1359 899 1426 957 iis
1479 918 1603 974 quae
1649 919 1680 958 a
1712 906 1870 962 nobis

293 987 572 1058 proposita
601 994 731 1044 sunt
765 990 1121 1060 acquiescere
1144 998 1447 1065 cogantur;
1478 993 1753 1067 simulque
1776 1012 1870 1054 vo·

293 1093 412 1135 cem
447 1077 595 1133 illam
619 1078 985 1148 lucrifaciant,
1006 1096 1130 1153 quae
1156 1084 1226 1139 ab
1246 1084 1517 1155 imperitis
1539 1086 1870 1157 quibusdam

293 1170 739 1227 emendatoribus
773 1181 858 1228 est
892 1180 1119 1245 propter
1140 1176 1560 1248 ambiguitatem
1591 1196 1659 1237 ex
1688 1181 1870 1238 Evan-

293 1260 437 1333 gelio
467 1262 705 1318 sublata.
728 1261 864 1318 Nam
896 1279 1023 1320 cum
1052 1266 1438 1337 generationes
1492 1284 1684 1327 omnes
1734 1270 1873 1327 Mat-

296 1352 472 1408 thaeus
501 1353 780 1424 tripartito
833 1353 1202 1421 distribuerit,
1238 1364 1292 1412 et
1326 1357 1397 1414 ab
1447 1357 1758 1418 Abrahamo
1801 1361 1872 1416 ad

295 1434 553 1500 Davidem
614 1460 789 1515 usqne
838 1461 932 1501 xiv
967 1457 1274 1516 enumeret,
1337 1451 1595 1520 superior
1640 1461 1872 1523 utraque

297 1535 470 1593 series
495 1524 705 1608 integra
736 1538 1029 1608 reperitur,
1063 1554 1244 1612 neque
1274 1540 1577 1612 quidquam
1639 1543 1709 1598 ad
1764 1559 1872 1601 nu·

297 1638 508 1683 merum
541 1626 716 1691 deest,
739 1629 832 1700 qui
861 1628 932 1683 ad
961 1627 1284 1690 lechontam
1314 1631 1510 1688 ordine
1539 1633 1870 1711 pertexitur.

295 1715 368 1773 At
398 1716 557 1772 tertia
587 1718 806 1775 demum
835 1719 1011 1777 series
1035 1737 1135 1780 xut
1178 1723 1446 1780 duntaxat
1486 1741 1597 1781 non
1645 1741 1756 1792 xiv,
1780 1741 1875 1798 ge·

297 1807 643 1865 nerationum
671 1810 893 1865 nomina
918 1813 1334 1884 complectitur,
1359 1814 1507 1885 quod
1538 1830 1570 1869 a
1628 1815 1872 1870 nonnul-

299 1899 369 1963 lis
403 1901 759 1957 commissum
783 1910 901 1970 est3
930 1905 1026 1983 qui
1058 1920 1184 1961 cum
1211 1905 1510 1964 ‹lechonias
1562 1905 1703 1963 duos
1750 1920 1878 1960 con-

1970 634 2145 690 ταῦθα
2167 638 2424 710 κειμένην
2450 642 2561 704 τοῖς
2582 641 2907 710 σπουδαίοις,
2931 648 3366 718 χρηστομαθείας
3389 649 3555 704 ἕνεκα

1970 724 2039 780 τά
2076 727 2275 800 ἀκριδῆ
2314 729 2424 784 τῶν
2457 730 2805 804 ἀντιγράφων
2854 736 3297 809 καταλαμβάνειν
3334 739 3554 795 ἐθέλου-

1973 832 2078 880 σιν,
2110 818 2306 882 οἵτινες
2346 820 2508 883 εὐθὺς
2543 821 2680 892 μετὰ
2721 824 2821 895 τῆς
2863 825 3149 896 ὠφελείας,
3186 831 3555 903 εὐγνωμονείν

1971 906 2495 980 ἀναγκασθήσονται,
2533 912 2893 984 κερδήσαντες
2935 918 2995 971 τὸ
3046 920 3150 973 ὑπό
3205 939 3366 978 τινων
3407 923 3551 995 ἀμα-

1973 995 2081 1050 θῶν
2107 996 2215 1051 τῶν
2248 999 2306 1051 ὲν
2332 998 2411 1070 τῷ
2457 1001 2772 1075 Εὐαγγελίῳ
2803 1006 2884 1070 είς
2914 1007 3244 1079 ἀμφιδολίαν
3285 1013 3363 1076 ὡς
3408 1013 3552 1069 κατὰ

1971 1086 2254 1158 διόρθωσιν
2284 1090 2580 1164 ἀφανισθὲν
2616 1095 2800 1167 ῥητόν.
2828 1097 3043 1168 Τριχῶς
3066 1099 3175 1172 γὰρ
3207 1101 3551 1173 ἀριθμήσαν-

1970 1193 2063 1242 τος
2078 1177 2174 1233 τοῦ
2201 1178 2359 1249 ἁγίου
2387 1180 2666 1238 Ματθαίου
2692 1185 2790 1250 τὰς
2816 1187 3028 1256 γενεὰς,
3048 1189 3156 1243 ἀπὸ
3175 1189 3268 1243 τοῦ
3303 1190 3554 1265 ’Asmagi

1972 1268 2101 1340 ἀχρι
2150 1269 2243 1323 τοῦ
2287 1271 2453 1326 sacis
2494 1275 2763 1346 φήσαντος
2806 1279 2999 1347 γενεὰς
3040 1279 3466 1354 δεκατέσσαρας,
3501 1284 3550 1336 ol

1971 1361 2065 1415 δύο
2094 1360 2356 1433 ἀνώτεροι
2387 1364 2611 1437 ἀριθμολΙ
2655 1372 2847 1438 σαφεῖς
2877 1371 3243 1443 εὑρίσκονται,
3280 1373 3553 1446 μηδεμίαν

1974 1451 2209 1523 ἔλλειψιν
2249 1454 2483 1526 ἀριθμοῦ
2523 1459 2889 1529 περιέχοντες.
2922 1463 3065 1526 Ἕως
3100 1461 3208 1535 γὰρ
3257 1464 3351 1518 τοῦ
3393 1466 3556 1537 Ἰεχο-

1974 1544 2089 1603 νίου
2116 1546 2429 1618 περιέχουσι
2460 1549 2585 1614 τοὺς
2618 1551 2862 1621 χρόνους.
2907 1552 2966 1606 '0
2999 1552 3057 1611 δὲ
3099 1552 3281 1625 τρίτος
3322 1554 3557 1627 ἀριθμὸς

1973 1633 2154 1690 οὐκέτι
2202 1635 2614 1711 δεκατεσσάρων
2660 1643 2864 1710 γενεῶν
2908 1643 3221 1715 εὑρίσκεται
3265 1650 3408 1699 κατα
3439 1644 3557 1699 δια-

1974 1726 2135 1798 δοχὴν
2197 1727 2480 1800 ὀνομάτων
2512 1716 2589 1783 ’τὸ
2652 1731 2929 1806 πλήρωμα
2987 1734 3161 1806 ἔχων,
3211 1736 3350 1791 ἀλλὰ
3398 1738 3560 1793 δεκα-

1974 1817 2159 1887 τριῶν.
2202 1817 2418 1893 Ἐπειδὴ
2458 1819 2622 1886 τινὲς,
2664 1822 2920 1892 Ἰεχονίαν
2954 1825 3072 1896 ἅμα
3116 1827 3341 1901 Ἰεχονίᾳ
3386 1829 3572 1901 ἑτέρῳ,

1978 1908 2265 1963 ὲπιτοαυτὺ
2302 1911 2574 1981 εὑρόντες.
2608 1915 2867 1985 ἐνόμισαν
2905 1916 2997 1971 τὸν
3044 1917 3276 1991 ἀριθμὸν
3324 1920 3561 1975 δεδισσο-

296 1991 528 2062 iunctim
581 2007 706 2049 esse
756 1992 994 2065 scriptos
1050 2004 1368 2062 cernerent,
1431 1996 1690 2056 arbitrati
1743 2004 1875 2057 sunt
1907 1999 1947 2054 B
1975 1999 2293 2071 λογισμένον
2334 1999 2494 2060 εἶναι.
2534 2000 2648 2059 Οὗκ
2676 2001 2744 2077 ἦν
2788 2006 2845 2060 δὲ
2890 2007 3218 2080 δισσολογία,
3272 2012 3407 2066 ἀλλὰ
3437 2015 3560 2089 ἀρι..

297 2078 544 2138 eamdem
572 2096 761 2138 vocem
789 2092 1124 2155 praepostere
1152 2086 1208 2141 in
1237 2101 1303 2141 ea
1361 2079 1469 2164 22
1499 2086 1643 2142 serie
1674 2086 1875 2158 repeti·

298 2179 432 2227 tam.
462 2170 665 2230 Verum
716 2173 966 2246 ejusdem
1020 2175 1124 2233 ista
1171 2178 1430 2249 repetitio
1478 2178 1704 2233 minime
1740 2177 1874 2246 l'uit;

299 2263 396 2325 sed
432 2265 757 2321 numerandi
787 2265 923 2324 ordo
973 2269 1319 2340 perspicuus.
1371 2266 1653 2340 Siquidem
1680 2266 1878 2328 ‹lecito-

300 2357 408 2420 niae
436 2355 549 2413 lilio
570 2357 638 2414 de
671 2370 895 2431 parente
926 2376 1126 2420 nomen
1161 2361 1482 2433 impositum
1541 2367 1646 2417 est.
1676 2361 1746 2417 Δι
1787 2361 1878 2416 isti

300 2448 588 2519 elegantiae
621 2450 893 2516 vindices.
920 2453 1050 2509 dum
1103 2468 1274 2507 unum
1307 2467 1508 2510 nomen
1532 2458 1876 2522 expungunt,

302 2554 399 2610 per
428 2553 701 2594 summam
755 2541 1120 2613 ignorantiam
1155 2550 1348 2598 contra
1379 2541 1720 2612 propositum
1754 2555 1883 2614 pec·-

1985 2088 2123 2161 θμὸς
2172 2091 2370 2162 σαφής.
2418 2094 2512 2158 Είς
2554 2095 2726 2168 ὄνομα
2778 2098 2886 2171 γὰρ
2938 2102 3143 2173 πατρὸς
3181 2104 3210 2156 ὁ
3241 2103 3369 2167 παῖς
3408 2106 3424 2136 ¹
3462 2105 3562 2159 ἐπ·

1984 2179 2179 2254 έκλητο
2212 2180 2466 2256 Ἰεχονίας
2488 2184 2581 2238 τοῦ
2619 2186 2889 2258 Ἰεχονίου.
2932 2192 3279 2265 Ἀφελόμενοι
3300 2190 3393 2249 οὗν
3420 2213 3565 2260 τινες

1984 2271 2061 2335 ῶς
2088 2271 2230 2332 κατὰ
2258 2275 2577 2344 φιλοκαλίαν
2612 2277 2673 2332 τὸ
2714 2278 2772 2335 ἓν
2812 2280 3000 2352 ὄνομα,
3025 2283 3219 2356 ἀγνοίᾳ
3252 2285 3564 2356 φερόμενοι,

1984 2362 2229 2429 ὲλλειπὲς
2259 2367 2586 2437 ἐποιήσαντο
2611 2370 2711 2441 τῆς
2737 2371 3066 2438 ὑποθέσεως,
3097 2374 3237 2429 κατὰ
3268 2375 3369 2447 τὴν
3390 2377 3564 2446 ὀμάδα

1983 2452 2079 2508 τοῦ
2109 2454 2232 2527 ἀριθ
2242 2456 2343 2529 μοῦ
2362 2459 2473 2513 τῶν
2488 2460 2902 2536 δεκατεσσάρων
2921 2465 3200 2538 ὀνομάτων
3218 2466 3317 2540 τὴν
3339 2468 3569 2538 ὑπόσχε-

1988 2561 2094 2612 σιν,
2128 2547 2225 2602 καὶ
2254 2548 2317 2603 τὸ
2353 2550 2684 2624 πολύπειρον
2703 2553 2805 2625 τῆς
2832 2555 3070 2626 σχέσεως
3095 2557 3388 2629 ἠφάνισαν.

301 2645 532 2705 carunt;
588 2645 753 2710 atque
801 2648 856 2697 et
916 2639 1201 2696 nominum
1248 2655 1342 2695 xiv
1388 2638 1703 2709 collegium,
1753 2637 1900 2709 quod
1953 2639 2153 2698 ibidem
2211 2645 2549 2716 ostenditur,
2617 2665 2728 2719 uno
2782 2649 3030 2710 detracto
3072 2661 3572 2721 numerarunt,‚ct

304 2733 661 2802 multiplicem
690 2733 854 2792 unlus
876 2733 945 2789 ad
999 2735 1235 2791 alterum
1285 2733 1554 2790 rationem
1603 2731 2095 2807 habitudinemque
2129 2740 2495 2798 sustulerunt.

336 2839 341 2845 ·
377 2827 646 2884 Caeternm
671 2830 740 2885 ab
767 2828 1045 2891 ,lechontae
1077 2839 1320 2901 tempore
1353 2829 1611 2899 deinceps
1664 2825 1885 2885 ludaeo-

306 2935 432 2976 rum
455 2919 510 2974 in
538 2918 870 2992 Babylonem
917 2921 1227 2992 deportatio
1256 2920 1510 2990 contigit.
1557 2918 1616 2979 ln
1645 2934 1755 2995 qua
1777 2916 1886 2972 Na-

310 3011 820 3070 hucliodonosorem
845 3012 1236 3071 convenientes
1258 3010 1400 3083 apud
1429 3009 1763 3081 Babylonem
1795 3023 1886 3066 se·

311 3103 498 3167 niorcs
526 3112 812 3172 rogarunt,
850 3111 913 3160 ut
956 3120 985 3160 c
1026 3105 1144 3160 suis
1184 3110 1367 3162 certos
1401 3103 1457 3157 in
1511 3100 1752 3157 Judaeam
1786 3101 1885 3157 boa

312 3185 491 3249 mines
521 3191 589 3248 ad
614 3191 977 3248 habitandum
1030 3195 1292 3260 mitteret,
1336 3210 1407 3251 ne
1457 3193 1757 3249 silvescens
1806 3193 1888 3247 in·

313 3283 572 3353 cultaque
602 3283 757 3355 regio
795 3284 1013 3340 deserta
1060 3285 1282 3356 penitus
1315 3293 1580 3341 maneret.
1629 3281 1741 3340 Nec
1773 3284 1889 3356 regi

317 3375 612 3446 postulatio
645 3375 735 3429 illa
765 3375 1067 3448 displicuit.
1104 3377 1294 3448 ltaque
1339 3384 1579 3449 quatuor
1622 3391 1691 3432 ex
1720 3375 1892 3448 impe·

319 3465 405 3520 rio
434 3480 536 3522 suo
558 3467 794 3525 subditis
819 3467 1077 3540 gentibus
1100 3468 1223 3526 sine
1250 3463 1411 3526 inova
1445 3468 1677 3535 dimisit,
1733 3467 1891 3525 nimi-

320 3570 442 3614 rum
485 3556 803 3624 ebutham,
841 3568 895 3614 et
943 3558 1194 3627 Cudaeos,
1257 3575 1323 3616 ac
1375 3560 1790 3636 Seplraruraeos,
1837 3566 1893 3624 et

393 3713 410 3746 ¹
435 3730 528 3784 γρ.
553 3711 928 3785 ἐπικέκληται.
949 3711 1080 3774 Cor,
1100 3711 1453 3786 ἐπεκέκλητο,

325 3872 527 3929 tbaeum
555 3870 845 3942 scripsisse
874 3876 1028 3942 putat
1058 3889 1073 3926 ι
1105 3868 1289 3926 Ionias
1308 3879 1485 3927 autem
1507 3871 1686 3941 yettuit
1705 3869 1897 3926 ‹lecho-

326 3943 494 4010 nioem,
525 3953 574 3998 ct
605 3942 800 4014 [ratres
826 3940 941 4011 ejus
983 3942 1039 3994 iu
1080 3939 1545 4012 transmigratione
1565 3940 1896 4014 Babylonis:

323 4010 608 4074 ,lectionum
638 4019 813 4067 autem
835 4011 1012 4082 genuit
1038 4009 1349 4066 lecticulam
1371 4026 1389 4066 .·
1410 4008 1697 4066 leobanius
1717 4019 1896 4065 autent
1936 4032 1952 4043 »

325 4078 1364 4232 {¹53¹'32‘2132¹3l‘·¹12¹a22335.'5‘:2.?i³itt?
1377 4096 1527 4232 eii-¹1¹?
1548 4096 1635 4231 ἓέζ
1656 4079 1897 4215 illlis:

330 4225 447 4278 sire
473 4219 723 4287 Eliacim,
748 4218 912 4275 Jostae
933 4217 995 4276 F.
1036 4219 1312 4277 Posterior
1348 4218 1457 4276 abo
1483 4234 1703 4275 nomine
1729 4217 1901 4274 Sede·-

331 4290 449 4353 cias
475 4289 655 4346 dictus
681 4297 785 4346 est.
819 4288 924 4345 Sed
989 4304 1112 4344 uam
1144 4288 1441 4345 absurdum
1474 4288 1606 4343 illud
1640 4287 1732 4352 sit,
1752 4303 1783 4343 e
1807 4303 1902 4344 su-

334 4359 644 4432 perioribus
671 4367 910 4415 constat.
938 4305 1076 4415 flam
1100 4360 1147 4414 si
1186 4360 1252 4415 de
1284 4357 1507 4414 Sedecia
1541 4357 1687 4430 Rege
1711 4359 1908 4428 loqua-

336 4440 449 4493 tur,
478 4429 624 4500 quod
657 4445 722 4485 ex
768 4427 923 4501 Regii
970 4429 1276 4486 stemmatis
1314 4430 1668 4486 successione
1693 4427 1911 4484 videtur

2062 2833 2273 2892 Γίνεται
2301 2834 2434 2905 γοῦν
2456 2835 2705 2895 ἐντεῦθεν
2745 2836 2854 2900 ἀπο
2895 2839 2989 2892 τοῦ
3030 2839 3217 2913 χρόνου
3257 2836 3504 2908 Ἰεχονίου
3534 2837 3572 2908 ἡ

1990 2925 2406 3001 αίχμαλωσίαὴ
2448 2929 2527 2992 εἰς
2571 2926 2883 2983 Βαδυλῶνα.
2924 2930 3010 2982 Ἐν
3059 2931 3230 3002 τούτῳ
3264 2928 3344 3001 τῷ
3394 2927 3575 3001 χρόνῳ

1990 3018 2089 3090 τῆς
2117 3019 2493 3090 αἰχμαλωσίας
2525 3017 2637 3091 (62)
2661 3019 2968 3090 προσῆλθον
3009 3021 3058 3072 oi
3098 3020 3462 3091 πρεσδύτεροι
3496 3017 3576 3089 τῷ

1992 3108 2461 3182 Ναδουχοδονόσορ
2504 3111 2562 3165 ὲν
2604 3108 2903 3179 Βαδυλῶνι,
2959 3109 3401 3183 παρακαλοῦντες
3435 3110 3572 3163 ἀπο-

2000 3200 2257 3271 σταλῆναί
2287 3218 2436 3265 τινας
2461 3200 2570 3254 τῶν
2606 3199 2750 3255 ίδίων
2797 3199 2963 3256 αὐτοῦ
3006 3200 3333 3270 ἐγκαθέτους
3364 3201 3446 3263 είς
3477 3198 3586 3269 ’τὴνΔ

2008 3289 2355 3362 Ἰσραηλιτῶν
2400 3290 2538 3360 γῆν,
2594 3289 2743 3354 ὃπως
2795 3289 2871 3362 μὴ
2911 3291 2947 3360 ὴ
2994 3289 3147 3361 χώρα
3194 3287 3578 3359 ὑλομανήσασσ

1996 3377 2281 3449 ὲρημωθῇ.
2309 3378 2421 3433 Καὶ
2452 3377 2668 3444 ἐδέξατο
2695 3377 2793 3449 τὴν
2834 3378 2960 3450 παρ’
2996 3377 3177 3432 αὐτῶν
3211 3368 3578 3448 παράκλησιν.

1999 3469 2074 3523 οὐ
2100 3470 2208 3540 γὰρ
2246 3455 2593 3533 masmim,
2642 3469 2733 3523 καὶ
2776 3468 3094 3534 &mutuet
3146 3469 3245 3540 μὲν
3289 3467 3399 3523 τῶν
3437 3467 3593 3531 istm,

1998 3559 2239 3638 τέσσαρα
2266 3555 2418 3636 γένη,
2461 3556 2587 3625 τούς
2626 3575 2686 3622 τε
2722 3557 3021 3622 Χουθαίους
3048 3555 3417 3634 καλουμένους
3446 3554 3583 3629 (65),

2005 3885 2037 3924 a
2067 3867 2510 3933 Salmanassaro.
2543 3883 2652 3924 non
2687 3882 2717 3922 a
2747 3864 3304 3924 Nabuchodonosorc.
3331 3865 3464 3920 Vide
3518 3864 3581 3920 tv

2002 3937 2139 4020 Beg.
2170 3954 2291 4008 cap.
2326 3955 2475 3995 xxiv.
2506 3939 2692 4008 Neque
2724 3953 2853 3993 vero
2876 3938 3030 3995 solus
3074 3936 3128 3990 in
3172 3952 3239 3992 eo
3268 3951 3453 3991 errore
3482 3936 3581 3991 suit

2004 4007 2367 4078 Epiphanius,
2400 4023 2527 4064 nam
2559 4016 2615 4064 et
2645 4008 2945 4078 Procopius
2993 4007 3047 4060 in
3090 4006 3298 4061 haiam
3346 4021 3375 4059 a
3405 4006 3581 4062 Nabu-

2004 4078 2385 4133 chodonosore
2417 4077 2744 4140 Samariam,
2776 4076 3089 4132 etJudaeam
3117 4091 3256 4147 expu
3296 4083 3454 4130 natas
3486 4077 3582 4132 ait.

2006 4145 2169 4217 Atqui
2199 4159 2344 4200 com.
2377 4144 2474 4212 24,
2509 4146 2707 4200 dicitur
2740 4145 3094 4218 Assyriorum
3128 4161 3220 4200 rex
3296 4162 3326 4201 e
3359 4145 3588 4226 Babylo-

2006 4230 2100 4278 ne.
2131 4223 2188 4272 et
2227 4215 2297 4271 de
2323 4213 2503 4270 Cutba
2541 4216 2863 4285 &terisque
2891 4215 3208 4287 regionibus
3236 4217 3587 4273 transtulisse

2009 4286 2235 4342 colonos
2281 4284 2337 4342 in
2384 4285 2709 4340 Samariam.
2736 4286 2820 4340 An
2853 4293 2969 4341 tum
3003 4284 3383 4342 salmanassar
3412 4285 3586 4357 Baby-

2009 4356 2191 4412 lonem
2225 4344 2527 4419 obtinebat,
2562 4354 2737 4425 utqui
2772 4365 2904 4411 tuuc
2935 4357 2989 4410 in
3021 4370 3085 4414 ea
3116 4358 3378 4427 regnabat
3411 4355 3586 4428 Assy-

2011 4426 2222 4481 riorum
2248 4426 2537 4498 vectigalis
2566 4427 2752 4481 esset?
2783 4425 2897 4482 lloc
2925 4426 3144 4495 quidem
3175 4426 3456 4496 probabile
3477 4434 3581 4481 cst.

335 4498 495 4564 velle,
530 4498 787 4556 Sedecias
829 4515 939 4554 non
984 4496 1283 4564 Jecboniae,
1313 4514 1490 4570 neque
1517 4497 1775 4560 Joaktmi.
1808 4495 1903 4555 sed
1938 4532 1983 4588 D
2010 4494 2147 4552 Nam
2183 4504 2309 4567 post
2331 4495 2680 4568 Assyriorum
2710 4505 2868 4550 vetus
2891 4495 3021 4550 illud
3048 4510 3113 4549 ac
3140 4495 3457 4549 diuturnum
3482 4496 3587 4548 im-

335 4569 500 4629 Josiae
545 4569 687 4625 lilius
729 4574 834 4626 εει.
871 4566 968 4623 Sin
1002 4569 1232 4624 alterum
1282 4567 1566 4625 Sedeciam
1617 4569 1905 4651 intelligat,

337 4639 431 4710 qui
481 4639 724 4710 privatus
766 4638 922 4704 vixit,
958 4647 1044 4696 est
1089 4639 1179 4694 ille
1221 4665 1235 4694 t
1261 4639 1440 4695 uidem
1473 4633 1705 4696 Joakimi
1737 4640 1906 4704 tilius,

339 4707 436 4764 sed
463 4724 570 4765 non
601 4708 896 4768 lechontae.
921 4707 1054 4763 Nam
1077 4708 1176 4768 lib.
1199 4655 1447 4776 lbaral„
1481 4725 1560 4770 ut.
1585 4709 1672 4774 15,
1696 4706 1910 4764 Joakim

340 4777 506 4841 ,losiae
555 4779 703 4836 lilius
730 4777 1046 4836 Jechoniam
1074 4787 1128 4835 et
1162 4778 1442 4836 Sedet-iam
1514 4779 1686 4844 enuit,
1713 4775 1915 4833 Jecho·

341 4849 464 4918 nias
498 4843 867 4906 Salatbielem.
904 4847 972 4903 At
1028 4849 1363 4919 Epiphanius
1388 4846 1483 4905 Jec
1525 4849 1710 4903 oniam
1735 4855 1789 4903 et
1816 4846 1916 4903 Se-

307 4918 574 4982 deciam,
605 4934 743 4989 quos
794 4925 903 4972 tam
951 4921 1237 4987 perspicue
1283 4916 1572 4990 Scriptura
1600 4917 1912 4988 distinguit,

343 4987 398 5042 ln
432 4988 680 5044 eumdem
710 4988 887 5042 virum
921 4984 1197 5041 conflavit.
1230 4987 1350 5043 Non
1379 4988 1603 5044 dubium
1641 4995 1748 5054 est,
1780 4986 1914 5057 quin

345 5053 640 5120 lechonias
670 5055 782 5124 ille,
814 5056 906 5127 qui
939 5055 1288 5113 Salatbielem
1318 5073 1349 5112 a
1378 5057 1630 5115 ttattnaeo
1658 5061 1918 5128 genuisse

347 5125 570 5193 dicitnr,
593 5126 732 5183 idern
762 5128 835 5183 sit
866 5142 988 5182 cum
1010 5142 1098 5190 eo,
1119 5142 1279 5198 quem
1306 5126 1754 5199 Paralipomenon
1783 5126 1920 5183 liber

253 5229 259 5237 ι
348 5205 756 5252 commemorat.
791 5194 897 5253 Sed
951 5196 1092 5253 alius
1142 5196 1194 5252 ei
1233 5206 1386 5268 pater
1432 5212 1596 5266 quam
1621 5194 1917 5253 Jecbonias

350 5267 677 5336 qttaerendus
721 5277 826 5323 est.
862 5265 1205 5330 maldonatus
1235 5274 1423 5323 noster
1453 5265 1666 5329 Joakinu
1699 5281 1797 5337 pro
1825 5267 1920 5321 ite-

350 5345 472 5393 rato
495 5333 756 5391 Jecltonia
785 5337 1070 5393 substituit
1104 5355 1116 5393 :
1149 5346 1314 5409 atque
1333 5337 1409 5391 ita
1434 5336 1562 5407 legit
1584 5335 1795 5391 Joacim
1816 5350 1918 5390 att-

345 5415 454 5470 tem
479 5406 653 5476 qcttut't
673 5404 1311 5463 sectionfavnssechomas
1343 5416 1525 5462 autent*
1553 5407 1729 5477 genuit
1762 5405 1922 5469 Satn-

354 5476 499 5532 tlu'el.
532 5474 688 5542 Quod
715 5475 1014 5546 Scripturae
1042 5487 1472 5533 consentaneum
1497 5487 1603 5533 est.

424 5546 537 5617 (62)
590 5547 686 5600 Ἐν
732 5546 920 5610 τούτῳ
964 5544 1051 5625 τῷ.
1086 5547 1280 5615 χρόνῳ
1324 5545 1435 5616 τῆς
1487 5545 1916 5627 αἰχμαλωσίας.
1960 5582 1962 5585 ψ

358 5614 632 5687 Multiplex
663 5630 840 5678 error,
871 5630 978 5738 (μισ
1007 5631 1092 5669 vix
1123 5616 1266 5672 ullus
1286 5617 1354 5671 ab
1375 5616 1678 5686 Epiphanio
1702 5618 1923 5685 gravior

359 5695 440 5744 εει
490 5687 840 5743 connnissus.
940 5701 1009 5739 on
1056 5686 1201 5739 cuitu
1252 5694 1375 5756 post
1425 5688 1921 5758 Hierosolymorum

359 5756 652 5822 excidium,
690 5755 784 5813 scd
824 5762 976 5812 tanto
1003 5761 1147 5819 auto,
1184 5768 1309 5824 post
1339 5772 1371 5811 x
1404 5757 1653 5812 videlicet
1682 5757 1920 5811 tribuum

363 5825 814 5899 deportationem,
846 5825 1025 5883 coloni
1054 5826 1107 5880 in
1138 5823 1438 5884 Samariam
1460 5827 1740 5893 submissi,
1761 5826 1923 5912 idque

2082 4567 2224 4621 rium
2251 4566 2607 4630 exstinctum,
2638 4564 3057 4638 Babyloniorum
3090 4565 3388 4636 primordia
3423 4581 3453 4618 a
3484 4566 3589 4618 Na-

2050 4650 2318 4692 onassaro
2363 4646 2672 4717 coepcruut,
2703 4651 2847 4690 anno
2898 4650 3013 4705 per.
3055 4633 3165 4689 Jnl.
3192 4634 3585 4716 3967nccntum

2012 4706 2125 4788 sere
2158 4707 2318 4761 annis
2364 4722 2396 4761 a
2441 4714 2738 4763 constituta
2768 4705 3045 4762 Medorum
3077 4705 3429 4786 monarchia3
3467 4720 3589 4787 quat.

2012 4776 2135 4832 inut
2160 4790 2306 4830 anno
2334 4776 2496 4833 5858.
2530 4775 2701 4830 Porro
2734 4774 3113 4831 Salmanassar
3146 4791 3178 4828 x
3207 4777 3383 4829 tribus
3412 4784 3588 4844 capti-

2018 4861 2115 4901 vas
2162 4845 2390 4902 abduxit
2438 4847 2659 4902 circiter
2707 4860 2909 4900 annum
2963 4860 3078 4914 per.
3106 4842 3217 4898 Jul.
3249 4845 3409 4904 3993.
3443 4861 3587 4899 anno

2017 4913 2265 4971 Ezechiae
2293 4932 2369 4971 vt.
2401 4913 2447 4969 Α
2468 4930 2579 4986 quo
2609 4916 2678 4971 ad
2707 4914 3199 4984 Nabopolassarnm
3235 4914 3591 4970 Nabuchodo-

2018 4985 2207 5043 nosori
2229 4994 2437 5068 patrem
2467 4985 2598 5040 anni
2616 4992 2744 5041 sunt
2760 4984 2851 5040 96.
2880 4984 3131 5041 interitus
3153 4985 3296 5040 enim
3319 4983 3586 5068 piabopol.

2015 5052 2987 5197 fiais:'ailtsmaeia'llzpiiii'a
3002 5054 3591 5194 iaetantia-{¹4:22

2019 5195 2188 5276 cirpit
2215 5212 2234 5252 τ
2259 5196 2525 5276 cum-jam
2554 5196 2660 5250 Ass
2698 5195 2903 5250 riorum
2934 5195 3236 5250 secundum
3282 5194 3414 5249 illud
3446 5195 3590 5275 ocici-

2018 5264 2226 5395 &sirit
2242 5262 3003 5406 {slllssfflmaiifffiz’l
3026 5265 3278 5389 §3221ssss
3285 5272 3337 5388 ia
3354 5279 3482 5388 ”illl
3483 5265 3592 5387 lit?

2023 5405 2072 5489 la
2114 5419 2183 5459 an
2206 5403 2641 5485 ,Babyloniorum
2664 5405 2951 5478 principis,
2979 5402 3044 5457 lv
3072 5403 3204 5472 lieg.
3233 5419 3325 5470 xx,
3343 5404 3428 5468 12,
3445 5418 3591 5486 anno

2024 5473 2544 5668 {farsas-..iti
2559 5559 2617 5626 ,.
2642 5473 3592 5614 ”aaa-misiidali„tany¹23¹3³:

2049 5616 2848 5753 iliargatcfflbassgry‘rgffiklwc
2873 5683 3303 5754 καλουμένους.
3346 5683 3595 5750 Quattuor

2029 5755 2196 5809 hosce
2229 5754 2460 5824 populos
2487 5755 2646 5822 longe
2675 5753 2833 5807 aliter
2860 5753 3141 5823 Scriptura
3174 5755 3412 5824 concipit
3441 5774 3453 5809 ε
3485 5753 3593 5809 Λά-

2029 5825 2201 5890 (lusit,
2234 5823 2427 5896 iuquit,
2459 5837 2549 5878 rea·
2582 5823 2917 5894 Assyriorum
2946 5827 3080 5879 viros
3118 5823 3181 5877 de
3214 5824 3505 5894 Babylone,
3546 5833 3593 5880 et
