3850 6517
205 449 312 508 209

865 451 1235 510 ADVERSUS
1274 450 1616 509 iiAERESES
1655 451 1778 507 Lm.
1824 451 1865 507 i.
1907 450 2073 509 Tou.
2115 451 2154 508 1.
2188 480 2257 492 —
2295 449 2571 516 ilAERES.
2610 444 2764 507 vili:

3358 442 3464 498 210

206 567 293 622 tva
334 559 482 640 &2532
520 569 717 637 σοφοὺς
771 569 866 641 μὲν
898 571 1025 636 τοὺς
1078 573 1390 640 Ἰουδαίους,
1435 572 1697 642 ἀνοήτους
1726 569 1782 624 δὲ
1811 574 1857 632 Α
1886 575 2162 637 suntquae
2193 569 2249 624 in
2274 567 2382 623 allo
2409 565 2749 628 locoeodem
2783 562 2853 618 ab
2882 559 3145 633 ApostoIo
3170 558 3463 616 dicuntur:

209 658 331 720 τοὺς
357 656 588 720 Σκύθας.
621 658 731 710 Καὶ
752 660 938 730 φησὶν,
979 661 1293 733 Ὀφειλέτης
1322 661 1460 733 είμί.
1503 659 1784 714 Ἐντεῦθεν

203 748 268 803 τὸ
322 749 431 801 πᾶν
468 748 624 817 γένος
652 749 747 802 τοῦ
794 751 1009 824 Ἰσραὴλ
1046 753 1158 823 (54)
1205 753 1446 807 Ἰουδαῖοι
1495 749 1785 806 ἐκαλοῦντο

205 841 317 894 ἀπὸ
339 841 535 913 χρόνου
562 841 656 895 τοῦ
677 843 840 897 Δαδίδ
866 861 879 875 ·
912 844 1007 899 καὶ
1030 845 1317 918 διήρκεσεν
1349 845 1653 915 ἐπωνύμως
1683 862 1785 899 κα-

205 932 464 1004 λούμενον
537 935 886 1007 Ἰσραηλιτῶν
931 955 992 990 τε
1047 939 1142 992 καὶ
1211 938 1478 992 Ἰουδαίων
1516 937 1638 1012 ἔχον
1685 937 1786 1008 τὴν

209 1024 494 1096 ἐπίκλησιν
523 1025 584 1079 τὸ
608 1026 715 1080 πᾶν
736 1026 893 1097 γένος
927 1029 1022 1083 τοῦ
1070 1030 1288 1103 Ἰσραὴλ
1320 1030 1427 1084 ἀπὸ
1450 1028 1557 1084 τῶν
1581 1029 1786 1102 χρόνων

206 1114 300 1168 τοῦ
319 1115 482 1169 Amet&
505 1117 598 1170 καὶ
637 1117 732 1172 τοῦ
777 1120 896 1174 υίοῦ
949 1119 1113 1174 αὑτοῦ
1155 1120 1516 1192 Σολομῶντος,
1553 1100 1647 1175 καὶ
1690 1118 1785 1173 τοῦ

205 1206 326 1260 υἱοῦ
362 1207 723 1279 Σολομῶντος,
745 1212 889 1283 φημὶ
914 1211 971 1265 δὲ
1004 1211 1098 1265 τοῦ
1132 1211 1370 1283 Ῥοθοάμ
1409 1212 1503 1265 τοῦ
1534 1211 1671 1284 μετὰ
1697 1209 1787 1265 τὸν

210 1295 527 1369 Σολομῶντα
555 1297 973 1367 βασιλεύσαντος
995 1303 1054 1355 ὲν
1091 1302 1398 1374 Ἰερουσαλή
1408 1321 1465 1374 μ.
1496 1303 1612 1355 Ἵνα
1633 1301 1688 1355 δὲ
1712 1300 1786 1373 μὴ

208 1388 267 1438 ὲν
324 1387 604 1460 παρεξόδῳ
651 1390 919 1461 γένωμαι,
971 1393 1386 1466 παρερχόμενος
1418 1394 1490 1448 τά
1523 1396 1663 1448 κατὰ
1690 1392 1788 1467 τὴν

210 1475 316 1529 τῶν
353 1476 618 1532 Ἰουδαίων
657 1478 974 1551 θρησκείαν,
1022 1486 1118 1537 καὶ
1166 1483 1240 1556 μὴ
1281 1485 1789 1556 ὑποσημαινόμενος

208 1565 307 1636 τῆς
326 1568 446 1620 κατ’
472 1568 668 1631 αὑτοὺς
703 1569 863 1642 δόξης
907 1571 1008 1644 τὴν
1049 1573 1325 1639 ὑπόθεσιν,
1348 1574 1503 1644 ὀλίγα
1547 1574 1654 1628 ἀπὸ
1679 1573 1787 1629 τῶν

207 1656 417 1710 πολλῶν
442 1659 846 1732 παραθήσομαι.
876 1664 1018 1717 Πᾶσι
1044 1665 1175 1737 γὰρ,
1209 1667 1286 1731 ὡς
1316 1667 1507 1734 εἰπεῖν,
1543 1665 1789 1737 φανερώ-

206 1767 344 1804 τατα
375 1751 608 1822 ὑπάρχει
644 1753 715 1807 τὰ
765 1754 909 1809 κατὰ
940 1757 1067 1820 τοὺς
1101 1758 1409 1822 Ἰουδαίους.
1437 1757 1539 1812 Διὸ·
1555 1757 1614 1811 οὑ
1647 1757 1787 1811 πάνυ

208 1842 454 1913 κάματον
479 1844 802 1918 ἀναδέξομαι
822 1849 959 1921 περὶ·
970 1849 1176 1921 ταύτης
1187 1851 1287 1921 τῆς
1308 1849 1618 1914 ὑποθέσεως
1646 1847 1787 1903 κατὰ

1887 656 2106 714 Debitor
2135 674 2251 714 sum
2281 657 2482 713 Groecis
2510 665 2561 710 et
2583 655 2866 720 Barbaris,
2901 651 3229 725 sapientibus
3257 660 3306 706 et
3330 649 3465 706 imi·

1886 749 2149 822 pientibus
2170 751 2207 816 ⁸,
2232 759 2289 804 ut
2305 758 2361 804 et
2384 746 2605 812 Judaeos
2621 747 2897 817 sapientes
2911 751 2966 802 et
2994 743 3315 817 insipientes
3345 757 3469 800 esse

1889 838 2126 910 Scythas
2152 837 2487 895 ostenderet.
2516 835 2732 903 Quibus
2761 835 3037 899 omnibus,
3083 835 3179 900 ait,
3209 848 3310 904 ego
3342 845 3466 887 sum

1887 929 2124 985 debitor.
2160 928 2331 1001 igitur
2376 927 2446 982 ab
2479 925 2576 981 iilo
2611 925 2871 996 deinceps
2895 930 3140 995 tempore
3171 921 3228 978 in
3259 921 3470 978 israeli-

1888 1024 2066 1071 tarum
2116 1032 2288 1088 genus
2313 1015 2627 1071 ludaeorum
2666 1028 2867 1071 nomen
2892 1013 3006 1085 jam
3038 1018 3180 1094 tum·
3204 1026 3236 1065 a
3262 1008 3469 1065 Davide

1886 1108 2229 1165 transfusum
2263 1116 2348 1164 est
2380 1127 2394 1163 ι
2424 1115 2477 1163 et
2508 1116 2741 1177 utroque
2772 1111 3135 1178 cognomento
3158 1111 3270 1157 tam
3294 1099 3471 1156 israe-

1890 1200 2108 1255 litarum
2140 1213 2305 1270 quam
2334 1196 2646 1254 Judaeorum
2695 1183 2875 1254 omnis
2919 1196 3010 1250 iila
3043 1209 3177 1270 gens
3227 1207 3292 1249 eo
3334 1191 3472 1248 insi·

1887 1288 2039 1359 gnita
2062 1293 2326 1359 perpetuo
2352 1295 2463 1354 est;
2493 1302 2523 1341 a
2553 1286 2797 1352 flavidis,
2830 1286 3075 1357 inquam,
3120 1283 3351 1354 ejusque
3374 1279 3469 1336 iiiii

1891 1380 2202 1437 Salomonis
2239 1379 2599 1450 temporibus,
2635 1387 2689 1434 et
2738 1377 2906 1448 hujus
2952 1378 3179 1447 insuper
3219 1373 3313 1429 iiiii
3354 1372 3470 1430 n·o.-
3501 1390 3514 1409 ¹

1886 1470 2091 1537 boami,
2124 1472 2217 1540 qui
2251 1477 2377 1542 post
2403 1468 2745 1526 Salomonem
2784 1466 3173 1539 Hierosolymis
3199 1465 3467 1537 regnavit.

1887 1559 2091 1617 Verum
2138 1575 2206 1615 ne
2250 1560 2476 1615 omnino
2526 1575 2649 1630 quae
2702 1556 2771 1613 ad
2802 1557 3117 1612 Judaeorum
3153 1554 3470 1627 religionem

1887 1652 2154 1708 attineant
2182 1650 2612 1721 praetermittam,
2659 1649 2916 1727 nullaque
2959 1663 3024 1702 ex
3059 1652 3215 1717 parte
3251 1645 3469 1700 iliorum

1886 1744 2174 1814 opiniones
2225 1740 2511 1812 attingam,
2562 1755 2736 1811 pauca
2778 1738 2844 1794 de
2887 1738 3076 1794 multis
3117 1736 3467 1810 complectar.

1886 1833 2075 1904 Neque
2122 1833 2267 1888 enim
2330 1832 2585 1902 cuiquam
2641 1830 2754 1886 sere
2813 1828 3124 1886 iudaeorum
3177 1826 3472 1899 religiones

207 1933 270 1986 τὸ
312 1932 637 1990 λεπτότατον
675 1937 1066 2010 διηγήσασθαι,
1116 1940 1232 1995 ἀλλ’
1264 1935 1339 1996 ὧν
1374 1942 1438 2013 ἦν
1488 1941 1787 2009 &va-,exutor
1820 1920 1860 1974 Β
1890 1925 2087 1995 ignotae
2134 1929 2281 1978 sunt.
2323 1920 2553 1992 ideoque
2593 1921 2647 1975 in
2706 1935 2772 1976 eo
2814 1928 3137 1991 argumento
3184 1915 3471 1972 tractando

207 2025 364 2097 ὀλίγα
400 2028 507 2081 ἀπὸ
534 2028 740 2083 πολλῶν
764 2030 998 2088 ἐνταῦθα
1033 2033 1395 2106 παραθέσθαι.

264 2293 338 2344 Δ’.
364 2293 603 2346 Ἰουδαῖοι
617 2295 791 2349 τοίνυν
803 2297 852 2349 οἱ
869 2296 977 2350 ἀπὸ
995 2298 1088 2351 τοῦ
1113 2298 1361 2370 Ἀδραάμ
1375 2298 1516 2352 κατὰ
1540 2296 1789 2367 διαδοχὴν

212 2382 569 2452 ὑπάρχοντες,
612 2387 703 2439 καὶ
726 2387 823 2458 τὴν
855 2388 1020 2442 αὑτοῦ
1052 2388 1361 2444 θεοσέὸειαν
1396 2389 1788 2460 διαδεξάμενοι,

219 2473 516 2542 περιτομὴν
549 2474 646 2543 μὲν
680 2475 771 2529 τοῦ
816 2478 1068 2549 Ἀδραάμ
1096 2479 1330 2549 ἔχουσιν,
1355 2482 1420 2552 ἢν
1446 2480 1589 2535 κατὰ
1617 2479 1789 2551 πρόσ-

218 2555 372 2622 ταξιν
399 2557 534 2610 Θεοῦ
567 2561 786 2630 εἴληφεν
818 2565 1200 2634 ὲννενηκοστὸν
1247 2566 1463 2620 ἔννατον
1511 2567 1629 2629 ἔτος
1655 2580 1790 2619 κατ-

215 2647 386 2713 άγων,
404 2648 472 2700 δι’
486 2650 666 2703 αίτίαν
679 2651 744 2721 ἣν
763 2653 874 2705 ἄνω
892 2655 1172 2724 προεῖπον,
1193 2659 1272 2720 εἰς
1285 2657 1348 2710 τὸ
1362 2656 1550 2710 τούτου
1569 2657 1790 2728 σπέρμα

214 2736 477 2806 πάροικον
509 2741 798 2810 γενόμενον
823 2744 880 2795 ὲν
906 2745 972 2814 τῇ
997 2743 1251 2817 ἀλλοτρίᾳ
1277 2745 1351 2817 μὴ
1374 2747 1787 2819 ἀποστραφῆναι

209 2827 270 2879 τὸ
308 2827 478 2898 ὄνομα
508 2829 603 2882 τοῦ
630 2829 789 2897 Θεοῦ,
821 2834 912 2886 ἐπὶ
953 2833 1205 2905 σώματος
1230 2836 1284 2890 δὲ
1315 2825 1584 2909 σφραγῖδα
1607 2838 1792 2910 φέρειν

213 2918 569 2990 ὑπομνήσεως
611 2920 775 2993 χάριν
819 2925 912 2977 καὶ
950 2924 1194 2996 ἐλέγχου,
1236 2929 1315 2991 είς
1347 2927 1408 2981 τὸ
1436 2928 1695 3000 ἐμμένειν
1723 2931 1790 3001 τῇ

211 3004 307 3058 τοῦ
325 3006 526 3078 πατρὸς
543 3009 724 3063 αὑτῶν
743 3012 1044 3084 θεοσεὸείξι.
1085 3013 1142 3068 ’Θ
1162 3015 1218 3068 δὲ
1243 3019 1370 3080 παῖς
1385 3016 1577 3071 τούτου
1606 3018 1794 3072 Ἰσαὰκ

211 3095 555 3169 ὀκταήμερος
592 3101 1004 3173 περιτέμνεται,
1046 3105 1121 3169 ὡς
1162 3105 1224 3159 τὸ
1261 3106 1355 3160 τοῦ
1386 3107 1520 3160 Θεοῦ
1554 3105 1667 3179 εἶχε
1699 3107 1794 3162 θέ-

215 3204 446 3258 σπισμα.
480 3191 589 3250 Καὶ
625 3192 977 3265 ὡμολόγηται
1015 3197 1134 3267 μὲν,
1169 3198 1251 3250 ὅτι
1286 3200 1350 3251 ὲκ
1373 3199 1792 3271 προστάγματος

1889 2030 1997 2071 uon
2028 2014 2320 2068 admodum
2360 2012 2637 2083 exquisite
2674 2010 3038 2076 versabimur,
3084 2008 3181 2066 sed
3221 2023 3253 2064 e
3286 2007 3471 2063 multis

1888 2120 2063 2174 pauca
2115 2103 2405 2159 libabimus
2429 2143 2444 2168 ,
2502 2118 2623 2175 quae
2683 2100 2998 2159 necessario
3054 2098 3471 2172 perstringenda

1888 2197 2161 2254 videntur.

1964 2290 2067 2360 17
2080 2287 2360 2360 iV.ltaque
2372 2288 2401 2343 J
2408 2288 2545 2345 udaei
2564 2288 2656 2359 qui
2676 2287 2744 2342 ab
2765 2285 3076 2342 Abrabamo
3101 2293 3210 2338 tam
3227 2281 3469 2354 generis.

1891 2393 2055 2450 quam
2089 2378 2376 2449 religionis
2412 2376 2824 2434 successionem
2868 2378 3221 2457 acceperunt,
3278 2370 3347 2425 ab
3376 2383 3473 2426 eo·-

1891 2476 2011 2528 ‹lem
2039 2471 2484 2529 circumcisionis
2503 2471 2674 2525 ritum
2698 2469 2845 2525 nacti
2876 2476 3026 2534 sunt,
3054 2481 3219 2539 quam
3251 2465 3343 2521 iiie
3367 2479 3472 2520 un-

1891 2565 2261 2625 decentesimo
2295 2565 2473 2621 aetatis
2504 2579 2650 2618 anno
2690 2562 2956 2618 divinitus
2986 2561 3250 2616 adbibere
3273 2558 3471 2630 jussus

1890 2669 1975 2716 est
2002 2677 2014 2712 ε
2038 2662 2108 2716 ob
2132 2676 2251 2717 eam
2277 2675 2529 2722 causam,
2562 2673 2726 2730 quam
2752 2667 2914 2713 antea
2944 2654 3369 2727 proposuimus;
3400 2665 3474 2709 ne

1893 2752 2103 2807 scilieet
2134 2752 2256 2822 ejus
2284 2751 2491 2823 posteri
2528 2751 2584 2806 in
2619 2749 2799 2804 aliena
2823 2748 3044 2819 regione
3066 2751 3474 2802 commorantes

1892 2842 1987 2898 Dei
2012 2857 2208 2896 nomen
2236 2840 2307 2896 ab
2328 2856 2451 2897 sese
2500 2839 2819 2910 rejicerent,
2873 2837 2984 2891 imo
3031 2836 3181 2892 velut
3223 2834 3470 2889 inustum

1894 2933 2166 3003 quoddam
2192 2932 2410 3003 signum
2442 2931 2659 3002 corpori
2716 2945 2817 2986 suo
2869 2925 3318 2991 circumferrent,
3359 2936 3473 2996 qno

1894 3026 1977 3080 vel
2010 3023 2417 3079 commoneiieri
2447 3024 2529 3078 vei
2560 3021 2816 3093 redargui
2866 3027 3111 3092 possent,
3147 3014 3347 3088 siquid
3375 3011 3476 3071 atl-

1897 3116 2199 3175 tnitterent.
2250 3123 2414 3185 atque
2448 3096 2506 3168 ut
2528 3114 2754 3168 omnino
2806 3121 3031 3184 paterna
3072 3111 3126 3167 in
3186 3108 3471 3182 reiigione,

1899 3206 2261 3275 institutoque
2299 3206 2678 3277 persisterent.
2729 3203 3025 3258 Abraiiatni
3069 3200 3270 3258 deinde
3326 3198 3475 3256 iilius

212 3278 345 3333 eaor,
376 3282 409 3350 ἢ
439 3284 715 3356 περιτομὴ
737 3285 859 3338 ‘³⁶²’ss
893 3287 1129 3360 ὑπῆρχε·
1150 3290 1309 3362 ’τύπῳ
1341 3291 1399 3344 δὲ
1420 3287 1488 3362 ἦν
1520 3291 1660 3362 αὕτη
1685 3292 1794 3346 δια·
1819 3270 1862 3327 C
1898 3297 2119 3353 isaacus
2148 3304 2345 3352 octavo
2367 3312 2531 3368 quam
2575 3305 2740 3352 natus
2784 3294 3009 3352 eratdie
3058 3309 3126 3350 ex
3186 3291 3281 3349 Dei
3316 3305 3476 3347 nian-

211 3371 519 3443 τεταγμένη
551 3376 694 3439 τότε,
745 3377 818 3440 ὡς
859 3378 1003 3431 κατὰ
1045 3381 1365 3433 ἀκολουθίαν
1413 3381 1795 3455 προόαίνοντες

216 3459 440 3533 ὕστερον
463 3465 798 3534 περὶποὺτου
825 3467 1091 3540 δείξομεν.
1121 3472 1421 3543 Διήρκεσαν
1444 3473 1622 3526 τοίνυν
1647 3491 1797 3545 περι-

213 3555 558 3627 τεμνόμενοι,
590 3557 685 3610 >eat
710 3557 981 3632 θεοσεόείᾳ
1009 3564 1433 3633 προσανέχοντες
1452 3566 1501 3618 οί
1525 3565 1678 3618 αὑτοὶ
1698 3563 1793 3618 τοῦ

228 3644 482 3719 ’Δῦραάμ
512 3647 652 3700 κατὰ
681 3649 927 3723 διαδοχὴν
960 3654 1168 3719 παῖδες,
1200 3655 1294 3707 ἀπ’
1323 3657 1486 3710 αὑτοῦ
1511 3674 1675 3729 φημι,
1702 3658 1796 3711 καὶ

217 3737 473 3808 καθεξῆς,
501 3737 704 3804 Ἰσαὰκ,
735 3741 950 3807 Ἰακὼδ,
970 3745 1128 3798 καὶοί
1145 3745 1334 3799 τούτου
1356 3747 1564 3811 παῖδες,
1583 3748 1638 3801 έν
1653 3765 1710 3801 τε
1727 3750 1792 3820 τῇ

216 3831 634 3900 Χανανέτιδιγῇ.
670 3831 900 3905 Ἰουδαίᾳ
917 3835 1347 3906 καὶψιλιστιαίᾳ,
1372 3836 1515 3891 οὑτω
1536 3825 1794 3910 κληθείση

216 3923 335 3974 τότε
363 3922 499 3992 (55),
531 3922 601 3974 τὰ
621 3922 716 3977 νῦν
746 3922 803 3977 δὲ
829 3923 1161 3997 Παλαιστίνῃ
1193 3926 1517 4002 καλουμένῃ·
1550 3928 1685 3983 ἀλλά
1703 3931 1797 3985 καὶ

219 4017 276 4068 ἐν
309 4015 589 4085 Αἰγύπτῳ.
627 4015 824 4069 Ἰακὼδ
856 4015 966 4089 γὰρ
994 4018 1022 4071 ὁ
1049 4019 1145 4072 καὶ
1178 4019 1392 4092 Ἰσραὴλ
1419 4021 1660 4076 κάτεισιν
1681 4024 1796 4096 ἅμα

214 4109 332 4169 τοῖς
359 4106 546 4160 ἕνδεκα
571 4107 736 4161 αὑτοῦ
776 4111 962 4163 παισὶν
981 4112 1059 4175 εἰς
1082 4110 1372 4182 Αἴγυπτον,
1392 4113 1509 4178 ἔτος
1543 4116 1796 4186 κατάγων

217 4200 508 4253 ἑκατοστὸν
533 4202 855 4272 τριακοστὸν
885 4202 979 4272 τῆς
1017 4203 1178 4257 αὑτοῦ
1233 4203 1398 4275 ζωῆς.
1449 4206 1643 4279 Ἰωσὴφ
1681 4207 1738 4260 δὲ
1767 4208 1797 4261 ό

214 4290 400 4360 ἔτερος
432 4290 597 4344 αὑτοῦ
635 4292 749 4356 υίὸς
783 4292 883 4363 ἤδη
921 4293 979 4345 ὲν
1020 4293 1277 4366 Αἰγύπτῳ
1304 4298 1626 4369 προϋπῆρχε
1645 4298 1797 4369 βασι-

213 4380 408 4445 λεὺων,
441 4383 671 4455 πραθεὶς
707 4384 812 4435 ὑπὸ
854 4383 963 4437 τῶν
995 4384 1238 4454 ἀδελφῶν
1258 4386 1423 4439 αὑτοῦ
1455 4387 1544 4441 διὰ
1580 4388 1791 4458 φθόνον.

225 4473 290 4525 ‘11
304 4472 360 4525 δὲ
380 4472 474 4526 τοῦ
495 4473 628 4527 θεοῦ
648 4475 949 4545 οἰκονομία,
974 4475 1040 4529 τὰ
1064 4476 1241 4545 ἀγαθὰ
1263 4479 1597 4550 συνεργοῦσα
1615 4480 1693 4552 τῷ
1715 4480 1796 4534 δι-

214 4566 376 4636 καίῳ,
399 4567 480 4631 εἰς
499 4565 809 4637 θαυμαστὸν
839 4569 1114 4652 μετήγαγε
1140 4571 1238 4641 τὴν
1266 4572 1383 4625 κατ’
1409 4571 1573 4624 αὑτοῦ
1599 4572 1795 4642 Ἰωσὴφ

214 4654 527 4727 ἑπιὸουλήν.
551 4658 774 4710 Κάτεισι
794 4658 994 4723 τοίνυν,
1019 4659 1093 4723 ὡς
1113 4663 1393 4731 προεῖπον,
1412 4663 1442 4714 ό
1479 4661 1669 4714 ’iamim
1699 4662 1794 4716 καὶΙ

214 4749 262 4800 οἱ
297 4748 394 4800 ἀπ’
417 4747 582 4800 αὑτοῦ
612 4749 738 4806 υἱοὶ,
781 4747 875 4800 καὶ
899 4751 1157 4815 γυναῖκες
1177 4749 1270 4802 καὶ
1293 4750 1525 4819 ἔκγονοι,
1560 4753 1618 4804 ὲν
1644 4751 1795 4806 εὔδο-

217 4840 462 4908 μήκοντα
501 4839 661 4892 πέντε
694 4839 891 4909 ψυχαῖς
926 4840 1343 4911 ἀριθμηθέντες,
1383 4843 1463 4904 είς
1497 4842 1791 4911 Αἴγυπτον,

211 4927 286 4991 ὡς
309 4928 555 4999 περιέχει
583 4930 614 4998 ἠ
651 4928 840 4999 πρώτη
878 4928 1057 4999 βίδλος
1087 4929 1186 4999 τῆς
1217 4928 1358 4983 κατὰ
1387 4931 1627 4984 Μωῦσέα
1657 4933 1795 4986 Πεν-

211 5017 495 5089 τατεὺχου,
526 5018 713 5089 σαφῶς
745 5019 979 5091 δηλοῦσα
1019 5019 1147 5090 περὶ
1179 5020 1384 5074 τούτων
1418 5021 1655 5078 πάντων.
1704 5025 1796 5076 Δι-

298 5200 311 5230 ¹
339 5198 497 5254 Rom.
534 5217 571 5263 t,
600 5200 686 5254 14.
767 5202 786 5231 ²
810 5198 945 5256 Gen.
981 5217 1127 5261 xtvi.
1159 5204 1191 5256 t
1223 5218 1348 5272 sqq.

288 5377 398 5447 (δέ)
450 5378 758 5434 Ἐντεῦθεν
785 5379 850 5432 τὸ
883 5376 1005 5434 πᾶν
1026 5379 1201 5448 γένος
1234 5380 1339 5434 τοῦ
1373 5380 1629 5451 Ἰσραήλ.
1669 5381 1786 5435 Non

213 5455 322 5500 tam
372 5456 528 5502 vetus
581 5456 663 5503 est
709 5448 1020 5504 Judaeorum
1073 5465 1100 5501 a
1146 5451 1364 5518 pellatio
1403 5466 1501 5520 pro
1532 5453 1788 5507 universo

216 5518 585 5572 israelitarum
618 5534 839 5589 genere.
870 5527 929 5573 ut
956 5466 1229 5577 Davicficis
1258 5522 1600 5589 temporibus
1625 5536 1788 5575 usur-

213 5602 343 5655 pare
394 5587 645 5657 coeperit.
690 5588 832 5642 Audi
863 5589 1186 5658 Joscplnum,
1217 5590 1309 5644 tib.
1340 5591 1588 5661 xt'Apz„
1620 5606 1670 5645 c.
1707 5590 1741 5643 5
1773 5608 1786 5643 ε

224 5657 562 5729 Ἑκλήθησαν
603 5658 660 5711 δὲ
686 5659 747 5711 τὸ
773 5658 944 5729 ὄνομα
981 5654 1142 5730 ὲξῆς
1186 5659 1398 5730 ἡμέρας
1425 5661 1697 5732 ἀνέδησαν
1730 5661 1794 5713 ἐκ

214 5726 552 5789 Βαόυλῶνος,
581 5727 689 5781 ἀπὸ
718 5726 811 5780 τοῦ
836 5728 1009 5781 Ἰούδα
1039 5729 1228 5799 φυλῆς,
1255 5725 1322 5800 ἧς
1352 5729 1574 5799 πρώτης
1603 5727 1792 5782 ὲλθοὺ-

132 5839 136 5843 -
213 5815 312 5868 σης
342 5797 423 5860 είς
452 5796 691 5861 ἐκείνους
706 5798 832 5860 τοὺς
858 5798 1054 5860 τόπους
1075 5799 1226 5851 αὑτοί
1248 5817 1306 5852 τε
1341 5801 1432 5852 καὶ
1463 5801 1494 5868 ὴ
1526 5797 1679 5867 χώρα
1695 5796 1794 5865 τῆς

215 5866 586 5938 προσηγορίας
615 5868 818 5936 ταύτης
850 5866 1161 5938 μετέλαὸον.
1194 5867 1375 5934 Quare
1417 5856 1796 5940 post‘Bubyiu-

1896 3389 2040 3461 datu.
2058 3387 2422 3446 circumcisus
2453 3395 2557 3445 est.
2621 3386 2732 3452 Nec
2772 3387 2996 3444 dubium
3039 3393 3146 3450 est,
3179 3383 3315 3456 quin
3355 3390 3474 3443 tum

1897 3479 2085 3534 divino
2108 3487 2380 3550 praeceplo
2402 3479 2474 3535 sit
2504 3478 2752 3536 instituta
2782 3476 3167 3543 circumcisio;
3188 3490 3288 3532 nec
3314 3473 3475 3535 aliter

1897 3576 2077 3624 tamen
2132 3584 2295 3642 quam
2328 3569 2394 3635 ad
2447 3569 2759 3625 futurarum
2795 3584 2978 3624 rerum
3010 3568 3297 3623 veritatem
3327 3566 3477 3622 velut

1899 3661 2134 3730 imagine
2165 3659 2409 3731 quadam-
2456 3659 2889 3716 adumbrandam
2924 3677 2937 3712 ι
2976 3655 3027 3710 id
3085 3655 3232 3726 quod
3284 3659 3476 3725 postea,

1899 3766 2000 3805 suo
2029 3751 2149 3807 ioco
2190 3751 2678 3807 demonstrabitur.
2735 3748 3108 3816 Quamobrem
3158 3741 3481 3806 circumcisi,

1898 3843 2159 3913 deinceps
2192 3842 2488 3906 Abi-alrami
2549 3855 2903 3897 successores
2929 3852 3122 3897 omnes
3154 3850 3228 3900 ac,
3270 3830 3478 3914 posteri

1902 3932 2145 3995 fuerunt,
2179 3949 2347 4003 penes
2379 3946 2520 4002 quos
2545 3931 2762 3986 sincera
2792 3928 3003 4000 religio,
3046 3941 3110 3982 ac
3165 3924 3258 3981 Dei
3292 3922 3477 3979 cultus

1899 4026 2120 4081 resedit.
2181 4025 2347 4098 idque
2379 4039 2505 4078 cum
2553 4023 2622 4078 al)
2677 4021 2992 4077 Abrahamo
3042 4027 3305 4090 coeptum,
3358 4012 3478 4073 tum

1899 4116 2215 4187 singiliatim
2251 4116 2320 4173 ab
2347 4113 2556 4182 isaaco,
2583 4112 2808 4172 «Iacobo.
2842 4111 3118 4183 hujusque
3171 4109 3379 4173 liberis,
3417 4105 3476 4163 in

1897 4205 2225 4272 Chanapzra,
2281 4203 2489 4269 iudaea,
2535 4220 2599 4259 ae
2644 4201 2921 4258 Philistaea
2968 4200 3269 4273 quondam,
3328 4211 3477 4253 nnnc

1898 4293 2188 4350 i’alaestina
2235 4295 2381 4349 dicta
2418 4293 2642 4364 regione
2672 4298 3035 4363 propagatum
3068 4298 3174 4346 est.
3207 4289 3314 4344 Sed
3340 4287 3476 4343 etin

1898 4385 2136 4468 AEgypto
2162 4402 2273 4442 non
2300 4389 2481 4440 minus
2526 4386 2933 4454 perseveratum
2966 4390 3071 4439 est.
3099 4380 3177 4438 Eo
3201 4379 3486 4452 siquidem

1898 4474 2157 4540 lacobus.
2185 4477 2277 4546 qui
2306 4485 2359 4530 et
2395 4475 2612 4530 israelis
2642 4489 2945 4546 cognomen
2971 4475 3186 4538 babuit,
3211 4488 3318 4527 una
3346 4484 3475 4526 cum

1902 4565 2155 4619 undecim
2182 4564 2308 4619 tiliis
2341 4562 2621 4633 proiectus
2659 4571 2743 4618 est
2774 4577 2918 4618 anno
2962 4564 3141 4617 oetatis
3173 4559 3477 4617 centesimo

1901 4660 2180 4716 tricesimo
2203 4660 2245 4713 ¹.
2282 4657 2417 4714 Nam
2442 4655 2713 4728 «Iosephus
2759 4672 2903 4711 unus
2935 4671 2966 4710 e
2998 4655 3291 4709 liberorum
3327 4653 3476 4709 iilius

1896 4764 2131 4804 numero
2175 4747 2497 4821 jamdudum
2529 4747 2584 4801 in
2616 4743 2853 4818 AEgypto
2888 4743 3175 4814 imperium
3236 4740 3475 4797 admini-

1898 4840 2132 4904 strabat,
2164 4855 2231 4896 eo
2284 4855 2314 4894 a
2368 4839 2632 4894 iratribus
2682 4852 2780 4908 per
2834 4836 3096 4893 invidiam
3147 4833 3471 4898 distractus.

1902 4932 2009 4989 Sed
2041 4931 2225 4987 divina
2255 4931 2619 5005 providentia,
2658 4945 2781 5002 quae
2810 4931 3164 4990 sanctissimo
3190 4930 3310 4987 viro
3331 4942 3474 5003 prae7

1903 5031 1989 5078 sto
2013 5022 2223 5089 aderat,
2252 5025 2483 5094 ejusque
2513 5023 2818 5081 commodis
2853 5021 3089 5088 favebat,
3127 5026 3494 5093 comparatas,

1898 5384 2077 5437 nicam
2112 5382 2488 5451 captivitatem
2514 5377 2826 5435 ludaeorum
2855 5380 3181 5436 vocabulum
3214 5382 3474 5439 obtinuit.

1970 5452 2081 5522 (55)
2120 5453 2230 5504 Καὶ
2263 5448 2601 5515 Φιλιστιαίᾳ
2630 5450 2783 5505 οὕτω
2810 5450 3103 5521 κληθείσῃ
3135 5454 3287 5506 τότε.
3328 5451 3477 5518 Qua-

1896 5523 1943 5577 si
1996 5522 2118 5576 duae
2167 5535 2231 5575 ae
2291 5520 2668 5589 discrepantes
2720 5522 3114 5593 appellationes
3172 5522 3290 5577 istae
3341 5522 3472 5577 sint.
3500 5520 3505 5525 '

1905 5590 2196 5646 Enimvero
2226 5604 2332 5644 una
2362 5591 2661 5659 eademque
2692 5608 2795 5646 vox
2823 5601 2929 5649 est.
2956 5575 3188 5652 :³⁷an&
3216 5588 3319 5645 Sed
3343 5589 3409 5643 τὸ
3437 5598 3479 5649 Ξ)

1901 5662 2054 5724 olim,
2091 5667 2150 5713 ut
2190 5656 2341 5729 apud
2374 5659 2603 5722 Arabes,
2636 5661 2709 5716 ita
2740 5663 2882 5732 apud
2911 5661 3170 5716 Hebraeos
3284 5666 3478 5727 rpetuo

1904 5746 2025 5786 cuin
2056 5728 2245 5799 iiaplic
2273 5727 2706 5796 pronuntiatum.
2734 5731 2907 5789 Graeci
2939 5729 3028 5784 διὰ
3062 5727 3155 5784 τοῦ
3255 5739 3479 5796 expres·

1903 5810 2114 5858 ‚⁶crttttt.
