3850 6517
297 503 394 567 stt

970 503 1338 562 ADVERSUS
1375 505 1716 563 amasi-:S
1755 502 1880 563 Lm.
1925 506 1967 564 1.
2001 503 2163 565 ΤΟΜ.
2201 507 2288 564 ΙΙΙ.
2332 508 2604 567 RAERES.
2637 508 2820 569 val.

3454 513 3564 573 sta

297 622 437 678 κατὰ
463 621 713 695 διαδοχὴν
742 623 1115 693 γεννωμένων.
1138 624 1203 675 Αἱ
1232 621 1341 694 γὰρ
1373 618 1529 676 οὖσαι
1556 622 1747 676 πολλαὶ
1773 623 1868 678 καὶ
1898 631 1943 688 Α
1971 639 2094 679 rum
2131 640 2251 695 quae
2290 628 2643 684 successione
2686 633 3039 700 generantur.
3086 625 3249 683 Plura
3287 629 3560 701 siquidem

299 715 399 786 μία
446 717 511 768 ὲκ
561 715 660 784 τῆς
706 714 836 785 μιᾶς
882 713 1244 785 ὑπάρχουσαι,
1277 716 1341 767 ἐκ
1375 714 1472 785 τῆς
1520 712 1686 783 οὔσης
1741 716 1871 785 μιᾶς

296 806 476 869 αἰτίας
502 804 610 859 τῶν
636 804 825 857 παθῶν
852 806 866 836 ¹
896 804 1288 875 εὑρεθήσονται
1311 821 1325 836 ·
1351 806 1447 858 καὶ
1470 803 1654 857 οὐκέτι
1680 804 1872 861 πολλαὶ

295 896 483 967 ἀρχαὶ,
523 896 639 949 ἀλλ’
671 896 704 967 ῆ
768 897 867 968 μία
914 897 949 967 ὴ
1002 894 1207 949 τούτων
1250 895 1401 949 αἰτία
1442 899 1723 965 γεγονυῖα·
1774 896 1871 950 καὶ

296 988 663 1059 ἀναχθήσεται
726 988 906 1042 πάντα
946 990 1026 1052 είς
1075 987 1175 1057 τὴν
1216 987 1343 1059 μίαν
1389 986 1723 1060 μοναρχίαν·
1775 987 1871 1041 καὶ

295 1080 546 1135 διέπεσεν
577 1082 610 1151 ἡ
653 1079 747 1133 τοῦ
778 1078 1024 1132 τοιούτου
1056 1077 1427 1146 πιθανολογία,
1462 1079 1558 1132 καὶ
1597 1079 1697 1131 οὑκ
1738 1076 1872 1147 ἀλή-

205 1177 212 1183 “
296 1171 437 1234 θεια,
476 1170 601 1224 οὔτε
623 1170 723 1242 τὴν
763 1170 1146 1239 πιθανολογίαν
1174 1169 1451 1242 δυναμένη
1484 1170 1645 1242 ἔχειν.
1673 1168 1869 1241 Μωρὸν

294 1262 405 1334 γὰρ
448 1262 509 1315 τὸ
539 1261 658 1316 ὅλον
707 1264 987 1334 κήρυγμα.
1029 1263 1138 1316 Καὶ
1167 1263 1216 1315 εἰ
1257 1264 1287 1316 ὁ
1310 1262 1483 1333 Ἀδὰμ
1518 1261 1579 1315 οὑ
1617 1259 1869 1326 σώζεται,

293 1350 355 1405 τὸ
388 1352 647 1424 φύραμα,
696 1353 819 1408 οὑδέ
867 1369 921 1407 τι
967 1352 1064 1407 τοῦ
1112 1352 1434 1423 φυράματος
1477 1347 1708 1417 σώζεται
1728 1354 1771 1406 ¹.
1809 1354 1871 1407 Εἰ

295 1444 406 1516 γὰρ
435 1446 465 1498 ὁ
498 1445 920 1516 πρωτόπλαστος
950 1444 1048 1498 καὶ
1088 1444 1148 1511 ἐξ
1187 1444 1411 1498 ἀθίκτου
1442 1446 1546 1514 γῆς
1581 1443 1872 1514 γενόμενος

298 1535 574 1608 σωτηρίας
606 1535 670 1590 οὑ
698 1534 934 1608 μεθέξει,
966 1534 1084 1599 πῶς
1110 1534 1182 1589 τά
1220 1535 1281 1600 ἐξ
1305 1534 1471 1588 αὑτοῦ
1499 1534 1871 1607 γεγεννημένα

299 1628 514 1699 μεθέξει
541 1627 841 1701 σωτηρίας;

1977 718 2099 780 illa,
2134 725 2188 773 et
2233 735 2400 773 unum
2424 758 2438 784 ,
2489 719 2558 775 ab
2591 734 2702 775 uno
2747 718 3023 790 prosecta,
3072 721 3142 777 ab
3180 736 3288 777 una
3314 725 3559 780 omnium

1977 823 2175 875 causa,
2225 825 2481 865 manasse
2526 811 2890 881 reperiemus.
2938 808 3016 865 lta
3064 826 3175 867 non
3232 811 3349 882 jam
3388 814 3560 870 multa

1976 898 2277 969 principia,
2310 899 2406 953 sed
2433 915 2598 954 unum
2633 901 2760 964 erit,
2792 915 2822 954 a
2850 915 2961 972 quo
2986 908 3183 957 caetera
3214 903 3558 973 dependent,

1975 999 2031 1044 et
2057 992 2123 1046 ad
2154 992 2321 1047 unius
2348 978 2635 1062 imperium
2678 994 2933 1050 universa
2971 993 3283 1052 referentur
3318 1015 3334 1050 ι
3366 997 3561 1068 sicque

1977 1081 2142 1137 fallax
2187 1097 2252 1137 ac
2294 1082 2484 1137 sucosa
2531 1083 2680 1139 illius
2718 1084 2899 1140 oratio
2931 1086 3218 1152 concidet,
3253 1088 3389 1143 nihil
3439 1088 3559 1157 ipsa

1977 1172 2196 1241 quidem
2233 1173 2483 1229 veritatis
2514 1173 2747 1237 babens,
2783 1188 2848 1229 ac
2877 1176 2961 1231 vel
2991 1175 3140 1231 omni
3171 1176 3561 1247 probabilitate

1977 1263 2258 1319 destituta.
2298 1262 2476 1318 Stulta
2509 1266 2711 1335 quippe
2757 1274 2874 1321 tota
2909 1267 3027 1322 baec
3057 1274 3144 1323 est
3171 1268 3381 1339 opinio.
3419 1268 3557 1323 Nam

1974 1356 2019 1410 si
2055 1355 2300 1413 Adamus
2338 1357 2570 1414 salutem
2624 1357 2852 1415 minime
2893 1368 2981 1415 est
3023 1360 3293 1431 adeptus,
3332 1360 3437 1416 lioc
3472 1368 3560 1417 est

1974 1448 2094 1517 ipsa
2133 1448 2538 1517 quodammodo
2563 1449 2781 1519 generis
2817 1463 3036 1516 massa;
3085 1465 3191 1507 nec
3220 1451 3331 1506 ulla
3360 1465 3560 1507 massae

1976 1539 2141 1608 liujus
2188 1540 2458 1609 particula
2504 1542 2713 1597 servari
2766 1541 2986 1612 poterit.
3025 1540 3087 1597 Si
3126 1543 3273 1598 enim
3317 1543 3411 1614 qui
3445 1542 3561 1613 pri-

1972 1645 2098 1685 mus
2148 1631 2395 1687 omnium
2431 1630 2692 1687 conditus
2737 1638 2859 1695 est,
2906 1639 2965 1687 et
3008 1646 3076 1688 ex
3115 1632 3328 1703 integra
3374 1632 3555 1689 adbuc

297 1724 443 1774 terra
478 1717 774 1786 formatus,
805 1716 1001 1773 salutis
1038 1716 1263 1773 minime
1288 1724 1376 1774 est
1405 1715 1712 1787 particeps,
1742 1731 1865 1787 quae
1897 1720 1968 1774 ab
1994 1721 2186 1777 eodem
2228 1728 2348 1777 orta
2387 1728 2519 1778 sunt
2547 1736 2658 1791 quo
2701 1722 2923 1778 tandem
2957 1731 3124 1795 pacto
3176 1723 3407 1780 salutem
3459 1721 3558 1778 ob-

296 1808 581 1863 tinebunt?

367 1898 441 1950 Γ.
481 1896 638 1951 Κατὰ
662 1898 770 1971 γὰρ
805 1896 900 1953 δύο
922 1897 1159 1971 τρόπους
1193 1896 1551 1971 εὑρεθήσεται
1583 1899 1703 1953 καθ’
1735 1896 1866 1951 kau-
1899 1906 1942 1959 Β
2040 1891 2130 1947 lll.
2167 1891 2533 1959 Quamobrem
2580 1891 2800 1949 duobus
2844 1893 3026 1950 modis
3067 1907 3255 1950 secum
3298 1895 3416 1968 ipse
3443 1913 3549 1968 pu·

294 1986 388 2041 τοῦ
418 1987 625 2056 λέγων·
659 1988 855 2057 φάσκει
888 1987 999 2060 γὰρ
1045 1988 1135 2042 τὸν
1164 1990 1342 2059 γάμον
1370 1984 1512 2042 εἶναι
1551 1988 1652 2042 οὑκ
1684 1990 1749 2041 ὲκ
1773 1987 1871 2042 τοῦ

294 2075 431 2131 Θεοῦ
452 2117 468 2145 ,
516 2076 654 2131 ἀλλὰ
698 2077 957 2150 πορνείας
988 2074 1128 2132 εἷναι
1172 2078 1336 2132 αὑτὸν
1392 2078 1489 2132 καὶ
1532 2077 1702 2149 μῦσος
1721 2118 1736 2141 ,
1778 2080 1900 2133 καὶ.

295 2168 488 2223 ἑαυτὸν
519 2169 698 2239 γάμου
728 2170 1064 2241 ὑπάρχοντα,
1097 2168 1193 2221 καὶ
1223 2170 1287 2220 ὲκ
1322 2168 1581 2235 γυναικὸς
1610 2180 1871 2239 γεγεννη-

299 2259 480 2330 μένον,
500 2261 595 2314 καὶ
613 2262 678 2313 ἐκ
707 2263 918 2332 σπορᾶς
939 2262 1149 2333 ἀνδρῶν
1169 2263 1392 2333 ἡγεῖται
1422 2259 1709 2325 σώζεσθαι.
1731 2263 1874 2334 'Apa

296 2346 389 2405 οὑν
416 2351 575 2405 πάλιν
616 2352 841 2406 ἀνέλυσε
883 2352 982 2422 τὴν
1002 2352 1167 2405 αὑτοῦ
1196 2350 1335 2405 κατὰ
1364 2350 1459 2406 τοῦ
1501 2352 1680 2423 γάμου
1707 2352 1875 2423 βλασ-

299 2439 529 2513 φημίαν.
556 2443 620 2495 Εἰ
640 2443 748 2513 γὰρ
802 2436 958 2505 οὗτος
986 2445 1051 2495 ὲκ
1076 2442 1270 2513 γάμων
1300 2442 1561 2515 ὑπάρχων
1588 2444 1868 2515 σωτηρίαν

298 2529 430 2598 ἔξει,
455 2532 564 2604 ἄρα
602 2532 663 2585 οὑ
710 2532 986 2603 βδέλυγμα
1011 2534 1040 2585 ὀ
1070 2532 1269 2602 γάμος,
1297 2534 1330 2587 ὁ
1368 2534 1575 2602 γεννῶν
1618 2536 1747 2598 τοὺς
1775 2534 1877 2606 τῆς

302 2622 573 2693 σωτηρίας
604 2623 953 2694 μετέχοντας,
982 2623 1082 2695 οἴῳ
1115 2623 1161 2677 δ’
1183 2622 1252 2677 ἂν
1283 2622 1432 2678 θέλοι
1457 2626 1644 2696 τρόπῳ
1667 2626 1874 2695 λέγειν.

302 2713 366 2767 Εἰ
396 2712 452 2766 δὲ
480 2713 710 2785 συσταίη
744 2715 866 2767 κατ’
893 2713 1072 2768 αὑτῶν
1093 2714 1271 2784 λόγος,
1300 2714 1425 2767 Ὅτι
1451 2714 1707 2786 άθέμιτύς
1728 2718 1876 2783 ἐστιν

296 2804 327 2855 ὀ
361 2804 536 2876 γάμος
557 2821 571 2834 ·
621 2805 730 2877 ἄρα
779 2804 979 2875 μᾶλλον
1004 2807 1034 2859 ὁ
1084 2804 1255 2876 Ἀδὰμ
1298 2803 1623 2877 σωθήσεται,
1657 2806 1732 2878 μὴ
1766 2807 1876 2861 ἀπὸ

299 2896 476 2965 γάμου
514 2895 865 2968 ὁρμώμενος,
900 2896 1015 2950 ἀλλ’
1064 2899 1124 2953 ὲν
1156 2897 1299 2969 χειρὶ
1346 2897 1561 2969 Πατρὸς
1604 2899 1698 2953 καὶ
1743 2897 1873 2952 Υἰοῦ

300 2987 396 3040 καὶ
426 2987 584 3056 ἁγίου
609 2985 927 3061 Πνσύματος
950 2989 1354 3061 πεπλασμένος,
1377 2989 1520 3044 κατὰ
1542 2990 1605 3043 τὸ
1630 3007 1877 3063 γεγραμ-

304 3076 507 3147 μένον*
537 3077 633 3133 ὑπ’
669 3079 837 3134 αὑτοῦ
864 3079 961 3133 τοῦ
998 3080 1154 3148 ἁγίου
1187 3081 1405 3152 Πατρὸς
1432 3079 1569 3153 πρὸς
1605 3080 1699 3134 τὸν
1724 3080 1872 3148 Υἰδν,

1985 1991 2119 2053 gnat
2147 1998 2162 2036 z
2192 1980 2339 2051 quod
2370 1987 2427 2037 et
2458 1982 2681 2051 nuptias
2723 1983 2936 2037 auctori
2974 1981 3086 2037 Deo
3117 1984 3435 2041 tribuendas
3464 2001 3564 2043 nc-

1974 2080 2102 2139 gat,
2142 2086 2348 2141 easque
2388 2070 2655 2142 flagitium
2704 2080 2760 2128 et
2805 2071 3136 2129 adulterium
3179 2076 3458 2142 nominat,
3508 2088 3567 2135 ct

1973 2162 2215 2233 seipsum
2257 2161 2615 2217 nibilominus
2656 2176 2690 2217 e
2738 2163 2968 2218 muliere
3002 2173 3330 2233 prognatum
3391 2177 3558 2237 atque

1973 2268 2039 2309 cx
2078 2253 2224 2309 virili
2276 2261 2404 2309 satu
2458 2262 2809 2323 procreatum
2859 2254 3071 2309 servari
3106 2270 3272 2326 posse
3311 2256 3563 2315 conlidit.

1974 2344 2095 2412 Qua
2126 2345 2346 2416 quidem
2380 2347 2593 2401 ratione
2630 2347 2868 2416 priorem
2908 2348 3058 2401 illam
3080 2387 3097 2412 ,
3146 2362 3314 2419 quam
3354 2350 3567 2421 nuptiis

1977 2436 2335 2507 imposuerat,
2371 2437 2760 2502 contumeliam
2790 2437 3035 2493 rescidit.
3067 2437 3125 2494 Si
3156 2440 3303 2495 enim
3332 2440 3427 2495 ille
3448 2440 3569 2509 ipae

1978 2529 2250 2599 originem
2299 2527 2524 2583 trahens
2566 2541 2596 2580 a
2638 2526 2849 2597 nuptiis
2905 2528 3138 2583 salutem
3181 2529 3564 2600 consequitur,

1976 2633 2088 2675 non
2114 2619 2285 2690 igitur
2325 2616 2666 2674 detestandas
2702 2624 2833 2673 sunt
2882 2618 3118 2689 nuptiae,
3169 2632 3296 2689 quae
3339 2633 3440 2676 eoa
3482 2619 3566 2692 gl·

1974 2719 2182 2780 gnam,
2220 2709 2421 2778 quibus
2473 2709 2626 2764 salus
2681 2708 2971 2765 tribuenda
3017 2708 3124 2774 sit,
3177 2700 3567 2785 quamcunque

1977 2808 2186 2871 partem
2204 2801 2424 2871 eligant.
2436 2798 2597 2867 Quod
2617 2800 2663 2855 si
2676 2814 2806 2856 vera
2822 2800 2896 2856 sit
2910 2801 3228 2858 eorumdem
3244 2804 3521 2862 sententia
3535 2844 3555 2871 ,

1977 2894 2051 2951 Ut
2072 2895 2279 2951 illicitae
2303 2895 2417 2951 sint
2436 2896 2644 2966 nuptiae
2666 2912 2681 2962 3
2703 2903 2857 2952 tanto
2892 2885 3355 2967 magis'Adamum
3383 2899 3563 2971 ipsum

1976 2999 2078 3057 par
2105 2993 2192 3044 est
2230 2986 2427 3043 salutis
2453 2996 2762 3058 compotem
2790 2987 2930 3053 fleri,
2962 2989 3058 3059 qui
3095 2990 3266 3048 nullis
3294 3007 3564 3067 propaga-

1976 3083 2070 3137 tus
2096 3078 2308 3150 nuptiis
2332 3117 2349 3144 ,
2426 3069 2609 3134 Patris
2660 3092 2727 3133 ac
2761 3076 2924 3143 Filii,
2975 3086 3032 3136 et
3087 3078 3329 3151 Spiritus
3376 3083 3561 3140 saneti

297 3166 379 3220 ᾰτι
418 3167 774 3240 Ποιήσωμεν
810 3168 1126 3237 ἄνθρωπον
1169 3171 1297 3223 κατ’
1345 3169 1549 3223 εἰκόνα
1583 3169 1877 3240 ἡμετέραν
1980 3186 2146 3227 manu
2189 3177 2277 3227 est
2326 3168 2538 3225 effictus
2569 3187 2582 3223 ι
2616 3168 3080 3239 quemadmodum
3139 3169 3425 3243 Scriptura
3472 3179 3560 3234 to-

297 3259 394 3313 nal
422 3261 551 3315 καθ’
599 3260 904 3330 ὁμοίων.
933 3259 1060 3323 Πῶς
1103 3260 1161 3313 δὲ
1208 3259 1272 3313 οὑ
1305 3257 1535 3324 σώζεται
1561 3262 1591 3314 ὁ
1621 3261 1811 3333 Ἀδὰμ,
1846 3266 1876 3316 ὁ
1903 3246 1945 3302 C
1979 3272 2181 3329 statur,
2206 3275 2332 3318 cum
2374 3263 2449 3317 ita
2485 3260 2648 3318 Pater
2691 3258 2888 3317 Filium
2929 3262 3216 3334 alloquens
3254 3264 3558 3324 introduci-

297 3347 448 3419 παρὰ
498 3349 582 3403 σοὶ
641 3349 1111 3422 ἀπελπιζόμενος,
1168 3350 1330 3405 ὁπότε
1379 3350 1543 3414 αὐτὸς
1589 3353 1619 3405 ὁ
1669 3350 1874 3421 Κύρισς
1979 3362 2069 3409 tur
2103 3367 2118 3409 t
2152 3353 2442 3409 Faciamus
2465 3352 2816 3409 hominem&
2846 3354 3126 3424 ίηιοςίιισηι
3162 3364 3215 3412 σι
3240 3355 3559 3413 similium-

303 3439 456 3510 ἡμῶν
473 3441 681 3513 Ἰησοῦς
712 3442 968 3515 Χριστὸς,
998 3441 1167 3496 ἐλθὼν
1194 3441 1378 3504 εἰςτὺν
1404 3440 1630 3511 κόσμον,
1648 3440 1876 3510 νεκροῖις
1979 3459 2094 3498 nem
2124 3454 2360 3499 nostram
2392 3445 2434 3496 ⁸.
2459 3443 2563 3510 Qui
2599 3457 2765 3513 porro
2791 3446 3051 3499 convenit
3075 3444 3369 3513 Adamnm,
3389 3461 3557 3519 que-

297 3532 438 3606 μετὰ
468 3533 569 3607 τὴν
608 3534 866 3608 τελευτὴν
891 3535 1101 3607 ἐγείρει
1136 3537 1195 3588 ὲν
1230 3533 1381 3604 αὐτῷ
1419 3531 1497 3604 τῷ
1531 3531 1769 3603 σώματι,
1798 3533 1876 3594 ὡς
2164 3548 2263 3605 pro
2277 3533 3010 3605 desperatobabes,asalute
3024 3535 3561 3604 alienumesmcn-

291 3621 385 3677 τὸν
407 3621 683 3698 Λάζαρον,
719 3626 815 3679 καὶ
839 3624 955 3678 υἰὸν
985 3625 1086 3695 τῆς
1113 3625 1308 3695 χήρας,
1344 3622 1441 3675 καὶ
1465 3620 1566 3692 τὴν
1598 3620 1876 3693 θυγατέρα

288 3711 383 3767 τοῦ
399 3714 876 3783 Ἀρχισυναγώγου
902 3732 918 3776 ;
941 3715 1054 3765 Καὶ
1079 3716 1128 3763 εἰ
1149 3712 1311 3773 αὑτὸς
1337 3712 1438 3763 οὑκ
1455 3707 1524 3781 ἦν
1551 3712 1581 3761 ὁ
1597 3710 1876 3782 τδνἈδὰμ

293 3799 507 3859 πλάσας
552 3800 618 3848 ὲκ
664 3796 788 3865 χοὸς
835 3798 930 3848 ἀπ’
985 3796 1164 3865 ἀρχῆς
1185 3835 1200 3858 ,
1261 3796 1381 3859 πῶς
1427 3795 1637 3860 πτύσας
1702 3800 1875 3870 χαμαὶ

294 3889 520 3957 ἐποίησε
563 3886 757 3956 πηλὸν,
793 3886 887 3939 καὶ
911 3886 1138 3939 ἐπέθετο
1155 3887 1250 3940 ἐπὶ
1279 3886 1408 3948 τοὺς
1445 3887 1752 3960 ὀφθαλμοὺς
1777 3890 1873 3944 τοῦ

296 3973 500 4045 τυφλοῦ
530 3975 625 4029 τοῦ
658 3976 724 4028 ὲκ
753 3975 1000 4046 γενετῆς,
1024 3975 1122 4029 καὶ
1149 3975 1407 4049 ἐποίησεν
1427 3977 1591 4031 αὑτὸν
1621 3978 1871 4048 βλέπειν;

300 4071 419 4125 Ἶνα
452 4070 598 4141 δείξῃ
636 4070 827 4132 ἑαυτὸν
850 4068 950 4141 μὲν
982 4063 1119 4123 εἶναι
1142 4069 1235 4123 τὸν
1258 4069 1511 4141 Πλάστην
1538 4071 1634 4126 σὺν
1659 4069 1740 4143 τῷ
1761 4072 1877 4126 Πα-

298 4165 389 4235 τρὶ
412 4163 509 4218 καὶ
534 4161 616 4234 τῷ
640 4162 781 4234 ἁγίῳ
803 4160 1106 4231 Πνεύματι,
1136 4161 1232 4215 καὶ
1264 4160 1326 4215 τὸ
1360 4160 1577 4225 mint<
1608 4161 1774 4233 μέρος
1813 4162 1874 4215 ὲν

298 4254 377 4323 τῷ
399 4253 508 4307 ἀπὸ
550 4254 774 4324 γενετῆς
797 4251 1181 4324 γεγεννημένῳ
1217 4250 1405 4323 τυφλῷ
1430 4253 1521 4307 διὰ
1557 4252 1653 4307 τοῦ
1698 4251 1873 4325 πηλοῦ

298 4344 610 4417 προστιθεὶς
641 4342 720 4414 τῷ
744 4343 983 4397 λείποντι
1009 4343 1186 4415 τόπῳ·
1241 4342 1577 4416 διορθώσεως
1607 4343 1717 4417 γὰρ
1754 4343 1873 4398 ἓνε-

295 4453 391 4490 κεν
426 4434 521 4490 τοῦ
566 4434 846 4498 λείποντος
875 4435 1075 4506 μέρους
1106 4434 1354 4504 φαίνεται
1390 4433 1552 4488 τοῦτο’
1580 4435 1874 4506 πεποιηκέ-

295 4546 405 4582 ναι.
437 4527 499 4582 Et
526 4527 583 4582 δὲ
606 4528 772 4583 πάλιν
803 4526 967 4591 αὑτός
987 4527 1135 4580 ἐστιν
1158 4527 1188 4579 ὁ
1212 4524 1416 4596 Κύριος
1444 4525 1617 4596 Ἀδὰμ
1640 4524 1871 4591 πλάσας,

295 4620 395 4673 καὶ
417 4618 581 4673 αὑτὸν
599 4619 693 4672 τὸν
715 4616 1138 4689 πρωτόπλαστον
1155 4614 1433 4679 ἀπολλύει,
1449 4617 1577 4680 τοὺς
1593 4616 1650 4669 δὲ
1673 4615 1870 4680 ἄλλους

297 4711 484 4777 σώζει,
508 4706 554 4766 ὦ
578 4710 747 4781 πολλή
783 4725 876 4762 σου
912 4706 1373 4778 ματαιοφροσύνη,
1408 4708 1676 4762 Τατιανέί
1712 4707 1867 4762 Ἀδυ-

295 4804 498 4873 ναμίαν
526 4801 638 4873 γὰρ
661 4801 741 4871 τῷ
763 4799 953 4871 Κυρίῳ
982 4796 1126 4853 κατά
1154 4796 1380 4869 δύναμιν
1410 4800 1767 4869 προσάπτεις,
1789 4798 1868 4870 τῷ

295 4894 577 4965 δυναμένῳ
611 4894 702 4947 τὸν
732 4891 1158 4963 πρωτόπλαστον
1197 4890 1385 4956 αὑτοῦ,
1421 4890 1510 4945 διά
1529 4891 1662 4961 μίαν
1688 4906 1868 4963 παρα-

298 4987 431 5056 κοην
469 4983 868 5055 ὲκὸεὸλημένον
898 4983 994 5036 τοῦ
1024 4978 1377 5054 παραδείσου,
1408 4982 1502 5035 καὶ
1527 4981 1777 5047 παιδείας
1803 4981 1868 5034 ού

294 5077 395 5147 τῆς
449 5074 719 5149 τυχούσης
753 5074 1123 5145 μετασχόντα,
1158 5075 1217 5127 ἐν
1276 5073 1460 5145 ἱδρῶτι
1494 5074 1590 5127 καὶ
1637 5073 1871 5145 καμάτῳ

294 5163 705 5219 διατετελεκότα
721 5204 737 5229 ,
771 5163 866 5217 καὶ
900 5163 1190 5217 κατέναντι
1228 5160 1322 5216 τοῦ
1367 5161 1698 5234 παραδείσου
1737 5179 1869 5217 κατ·

294 5257 572 5329 ῳκηκότα,
599 5256 747 5319 ὅπως
788 5252 1115 5325 μνημονεύω.
1151 5252 1250 5323 τῆς
1291 5253 1502 5323 ἀγαθῆς
1546 5252 1634 5308 διὰ
1662 5253 1763 5324 τῆς
1793 5253 1874 5315 εἰς

300 5350 519 5421 μνήμην
576 5346 866 5419 μετανοίας
916 5345 1111 5410 σώζειν
1130 5361 1144 5376 ·
1201 5344 1235 5415 ἢ
1286 5344 1569 5416 δυναμένῳ
1608 5344 1738 5416 μὲν,
1793 5343 1871 5417 μὴ

298 5438 537 5492 ὲλεοῦντι
570 5438 649 5492 δέ.
685 5436 763 5490 Δι’
790 5436 857 5506 ῆν
886 5434 982 5490 τοῦ
1010 5434 1105 5490 νῦν
1132 5433 1312 5489 αἰτίαν
1335 5432 1358 5466 ⁸
1385 5435 1516 5505 ἄχρι
1553 5434 1662 5487 τῶν
1702 5450 1872 5488 κατα-

298 5528 526 5600 χθονίων
557 5531 600 5583 X
608 5528 792 5602 ριστὸς
819 5525 1085 5597 κατῆλθες
1116 5525 1238 5579 Τίνι
1265 5522 1346 5595 τῷ
1374 5524 1521 5595 λόγῳ
1547 5523 1609 5577 τὸ
1633 5524 1868 5595 τριήμε-

302 5638 393 5695 ρον
425 5621 709 5692 κοιμηθεὶς
738 5616 1026 5681 πεπονθὼς
1058 5615 1255 5686 ἀνέστη
1279 5614 1443 5681 ςΠῶς
1466 5615 1524 5668 δὲ
1545 5612 1867 5685 πληροῦται,

368 5778 384 5809 ¹
410 5774 471 5832 12.
500 5777 737 5832 πάντων.

294 5847 418 5904 τίνα
438 5846 496 5901 δὲ
526 5847 724 5901 αἰτίαν.
871 5843 893 5874 ⁸
916 5842 1052 5896 Gen.
1080 5857 1121 5905 ι,
1236 5881 1252 5895 .
1330 5844 1352 5870 ⁸
1375 5841 1533 5899 Joan.
1567 5857 1645 5909 xi,
1670 5841 1758 5898 43.

697 5944 969 6005 Psi-not..
1009 5939 1129 6002 Gn.
1162 5937 1325 6003 xm.

849 5776 870 5806 ¹
905 5773 1064 5828 Deest
1101 5786 1161 5827 re
1229 5772 1387 5826 titum
1447 5772 1509 5827 οὑ
1562 5768 1813 5839 σώζεται,
1834 5771 1924 5896 'wil
1949 5771 2055 5844 leg.
2079 5771 2144 5895 o'z'a
2171 5770 2246 5896 ’δῖ
2277 5770 2747 5899 τδ.φῦςάματος.“

1925 5857 2015 5899 uc.
2043 5857 2099 5898 vt
2127 5882 2145 5909 ,
2245 5882 2260 5897 .
2484 5856 2568 5898 rc.
2597 5858 2652 5910 v,
2758 5885 2775 5901 .

2061 3624 2242 3680 minus
2255 3624 2373 3696 ipse
2382 3633 2573 3680 noster
2584 3622 2745 3679 Jesus
2767 3624 3040 3692 cbristus,
3059 3626 3113 3680 in
3132 3626 3278 3684 bunc
3297 3628 3562 3686 mundum

1976 3714 2230 3780 venicus,
2274 3713 2384 3768 vita
2433 3713 2549 3784 jam
2583 3710 2872 3769 defunctos
2894 3713 3143 3771 bomines
3177 3729 3408 3787 corpore
3434 3718 3559 3789 ipso

1977 3804 2298 3870 suscitarit,
2353 3804 2434 3859 uti
2476 3801 2745 3859 Lazarum
2776 3804 2833 3869 ⁶,
2892 3818 2959 3860 ac
3010 3802 3187 3861 viduae
3215 3804 3385 3862 lilium
3412 3805 3458 3875 ',
3497 3816 3555 3865 et

1977 3894 2274 3965 synagogae
2300 3893 2564 3964 principis
2592 3893 2759 3949 filiam
2788 3894 2852 3950 *ἲ
2876 3893 3011 3949 Nam
3043 3895 3089 3951 si
3121 3894 3170 3952 is
3207 3910 3554 3969 nequaquam

1974 3985 2242 4041 Adamum
2272 3986 2431 4042 initio
2473 3986 2543 4042 de
2571 3993 2718 4042 terra
2751 3984 3074 4053 formasset,
3112 3985 3293 4042 curin
3332 3986 3559 4046 bunum

1975 4077 2248 4147 despuens
2278 4072 2456 4130 lutum
2501 4076 2709 4131 laceret
2731 4114 2746 4139 ,
2778 4075 3009 4146 ejusque
3054 4074 3148 4145 qui
3182 4090 3362 4133 mous
3396 4088 3561 4134 natus

1976 4166 2154 4223 suerat
2200 4166 2380 4223 oculis
2432 4167 2707 4233 illinerct,
2760 4166 2926 4237 eique
2975 4166 3156 4223 visum
3216 4167 3472 4225 redderet
3496 4169 3561 4225 ’ἲ

1974 4256 2096 4323 Quo
2129 4254 2300 4325 facto,
2342 4256 2698 4313 Conditorem
2745 4270 2947 4312 seesse
2989 4269 3114 4310 cum
3145 4253 3307 4313 Patre
3332 4271 3399 4313 ac
3436 4251 3560 4331 Spi·

1975 4346 2083 4401 ritu
2112 4352 2305 4401 sancto
2327 4345 2623 4401 manifeste
2650 4342 2971 4413 declaravit,
2993 4356 3118 4398 cum
3145 4351 3354 4413 partem
3381 4342 3554 4412 illam,

1975 4448 2096 4505 quae
2130 4449 2277 4490 caeco
2312 4441 2445 4490 nato
2475 4436 2666 4491 deerat
2685 4476 2699 4499 ,
2724 4448 2955 4502 asperso
2982 4433 3119 4500 luto,
3152 4433 3404 4489 mutilato
3425 4447 3554 4490 eor-

1973 4523 2127 4596 poris
2182 4524 2428 4580 membro
2479 4524 2755 4590 restitum
2806 4531 2866 4578 ut
2908 4524 3053 4579 enim
3109 4539 3364 4581 mancum
3402 4524 3553 4583 istud

1971 4615 2278 4673 membrum
2303 4615 2605 4683 corrigeret
2629 4654 2645 4679 ,
2676 4616 2781 4669 lioc
2808 4613 2991 4686 egisse
3018 4615 3252 4671 videtur.
3272 4614 3392 4672 Jam
3421 4630 3554 4674 nro

1970 4704 2020 4761 si
2053 4704 2324 4760 Adamum
2366 4702 2635 4760 Dominus
2678 4704 2797 4775 ἥρω
2838 4702 3162 4769 fabricavit,
3209 4719 3273 4760 ac
3312 4705 3551 4776 primum

1970 4793 2103 4849 illud
2149 4808 2311 4850 suum
2344 4808 2488 4866 opus
2516 4782 2877 4850 nibilominus
2912 4794 3277 4862 exterminat,
3305 4795 3438 4851 dum
3466 4810 3552 4854 re·

1968 4887 2150 4960 liquos
2175 4886 2393 4943 interim
2427 4894 2642 4957 servat3
2671 4894 2879 4959 quanta
2906 4887 3046 4951 bac,
3076 4884 3306 4944 Tatiane
3330 4925 3348 4952 .
3378 4889 3557 4946 stulti-

1973 4979 2047 5034 tia
2076 4980 2198 5037 est!
2228 4977 2663 5036 imbecillitatem
2687 4979 2833 5035 enim
2857 4978 3091 5035 Domino
3112 4988 3377 5050 quantum
3406 4978 3465 5036 iu
3491 4986 3553 5037 ιο

1977 5078 2064 5127 est
2089 5069 2336 5141 affingisg
2360 5070 2455 5142 qui
2494 5085 2621 5126 cum
2670 5069 2983 5137 bominem,
3009 5085 3173 5142 quem
3204 5077 3334 5126 ante
3361 5085 3554 5130 omnes

1974 5163 2292 5227 effinxerat,
2325 5161 2399 5217 ob
2429 5161 2653 5218 unicum
2668 5161 2857 5217 violati
2893 5162 3138 5218 mandati
3168 5160 3377 5219 crimen
3400 5177 3435 5220 e
3460 5177 3555 5235 pa·

1976 5252 2161 5308 radiso
2210 5252 2533 5323 depulsum,
2594 5266 2698 5309 nec
2749 5249 3014 5307 mediocri
3077 5250 3555 5310 animadversione

1977 5344 2338 5414 castigatum,
2374 5351 2435 5399 ut
2478 5349 2693 5399 aetatem
2741 5354 2898 5398 suam
2935 5349 3198 5411 perpetuo
3239 5340 3442 5400 sudore
3487 5357 3553 5400 ac

1975 5432 2166 5489 labore
2210 5434 2541 5505 transigeret
2563 5471 2581 5498 ,
2621 5439 2788 5502 atque
2811 5446 2845 5487 e
2872 5429 3116 5503 paradisi
3145 5431 3369 5504 regione
3391 5432 3554 5505 dego-

1973 5532 2086 5589 ret,
2126 5540 2239 5596 quo
2266 5539 2334 5581 ex
2359 5523 2537 5581 felicis
2560 5522 2824 5580 domicilii
2852 5521 3238 5581 recordatione
3261 5524 3552 5582 vehemen-

1972 5622 2059 5672 ter
2076 5630 2205 5673 eum
2257 5615 2575 5689 poeniteret3
2605 5614 2775 5682 bunc,
2806 5614 3055 5688 inquam,
3080 5630 3302 5673 servare
3321 5609 3548 5672 minim'c

2819 5772 2844 5807 ⁸
2861 5770 2923 5828 F.
2949 5773 3258 5846 εἰρημένον.
3335 5769 3358 5803 ⁸
3376 5767 3440 5826 F.
3459 5769 3554 5828 διὰ

2847 5846 2871 5879 ·
2897 5842 3056 5900 Joan.
3096 5859 3172 5903 ix,
3210 5842 3235 5896 l
3262 5855 3387 5913 sqq.

3206 5933 3291 5999 27
