3850 6517
288 458 394 519 3⁷5

1713 459 1770 514 S.
1810 453 2148 511 EPlt’uAMt

3447 422 3553 487 58

288 576 656 647 aliorumque,
711 573 910 646 quibus
938 586 1034 628 eas
1066 587 1204 643 quas
1241 572 1352 626 dixi
1407 571 1611 626 Clu-isti
1661 569 1861 641 efligies
1893 577 1937 630 Α
1964 568 2056 622 τοῦ
2092 567 2265 638 Ἰησοῦ
2298 564 2560 624 τιθέασιν,
2596 555 2907 630 ίδρύσαντὲς
2936 570 2995 606 τε
3029 543 3432 621 προσκυνοῧσῑ.
3460 544 3553 599 ³⁸⁸1

290 669 545 731 miscent,
577 676 630 723 et
652 675 865 722 erectas
886 664 1049 720 simul
1080 663 1539 726 omucs'adorant.
1571 662 1637 716 ad
1663 677 1863 731 easque

291 759 571 828 gentilium
608 758 744 812 ritus
786 757 1098 811 instituunt.
1125 754 1422 811 Colloeatis
1471 754 1613 809 enim
1642 754 1864 809 simula·

292 850 405 904 cris
425 849 561 915 istis,
602 864 724 920 quae
746 863 777 902 a
797 848 1090 919 gentilibus
1120 847 1233 902 lieri
1262 847 1437 901 solent
1455 845 1713 916 deinceps
1743 860 1866 915 per-

292 938 503 993 ssciunt.
522 937 756 1006 Quinam
788 953 915 993 vero
944 945 1072 993 sunt
1099 937 1329 1008 gentiles
1353 936 1389 989 ii
1423 936 1561 990 ritus
1582 935 1673 988 alii
1701 948 1862 1004 quam

292 1030 584 1093 sacrificia,
619 1038 923 1100 caeteraque
946 1029 1164 1100 generis
1188 1028 1755 1098 ejusdem‘fflaeterum
1792 1027 1865 1080 ita

294 1119 399 1175 soli
428 1121 623 1174 animae
664 1121 894 1176 salutem
928 1121 1252 1183 attribuunt,
1282 1127 1342 1174 ut
1375 1120 1443 1174 ab
1473 1120 1593 1190 ejus
1623 1133 1866 1173 commu-

295 1208 460 1263 nione
484 1223 714 1280 corpora
744 1210 1077 1280 segreganda
1109 1217 1315 1280 putent.

371 1297 483 1353 Vll.
522 1298 888 1365 Quamobrem
920 1302 1071 1356 omni
1110 1301 1230 1356 illos
1261 1315 1363 1372 ope
1393 1301 1678 1372 profligare
1716 1314 1869 1370 opor-

295 1396 376 1446 tet
428 1398 591 1461 atque
618 1400 884 1448 evertere.
919 1391 1108 1463 Neque
1137 1393 1281 1449 enim
1309 1402 1395 1449 est
1422 1393 1566 1463 quod
1597 1390 1869 1461 eiusmodi

296 1481 550 1552 dogmata
579 1485 879 1553 pracsertim
918 1498 948 1537 a
982 1484 1078 1539 tali
1112 1484 1412 1556 impostore
1446 1483 1689 1557 prosecta
1719 1481 1872 1554 quis·

297 1572 444 1643 piam
492 1581 829 1632 contemnat.
876 1576 1093 1631 Atenim
1125 1574 1274 1630 dicat
1309 1577 1508 1646 aliquis
1542 1594 1556 1632 ε
1593 1573 1782 1630 Nonne
1808 1589 1871 1629 ea

298 1669 429 1716 sunt
455 1666 677 1734 cognitu
708 1663 913 1725 facilia.
948 1664 1300 1737 stultitiaeque
1343 1665 1699 1738 plenissima?
1731 1664 1873 1718 Sunt

298 1766 364 1808 ea
392 1768 542 1809 vero.
577 1753 682 1810 Sed
712 1756 1094 1827 insipientibus
1110 1759 1275 1813 stulta
1298 1758 1615 1829 plerumque
1643 1769 1871 1827 persua·

298 1840 518 1912 dentur,
545 1846 655 1900 imo
683 1845 848 1901 etiam
872 1848 1168 1917 prudentes
1195 1861 1227 1902 a
1258 1856 1405 1904 recta
1432 1848 1521 1903 via
1557 1845 1869 1911 deflectunt,

297 1932 406 1988 nisi
435 1936 602 1989 animi
653 1938 737 1993 vis
765 1936 908 1994 adsit
930 1939 1175 1994 veritatis
1215 1939 1605 1995 exercitatione
1640 1942 1872 1993 llrmata.

299 2023 665 2091 Quamobrem
709 2042 835 2084 cum
871 2029 928 2084 in
969 2028 1158 2085 iisdem
1188 2028 1388 2100 quibus
1417 2027 1610 2085 Simon
1651 2029 1876 2100 magicis

300 2121 512 2179 artibus
542 2132 846 2198 caeteraque
877 2141 1127 2183 errorum
1169 2125 1300 2183 saece
1321 2125 1629 2197 Carpocras
1652 2128 1875 2193 haereat,

299 2227 404 2269 nos
431 2214 651 2270 easdem
685 2231 902 2288 quoque
937 2218 1005 2274 ad
1053 2219 1204 2273 illum
1252 2218 1604 2275 evertendum
1640 2220 1878 2275 rationes

299 2298 706 2360 adhibebimus.
742 2303 801 2360 Si
833 2307 978 2360 enim
1028 2306 1213 2377 ignota
1261 2307 1352 2361 illa
1380 2322 1480 2362 nec
1515 2307 1629 2363 ullo
1657 2307 1877 2363 nomine

300 2388 644 2460 explicabilis
691 2395 869 2452 virtus
908 2396 1140 2452 aliorum
1174 2397 1492 2468 angelorum
1542 2412 1706 2452 eausa
1753 2397 1875 2462 suit,

298 2479 389 2534 vel
410 2481 459 2537 ei
494 2483 784 2541 tribuenda
819 2487 923 2542 erit
988 2488 1318 2557 ignorantia,
1357 2489 1450 2558 qui
1488 2488 1560 2544 sit
1594 2489 1878 2544 universo-

299 2582 424 2625 rum
479 2587 678 2642 parens
712 2589 727 2628 ι
764 2577 910 2648 quod
976 2576 1201 2650 ignarus
1257 2593 1449 2634 eorum
1515 2578 1701 2646 fuerit,
1759 2593 1880 2651 quae

298 2658 465 2717 iidem
516 2662 595 2718 illi
631 2681 772 2737 quos
829 2668 1151 2739 designabat
1197 2669 1446 2727 effecturi
1489 2678 1648 2726 erant
1678 2670 1876 2741 angeli,

300 2766 481 2825 neque
513 2757 662 2812 istud
707 2759 950 2823 sciverit,
982 2759 1362 2817 subtracturos
1388 2776 1448 2818 se
1475 2763 1544 2817 ab
1572 2762 1693 2831 eius
1723 2769 1879 2832 pote·

302 2850 466 2909 state,
496 2859 668 2919 eaque
690 2862 811 2918 quae
849 2849 1072 2906 minime
1115 2850 1278 2907 vellet
1323 2849 1616 2922 aliquando
1644 2865 1766 2906 esse
1796 2851 1879 2906 la·

299 2942 524 3002 cturos,
573 2938 657 2993 vel
707 2940 788 2995 sic
828 2940 950 2998 illos
992 2957 1313 3012 procreasse
1357 2942 1625 2999 dicendus
1667 2951 1773 3010 est,
1818 2951 1878 2998 ut

301 3025 448 3098 quod
473 3026 587 3084 lieri
612 3029 779 3086 nollet
813 3030 1054 3088 facturos
1083 3048 1205 3088 esse
1227 3041 1603 3105 cognosceret,
1636 3032 1780 3104 quod
1809 3034 1879 3090 iis

302 3116 623 3174 tinctoribus
677 3126 866 3189 postea
918 3120 991 3176 sit
1041 3130 1333 3178 secutum:
1367 3132 1530 3193 atque
1578 3122 1684 3178 boc
1717 3124 1878 3179 modo

301 3204 569 3275 quidquid
607 3207 725 3262 ausi
756 3207 846 3263 isti
878 3206 1102 3270 luerint,
1145 3209 1249 3265 hoc
1284 3211 1376 3266 ille
1401 3222 1456 3267 et
1478 3212 1708 3268 scientia
1736 3214 1876 3284 ipsa.

286 3301 358 3348 et
394 3297 759 3354 consensione
808 3313 871 3354 ac
902 3300 1181 3356 voluntate
1211 3301 1462 3371 perfecit.
1510 3303 1676 3376 lgitur
1713 3306 1782 3370 si,
1819 3315 1877 3360 ut

304 3392 433 3441 ante
456 3386 665 3442 dictum
716 3397 822 3453 est,
865 3404 927 3445 ea
964 3398 1174 3458 nosset,
1204 3408 1326 3465 quae
1371 3392 1570 3450 facturi
1599 3406 1758 3452 erant
1783 3413 1879 3451 an·

303 3476 432 3546 geli,
485 3492 662 3547 neque
702 3485 881 3534 tamen
917 3478 1033 3534 lieri
1063 3480 1243 3547 vellet,
1286 3497 1386 3537 cur
1413 3499 1509 3553 eos
1532 3484 1624 3554 qui
1667 3485 1719 3541 id
1753 3500 1880 3558 ege·

303 3567 416 3622 rint
450 3569 706 3638 produxit
734 3585 997 3640 nmquam.
1032 3578 1092 3625 ut
1131 3588 1253 3642 quae
1282 3575 1448 3629 nollet
1487 3575 1751 3632 auderent
1778 3578 1881 3632 ali·

305 3658 527 3730 quando
561 3659 785 3715 facere?
818 3659 915 3715 Sin
947 3662 1169 3732 angelos
1225 3663 1342 3733 ipse
1382 3665 1650 3730 condidit,
1682 3683 1780 3722 sua
1819 3676 1879 3723 ut

309 3749 399 3804 illa
420 3765 582 3820 opera
605 3757 948 3820 praestarent,
985 3750 1098 3806 lieri
1129 3752 1294 3824 igitur
1306 3766 1369 3808 ea
1395 3768 1505 3810 non
1537 3755 1729 3822 noluit,
1753 3771 1878 3811 cum

311 3839 473 3910 109
501 3840 622 3894 ideo
660 3848 915 3896 auctores
958 3841 1174 3896 illorum
1219 3844 1440 3914 angelos
1465 3854 1589 3900 aute
1607 3848 1882 3915 produxe-

306 3931 397 3985 rit.
419 3928 573 3997 Quod
611 3930 657 3986 si
690 3931 755 3985 ad
781 3931 971 3986 eadem
1016 3932 1107 3987 illa
1150 3933 1395 3989 facienda
1429 3937 1706 4007 produxit,
1734 3950 1786 3993 et
1817 3954 1881 3994 ea

306 4030 489 4078 tamen
516 4036 636 4092 quae
661 4019 802 4075 saeta
829 4031 956 4077 sunt
982 4022 1282 4092 interdixit,
1304 4027 1584 4084 enimvero
1605 4029 1881 4085 calumnia

308 4127 373 4167 ac
409 4111 615 4166 malitia
644 4111 890 4184 quaedam
922 4112 1258 4169 intercessit.
1295 4113 1353 4168 Si
1385 4130 1515 4170 vero
1544 4117 1652 4172 illis
1681 4124 1740 4170 ut
1771 4116 1884 4171 effl-

307 4208 495 4256 ccreut
526 4201 797 4270 permisit,
824 4215 945 4270 quae
964 4215 1095 4255 vcro
1124 4209 1251 4254 sunt
1281 4202 1432 4258 abiis
1463 4204 1674 4267 ellectu,
1704 4203 1882 4259 homi-

307 4306 408 4347 nes
446 4291 698 4347 videlicet
725 4298 778 4345 et
806 4290 1036 4357 animas,
1072 4300 1268 4362 praeter
1293 4293 1524 4347 istorum
1548 4294 1881 4349 voluntatem

309 4381 376 4434 ad
422 4396 543 4436 sese
591 4396 885 4453 aggregare
931 4380 1138 4449 studet,
1190 4383 1293 4437 lioc
1342 4383 1559 4438 demum
1612 4385 1746 4439 nibil
1781 4387 1885 4439 erit

308 4471 478 4535 aliud,
513 4472 621 4526 nisi
670 4474 941 4542 cupiditas
982 4474 1228 4545 qnnaeuam
1254 4475 1555 4530 alienorum
1601 4485 1883 4547 appetens,

309 4581 434 4620 cum
469 4564 716 4620 homines
750 4565 818 4619 ab
851 4566 1058 4636 angelis
1091 4565 1252 4620 cfflcti
1290 4565 1484 4622 iisdem
1529 4567 1664 4638 ipsis
1696 4567 1883 4625 invitis
1921 4603 1963 4657 D

309 4673 621 4730 asupremo
678 4658 770 4714 illo
817 4657 1158 4714 dominatore
1205 4658 1514 4730 rapiuntur.
1567 4661 1681 4715 lmo
1721 4663 1884 4717 etiam

311 4752 705 4809 imbecillitatis
757 4751 901 4807 istud
934 4753 1057 4817 erit,
1111 4750 1384 4821 cumipse
1430 4751 1535 4806 sibi
1565 4753 1745 4807 moliri
1786 4770 1883 4809 ne-

311 4852 495 4916 queat,
525 4859 646 4914 quae
686 4841 901 4900 suntab
934 4842 1003 4897 iis
1035 4842 1176 4897 sacta
1206 4856 1438 4913 quorum
1465 4850 1550 4899 est
1574 4851 1766 4900 auctor
1791 4860 1890 4917 per

311 4939 418 4993 vim
437 4953 501 4992 ac
532 4937 841 4992 violentiam
872 4936 1107 4993 auferre.
1133 4936 1254 5003 Quo
1275 4937 1334 4993 tlt
1365 4946 1426 4994 ut
1457 4939 1523 4994 ad
1549 4939 1709 4996 inane
1737 4955 1888 4995 com·

314 5036 552 5086 mentum
589 5042 653 5082 ac
703 5026 941 5082 fabulam
973 5033 1088 5081 tota
1117 5029 1333 5084 illorum
1374 5030 1624 5086 doctrina
1654 5032 1884 5100 recidat,

313 5136 433 5188 quae
463 5119 564 5175 boc
597 5127 840 5187 asserat3
878 5119 1093 5175 tametsi
1149 5120 1347 5176 inllmae
1403 5122 1636 5178 virtutes
1679 5124 1888 5180 medio-

314 5213 499 5269 cribus
521 5213 860 5284 subjaceant,
898 5227 929 5269 a
959 5212 1328 5268 mediocribus
1358 5221 1539 5269 tamen
1560 5253 1576 5279 ‚
1610 5230 1731 5287 quae
1768 5216 1890 5271 illa-

388 5367 501 5429 2¹92)
525 5370 606 5422 Οὐ
631 5371 741 5440 γὰρ
762 5371 1033 5435 δύναται,
1059 5368 1099 5424 ἃ
1127 5369 1379 5437 ἐκεῖνος.
1407 5368 1608 5427 Deesse
1637 5372 1889 5427 nonnihil

318 5437 481 5503 liuius
509 5439 611 5492 loci
641 5443 935 5510 integritati
964 5442 1236 5510 suspicor.
1271 5441 1380 5495 Aut
1408 5442 1542 5504 baec.
1567 5451 1663 5496 aut
1691 5443 1888 5498 similia

317 5508 536 5576 scripsit
574 5506 925 5576 Epiphanius,
960 5511 1035 5564 Ού
1063 5510 1172 5580 γὰρ
1201 5509 1423 5565 δύναται
1453 5515 1649 5573 ποιεῖν,
1679 5513 1715 5567 ἃ.
1743 5513 1891 5567 ἐκεῖ·

315 5595 405 5633 νος
434 5577 686 5631 ἐπιποθεῖ
705 5574 845 5631 εἶναι
877 5579 1046 5649 αύτῷ.
1079 5581 1152 5633 oo
1181 5579 1403 5634 δύναται
1444 5581 1501 5637 δὲ
1527 5582 1588 5635 τὸ
1617 5584 1727 5637 πᾶν
1753 5578 1891 5637 εἶναι

315 5647 485 5701 κακὸν
536 5647 656 5700 οὐδὲ
688 5647 791 5701 ὑπὸ
822 5649 1006 5702 κακῶν
1033 5650 1331 5716 γεγονέναι.
1352 5649 1468 5705 Duo
1497 5664 1654 5708 eraut
1684 5653 1894 5721 Carpo-

315 5719 687 5774 cratianormn
739 5717 992 5788 dogmata
1028 5736 1043 5773 ι
1082 5719 1349 5785 alterum,
1400 5723 1688 5787 mimdmm
1733 5737 1892 5783 crea-

316 5795 512 5857 tusque
570 5803 658 5843 res
709 5802 901 5843 omues
935 5802 1043 5842 uon
1094 5803 1125 5842 a
1184 5789 1327 5844 bono
1376 5790 1468 5844 illo
1523 5808 1892 5864 supremoque

317 5853 461 5927 Deo,
497 5856 591 5917 scd
631 5857 700 5913 ab
738 5857 1089 5916 inferioribus
1133 5860 1342 5930 angelis
1388 5859 1558 5920 fuisse
1590 5863 1885 5922 conditas:

1964 661 2031 714 τὰ
2063 660 2170 713 τῶν
2223 656 2391 711 ἐθνῶν
2441 650 2746 706 ἐπιτελοῦσι
2778 645 3070 717 μυστήρια.
3096 640 3416 710 Στήσαντες
3439 635 3551 706 γὰρ

1963 751 2166 813 ταύτας
2183 749 2281 812 τὰς
2303 746 2537 808 εἰκόνας,
2562 742 2633 795 τά
2663 739 2769 794 τῶν
2792 736 2960 791 ἐθνῶν
2978 734 3075 802 ἔθη
3096 729 3287 784 λοιπὸν
3303 726 3551 782 ποιοῦσι.

1966 845 2099 898 Τίνα
2151 841 2208 895 δέ
2257 843 2401 893 ἐστιν
2431 835 2597 890 ἐθνῶν
2624 833 2720 903 ἔθη
2746 831 2856 885 ἀλλ’
2889 829 2924 899 ἢ
2955 826 3136 881 θυσίαι
3168 822 3262 878 καὶ
3286 821 3368 876 τὰ
3393 819 3553 886 ἄλλας

1966 936 2161 1007 Ψυχῆς
2183 933 2239 986 δὲ
2277 929 2412 985 εἶναι
2445 929 2612 1002 μόνης
2667 922 2940 992 σωτηρίαν
2972 918 3128 990 φασὶ,
3154 916 3251 970 καὶ
3280 913 3416 984 οὐχὶ
3449 929 3556 967 σω-

1972 1046 2177 1100 ματων.

2040 1299 2110 1354 Ζ’.
2142 1299 2232 1350 Δεῖ
2280 1293 2457 1349 τοίνυν
2506 1288 2724 1348 τούτους
2769 1279 3095 1352 ἀνατρέπειν
3127 1270 3293 1327 παντὶ
3344 1268 3553 1323 σθένει.

1969 1391 2172 1463 Μηδεὶς
2201 1388 2307 1458 γὰρ
2338 1379 2739 1453 καταφρονείτω
2761 1374 2946 1441 λόγου,
2985 1367 3079 1425 ml.
3113 1364 3352 1436 μάλιστα
3398 1360 3556 1433 παρὰ

1970 1480 2299 1540 ἀπατεῶνος.
2341 1473 2478 1527 Ἀλλ’
2507 1470 2647 1524 εἴποι
2690 1482 2773 1528 τις
2806 1463 2899 1518 ἀν·
2930 1458 3005 1514 Ού
3034 1457 3144 1526 γάρ
3173 1454 3292 1506 ἐστι
3319 1450 3556 1523 φωρατά

1972 1544 2065 1628 καὶ
2125 1570 2334 1643 μωρίας
2373 1563 2622 1638 ἔμπλεα;
2667 1555 2805 1610 Ἀλλ’
2851 1550 2962 1606 ἔσθ’
2991 1549 3099 1617 ὅπη
3129 1543 3226 1598 καὶ
3260 1541 3335 1598 τὰ
3393 1539 3557 1612 μωρὰ

1973 1663 2149 1719 πείθει
2180 1661 2302 1723 τοὺς
2328 1659 2585 1728 ἄφρονας,
2617 1647 2857 1709 καὶτοὺς
2877 1639 3130 1703 συνετοὺς
3151 1634 3555 1710 παρατρέπει,

1974 1755 2067 1809 ἐὰν
2109 1752 2183 1824 μή
2240 1751 2388 1822 παρῇ
2438 1747 2468 1799 6
2503 1741 2628 1806 νοῦς
2681 1741 2711 1793 6
2759 1739 2819 1791 ὲν
2853 1737 2921 1807 τῇ
2955 1730 3181 1802 ἀληθείᾳ
3213 1726 3557 1798 ἠσκημένος.

1986 1843 2344 1917 Ἐμπεσόντος
2377 1838 2555 1893 τοίνυν
2581 1833 2676 1888 καὶ
2695 1829 2887 1884 τούτου
2918 1824 3013 1878 τοῦ
3041 1823 3288 1894 Σίμωνος
3329 1816 3560 1891 μαγείᾳ,

1977 1937 2072 1991 καὶ
2100 1936 2208 1990 τῶν
2231 1931 2456 1994 λοιπῶν,
2484 1931 2595 1992 τοῖς
2615 1925 2796 1986 αὐτοῖς
2821 1920 2916 1976 καὶ
2935 1916 3124 1972 τοῦτον
3149 1908 3561 1982 ἀνατρέψομεν.

1977 2028 2041 2084 El
2069 2027 2176 2099 γὰρ
2200 2028 2233 2095 ὴ
2269 2023 2543 2091 ἄγνωστος
2568 2018 2661 2071 καὶ
2692 2011 3129 2082 ἀκατονόμαστος
3147 2003 3383 2075 δύναμις
3406 1999 3565 2054 αἰτία

1977 2121 2199 2191 γέγονεν
2242 2115 2418 2170 ἀλλων
2472 2108 2740 2178 ἀγγέλων,
2790 2104 2825 2176 ἢ
2875 2101 3022 2156 ἔστιν
3065 2098 3261 2167 ἄγνοια
3303 2091 3466 2166 παρὰ
3493 2093 3565 2164 τῇ

1979 2212 2142 2282 αὐτῇ,
2189 2206 2435 2261 τουτέστι
2486 2200 2564 2273 τῷ
2615 2198 2783 2269 πατρὶ
2825 2194 2937 2249 τῶν
2975 2191 3133 2255 ὅλων,
3173 2190 3224 2243 εἰ
3251 2186 3332 2260 μὴ
3375 2184 3502 2258 ᾔδει
3527 2183 3568 2239 ἃ.

1982 2299 2233 2370 μέλλουσι
2282 2296 2540 2368 πράττειν
2580 2291 2627 2343 οί
2675 2286 2767 2341 ὑπ’
2800 2283 2965 2339 αύτοῦ
3020 2276 3568 2348 κατασκευαζόμενα

1979 2388 2217 2458 ἄγγελοι,
2248 2385 2540 2454 ἀγνοήσας,
2573 2380 2655 2433 ὅτι
2681 2370 3215 2447 ἀποοτήσονται,καὶ
3239 2368 3569 2440 ποιήσουσιν

1978 2481 2014 2534 ἃ.
2043 2481 2117 2552 μὴ
2149 2479 2311 2541 αὐτὸς
2336 2475 2614 2530 ἐδούλετο·
2646 2472 2681 2542 ἢ
2713 2467 2937 2532 τούτους
2996 2465 3097 2537 μὲν
3127 2462 3374 2532 ἐποίησε,
3391 2457 3570 2529 γινώ·

1982 2589 2124 2625 σκων
2139 2571 2219 2624 ὅτι
2236 2571 2550 2640 ποιήσουσιν
2570 2564 2598 2618 ὃ
2614 2561 2773 2625 αύτδς
2786 2559 2848 2614 οὐ
2867 2556 3137 2630 βούλεται,
3150 2554 3278 2627 παρ’
3292 2550 3478 2607 αύτιῦν
3503 2549 3570 2604 δὲ

1979 2665 2190 2733 γέγονε,
2227 2663 2322 2715 καὶ
2351 2660 2502 2714 ἔσται
2532 2656 2621 2710 διὰ
2660 2656 2760 2725 τῆς
2788 2648 3046 2721 γνώσεως
3072 2648 3163 2703 καὶ
3185 2642 3429 2706 εὐδοκίας
3454 2641 3559 2695 αὑ·

1977 2754 2075 2819 τὸς
2127 2753 2361 2824 ποιήσας
2392 2751 2428 2805 ἃ.
2485 2750 2679 2802 ἐκεῖνοι
2707 2742 3120 2816 τετολμήκασιν.
3145 2738 3209 2792 Et
3242 2733 3437 2794 τοίνυν,
3468 2729 3554 2791 ὡς

1980 2848 2261 2919 προεῖπον,
2288 2845 2552 2912 ἐγίνωσκε
2589 2841 2687 2910 μὲν
2721 2837 2757 2893 ἀ
2791 2836 3112 2908 ποιήσουσιν,
3143 2828 3240 2909 ούκ
3277 2820 3536 2893 ήόούλετο

1978 2940 2036 2992 δὲ
2087 2938 2175 2991 ἴνα
2226 2937 2511 3007 ποιήσωσι,
2562 2933 2670 2986 τίνι
2711 2930 2790 3002 τῷ
2836 2929 2975 2998 λόγῳ
3015 2924 3137 2984 τοὺς
3174 2911 3540 2999 πωηᾏᾶῑας

1980 3028 2171 3092 ἐποίει,
2201 3029 2281 3091 εἰς
2320 3026 2383 3079 τὸ
2415 3025 2675 3096 πράττειν
2710 3023 2746 3077 ἃ.
2793 3023 2869 3095 μὴ
2893 3017 3054 3082 αύτδς
3091 3004 3466 3093 ἐῦούλετοςῑὶἰ
3489 3002 3553 3059 δὶ

1980 3119 2142 3182 αὐτὸς
2180 3119 2276 3190 μὲν
2302 3117 2570 3187 πεποίηκε
2601 3117 2728 3179 τοὺς
2758 3113 3048 3182 ἀγγέλους,
3074 3109 3159 3163 ἵνα
3190 3103 3456 3176 ποιήσωσι
3483 3095 3560 3153 τὰ

1982 3211 2074 3263 ὑπ’
2126 3209 2305 3263 αὐτῶν
2349 3207 2633 3278 γινόμενα,
2680 3206 2789 3277 ἀρα
2834 3202 2997 3275 ἠθελε
3024 3195 3289 3270 γενέσθαι,
3319 3190 3404 3277 διδ
3457 3188 3563 3244 καὶ

1982 3303 2110 3365 τοὺς
2137 3301 2504 3372 πεποιηκότας
2538 3295 3055 3370 προκατεσκεύασεν
3103 3287 3379 3360 ἀγγᾶους.
3441 3281 3566 3337 Kat

1984 3393 2033 3444 εί
2084 3387 2592 3462 προκατεσκεύασεν
2639 3387 2720 3450 είς
2763 3384 2823 3438 τὸ
2868 3383 3118 3454 ποιῆσαι,
3144 3369 3476 3448 ἀπαγορεύει
3505 3370 3568 3426 δὲ

1984 3482 2053 3535 τὰ
2085 3482 2176 3535 ύπ·
2210 3481 2388 3535 αὐτῶν
2407 3479 2693 3550 γενόμενα,
2722 3473 3061 3545 συκοφαντία
3101 3471 3168 3527 ἂν
3190 3470 3276 3541 εἴη
3301 3468 3362 3522 ἐν
3389 3463 3561 3539 μέσῳ.

1987 3575 2049 3626 ΕΞ
2099 3573 2157 3628 δὲ
2185 3572 2480 3645 συνεχώρει
2509 3573 2606 3640 μὲν
2631 3569 2725 3624 τοῦ
2758 3570 2934 3622 ποιεῖν
2978 3564 3200 3628 αὐτοὺς,
3231 3558 3480 3633 βούλεται
3501 3550 3566 3611 ἃ

1985 3664 2055 3718 τὰ
2092 3664 2185 3717 ὑπ’
2239 3663 2418 3718 αὐτῶν
2454 3663 2741 3734 γενόμενα,
2793 3661 3067 3714 τουτέστιν
3101 3654 3428 3728 ἀνθρώπους
3469 3649 3570 3707 καὶ

1985 3757 2183 3828 ψυχὰς,
2240 3756 2403 3810 πάλιν
2449 3755 2583 3828 πρὸς
2630 3751 2822 3807 ἑαυτὸν
2851 3746 3256 3819 ἀναλαμὸἀνειν
3298 3739 3570 3815 παράτήν

1987 3852 2189 3904 τούτων
2219 3848 2504 3922 βούλησιν·
2542 3848 2651 3918 ἀρα
2683 3845 2836 3901 ἔσται
2877 3840 3158 3905 πλεονεξία
3180 3841 3238 3893 ἐν
3270 3837 3444 3910 μέσῳ,
3472 3833 3564 3888 καὶ

1988 3941 2135 3994 οὐδὲν
2173 3942 2384 4013 ἓτερον,
2438 3937 2838 4012 ἁρπαζομένων
2879 3934 2988 3988 τῶν
3034 3932 3139 3986 ὑπὸ
3177 3930 3288 3985 τῶν
3320 3927 3566 3998 ἀγγέλων

1989 4029 2290 4102 ἀνθρώπων
2324 4031 2429 4084 ὑπὸ
2456 4030 2550 4082 τοῦ
2591 4028 2702 4083 ἄνω
2732 4026 2882 4100 παρὰ
2925 4026 3027 4098 τὴν
3058 4022 3262 4077 τούτων
3286 4020 3569 4094 βούλησιν.

2002 4120 2162 4174 Ἀλλὰ
2185 4121 2277 4174 καὶ
2307 4121 2564 4192 ἀδράνεια
2590 4118 2674 4193 είη
2695 4135 2710 4149 ·
2739 4118 2950 4188 ἐπειδὴ,
2986 4119 3062 4189 μὴ
3080 4115 3243 4180 αὐτὸς
3272 4113 3575 4185 δυνάμενος

1992 4207 2185 4263 ἑαυτοῦ
2199 4211 2388 4275 ποιεῖν,
2402 4208 2716 4282 ἀρπάζειτά
2733 4207 2837 4262 owe
2850 4207 2961 4262 τῶν
2973 4207 3064 4261 ὑπ’
3078 4204 3243 4260 αὑτοῦ
3256 4203 3574 4275 γενομένων

1991 4299 2274 4372 γενόμενα.
2295 4302 2405 4355 Καὶ
2431 4301 2582 4356 ἔσται
2604 4302 2789 4359 λοιπὸν
2808 4301 2975 4375 μῦθος
2989 4300 3083 4354 καὶ
3106 4295 3441 4371 μωρολογία,
3461 4292 3572 4349 τῶν

1995 4394 2093 4465 μὲν
2128 4393 2277 4447 κάτω
2328 4393 2609 4466 δυνάμεων
2660 4393 2964 4467 ύπερδῆναι
2997 4392 3123 4454 τοὺς
3157 4392 3216 4444 ὲν
3242 4387 3414 4459 μέσῳ,
3442 4383 3573 4447 τοὺς

1993 4485 2051 4538 δὲ
2088 4486 2147 4537 ἐν
2202 4484 2351 4556 μέσῳ
2393 4485 2752 4557 τιμωρείσθαι
2795 4485 3002 4547 αἰτίους
3050 4481 3209 4543 ὄντας
3236 4476 3350 4531 τῶν
3375 4475 3569 4530 κάτω·

1992 4575 2086 4628 καὶ
2115 4575 2242 4638 τοὺς
2291 4574 2443 4628 κάτω
2472 4573 2612 4645 ὑπὲρ
2641 4573 2769 4636 τοὺς
2814 4571 3011 4644 μέσους
3041 4567 3178 4640 πρὸς
3203 4565 3296 4619 τὸν
3316 4563 3432 4618 ἀνω
3465 4557 3576 4614 σώ-

1991 4664 2200 4729 ζεσθαι,
2241 4663 2335 4717 καὶ
2365 4661 2799 4732 ἐλευθεροῦσθαί,
2849 4659 2995 4728 λέγω
3021 4657 3088 4728 δὴ
3116 4653 3218 4717 τὰς
3242 4649 3423 4722 ψυχὰς
3458 4646 3573 4702 τῶν

1988 4758 2047 4809 ἐν
2071 4755 2196 4827 τῇδε
2234 4757 2300 4825 τῇ
2321 4754 2516 4808 κτίσει.
2567 4753 2666 4825 Είη
2708 4752 2753 4806 δ’
2784 4751 2852 4806 ἂν
2882 4753 2912 4805 6
2942 4750 3042 4821 μὲν
3076 4747 3189 4801 ἀνω
3223 4743 3299 4815 μὴ
3319 4739 3574 4812 δυνηθεὶς

1990 4849 2216 4920 ποιῆσαι
2260 4845 2493 4917 ἀσθενὴς
2540 4844 2878 4917 κρινόμενος,
2915 4843 2963 4895 ol
3013 4841 3070 4895 δὲ
3095 4834 3380 4892 ὑπἀὐτοῦ
3417 4832 3575 4903 γενό·

1993 4956 2143 5011 μενοι
2177 4938 2464 5010 δυνάμενοι
2529 4937 2751 5007 ποιῆσαι
2782 4935 2818 4989 ἃ.
2855 4935 3017 4997 αὐτὸς
3041 4933 3139 5005 μὲν
3181 4930 3284 4984 οὐκ
3317 4925 3576 4981 sensuve

1990 5034 2084 5088 ml.
2118 5033 2220 5087 οὐκ
2250 5031 2502 5103 ἠδύνατο.
2529 5031 2606 5084 Οὐ
2633 5027 2742 5101 γὰρ
2763 5026 2986 5082 δύναται
3009 5024 3045 5080 ἀ
3065 5027 3271 5087 ἐκεῖνος
3301 5021 3415 5093 (92)
3446 5021 3580 5074 ἐπι-

1989 5124 2166 5192 ποθεῖ,
2196 5120 2335 5178 εἶναι
2361 5122 2509 5192 αύτῷ
2537 5121 2726 5186 κακὸν,
2760 5119 2880 5174 οὐδὲ
2903 5118 3010 5172 ὑπὸ
3035 5115 3222 5172 κακῶν
3264 5113 3574 5183 γεγονέναι.

1989 5219 2054 5273 Εἰ
2107 5216 2216 5289 γὰρ
2271 5212 2341 5288 ἦν
2394 5215 2583 5282 κακὸν,
2635 5214 2801 5287 ἐχρῆν
2848 5210 3204 5267 ἀπόλλυσθαι.
3240 5208 3305 5262 Εἰ
3337 5205 3398 5259 δὲ
3429 5204 3576 5269 ὅλως

1991 5364 2246 5436 alterum.
2270 5371 2326 5426 in
2348 5369 2617 5426 malorum
2645 5384 2842 5442 genere
2862 5368 3077 5426 censeri
3102 5368 3390 5431 mundum,
3417 5381 3576 5437 quia-

1990 5458 2098 5514 que
2124 5442 2328 5497 mundo
2358 5442 2711 5496 continentur
2736 5440 3011 5495 universa.
3038 5437 3348 5509 Utrumque
3369 5439 3573 5508 dogma

1991 5513 2331 5584 Epiphanius
2376 5511 2681 5582 impugnat.
2731 5508 2976 5564 Primum
3006 5508 3261 5578 quidem;
3298 5509 3446 5578 quod
3496 5522 3572 5563 ex

1990 5599 2057 5639 eo
2110 5596 2459 5651 consequens
2517 5587 2603 5635 est
2623 5618 2641 5643 ,
2700 5578 3114 5635 imbecilliorem
3169 5582 3394 5650 ⁸angelis
3441 5592 3572 5633 esse

1959 5652 2186 5723 „Deum
2215 5651 2464 5706 Alterum
2500 5664 2649 5716 vero,
2680 5649 2828 5718 quod
2855 5665 2979 5705 cum
3016 5665 3143 5722 pars
3174 5650 3359 5720 aliqua
3394 5650 3573 5703 totius

1994 5721 2383 5779 universitatis
2417 5719 2651 5777 salutem
2678 5719 2943 5788 obtineat,
2980 5736 3091 5780 non
3123 5722 3358 5792 possita
3388 5719 3574 5776 bono·

1994 5808 2116 5852 rum
2150 5804 2350 5865 genere
2382 5789 2601 5862 penitus
2633 5789 2871 5847 excludi.
