3850 6517
290 478 395 534 889

291 601 499 672 αἵρεσις
534 596 694 669 ἑτέρα
718 635 734 660 ,
759 594 945 667 ὥσπερ
984 597 1213 667 ἑρπετὸν
1237 598 1458 663 ἀσθενὲς

291 708 379 744 νον
408 691 679 759 ἀντισχεῖν
715 688 850 759 πρὸς
877 689 974 759 τὴν
1016 687 1189 760 ὀσμὴν
1224 691 1318 760 τῆς
1363 691 1659 763 δικτάμνου
1687 734 1702 756 ,
1739 697 1857 766 ἤτοι

292 782 598 854 στύρακος,
641 780 675 850 ἢ
723 778 1069 843 λιὸανίτιδος,
1112 780 1145 849 ἢ
1184 783 1281 851 τῆς
1334 782 1625 853 ἀθροτόνου
1654 823 1669 847 ,
1699 785 1731 854 ἢ
1760 787 1859 855 τῆς

292 874 471 943 ὀσμῆς
498 871 593 925 τοῦ
622 871 893 939 ἀσφάλτου
914 911 931 936 ,
982 872 1015 942 ἢ
1049 872 1140 925 τοῦ
1172 872 1513 944 θυμιάματος
1531 916 1548 941 ,
1596 875 1628 945 ἥ
1659 876 1751 929 τοῦ
1780 877 1859 930 λί-

297 966 391 1019 θου
444 963 539 1017 τοῦ
570 964 809 1033 γαγάτου
859 963 971 1033 (13)
992 1002 1006 1025 ‚
1039 964 1072 1035 ἢ
1127 964 1220 1017 τοῦ
1253 966 1480 1037 κέρατος
1510 968 1606 1037 τῆς
1638 959 1856 1035 ἐλάφου.

296 1057 429 1109 Φασὶ
457 1055 565 1126 γὰρ
611 1056 661 1107 οἱ
699 1057 757 1108 ὲν
786 1052 1040 1124 συνηθείᾳ
1090 1056 1373 1123 γεγονότες
1407 1058 1502 1110 καὶ
1536 1057 1623 1111 διὰ
1665 1060 1860 1129 πείρας

296 1147 497 1201 τούτων
517 1144 690 1199 ταῦτα
717 1144 786 1198 τὰ
816 1146 928 1215 εἴδη
963 1145 1299 1199 ἀπελαστικὰ
1330 1144 1466 1201 εἶναι
1495 1149 1736 1218 ἑρπετῶν
1764 1150 1860 1203 καὶ

301 1236 535 1291 ῑοὸόλων.
570 1234 679 1289 Καὶ
711 1235 812 1305 τήν
848 1236 946 1306 μὲν
965 1235 1253 1306 δίκταμνόν
1294 1254 1439 1302 τινες
1471 1240 1725 1293 καλοῦσιν
1754 1240 1861 1293 ἀπὸ

294 1331 388 1383 τοῦ
439 1330 565 1392 τοὺς
609 1328 802 1392 παῖδας
836 1327 944 1381 τῶν
987 1329 1185 1399 ἰατρῶν
1230 1330 1525 1400 κεχρῆσθαι
1564 1331 1731 1402 ταύτῃ
1781 1333 1861 1395 εἰς

296 1422 392 1493 τήν
425 1420 534 1473 τῶν
573 1419 871 1472 τικτουσῶν
921 1420 1194 1488 γυναικῶν
1244 1421 1515 1491 βοήθειαν.
1556 1424 1716 1476 Ὥστε
1767 1424 1861 1493 ἀφ’

295 1511 453 1580 ήμῶν
480 1510 703 1572 εἰκότως
732 1508 1124 1572 ἀπεικάζεσθαι
1160 1512 1241 1573 εἰς
1283 1511 1373 1563 τὸν
1401 1511 1604 1565 ἄνωθεν
1642 1512 1862 1566 ἐλθόντα

298 1601 489 1668 Λόγον,
520 1600 651 1653 Θεὸν
697 1600 804 1652 ἀπὸ
830 1600 939 1652 τῶν
967 1600 1301 1668 ἐπουρανίων
1319 1639 1335 1665 ,
1361 1603 1425 1654 ὲκ
1464 1603 1673 1670 Πατρὸς
1704 1602 1865 1673 ἀχρό-

300 1708 404 1753 νως
435 1691 527 1743 καὶ
565 1691 815 1761 ἀνάρχως
843 1692 1256 1761 γεγεννημένον.
1312 1692 1449 1761 Φησὶ
1492 1691 1601 1763 γάρ
1633 1695 1661 1745 ό
1710 1692 1865 1745 Σολο-

303 1780 418 1849 μὼν
471 1781 597 1852 περὶ
647 1781 744 1851 τῆς
781 1781 1010 1849 ἄφρονος
1067 1784 1161 1834 καὶ
1205 1780 1413 1850 φαύλης
1461 1782 1751 1849 γυναικὸς,
1783 1783 1864 1835 ὅτι

300 1871 480 1925 Μισεΐ
510 1872 695 1941 λόγον
725 1872 1081 1939 ἀσφαλείας.
1116 1870 1301 1936 Οῦτως
1333 1871 1425 1925 καὶ
1456 1867 1600 1925 οὗτοι
1642 1871 1711 1926 τὰ
1749 1889 1866 1925 στε-

300 1963 399 2033 ρεά
432 1962 525 2015 τοῦ
563 1961 914 2033 κηρύγματος
968 1961 1340 2031 μεμισήκασιν
1367 2000 1381 2023 ,
1431 1962 1661 2029 ἐπίγειοι
1692 1960 1864 2025 ὄντες,

299 2056 391 2106 καὶ
420 2054 555 2125 πρὸς
587 2053 655 2106 τά
684 2053 980 2122 ἐπουράνια
1019 2051 1465 2123 ἀπεχθανόμενοι.
1498 2051 1657 2104 Ὅθεν
1705 2051 1868 2103 δεδιό·

299 2165 387 2210 τες
409 2147 507 2218 τὴν
539 2145 719 2216 φωνὴν
744 2144 837 2198 τοῦ
870 2144 1025 2212 ἁγίου
1059 2144 1373 2214 Πνεύματος
1394 2183 1408 2208 ,
1438 2142 1535 2213 τὴν
1569 2142 1830 2211 λέγουσαν
1848 2157 1862 2172 ·

300 2236 469 2305 Φωνὴ
496 2236 713 2304 Κυρίου
742 2232 1196 2303 καταρτιζομένη
1232 2231 1502 2301 ἐλάφους
1520 2247 1535 2263 ·
1573 2231 1667 2285 τοῦ
1690 2234 1869 2285 εἰπόν·

304 2348 388 2392 τος
420 2332 530 2391 τοῖς
554 2327 716 2382 αὐτοῦ
753 2327 957 2390 δούλοις
984 2327 1078 2379 καὶ
1104 2325 1418 2390 ἀποστόλοις
1437 2342 1452 2355 ·
1500 2323 1660 2379 Ἰδοὺ
1692 2323 1872 2378 δέδω-

305 2435 379 2471 κα
430 2417 570 2485 ὑμῖν
622 2417 735 2485 τὴν
769 2415 1060 2479 ἐξουσίαν
1096 2414 1306 2467 πατεῖν
1352 2414 1446 2467 ἐπὶ
1512 2413 1710 2482 ὄφεις,
1769 2411 1871 2465 καὶ

305 2507 633 2577 σκορπίους
663 2545 679 2571 ,
741 2505 843 2558 καὶ
894 2506 993 2558 ἐπὶ
1052 2504 1258 2559 πᾶσαν
1301 2504 1416 2574 τὴν
1464 2504 1719 2573 δύναμιν
1765 2502 1871 2557 τοῦ

305 2598 537 2667 ἐχθροῦ.
564 2596 712 2668 Αὕτη
737 2596 844 2668 γάρ
882 2592 951 2665 ἦν
975 2597 1009 2665 ἡ
1039 2595 1245 2666 φωνὴή
1280 2594 1715 2666 καταρτιζομένη
1745 2594 1871 2648 ἐλά-

304 2708 435 2759 φους
458 2734 471 2756 ,
505 2691 538 2760 ἠ
565 2689 776 2742 δοθεῖσα
822 2690 902 2751 εἰς
933 2688 1023 2741 τὸν
1046 2687 1249 2757 κόσμον
1285 2685 1373 2739 διά
1401 2686 1509 2739 τῶν
1542 2685 1709 2755 ἁγίων
1737 2687 1874 2739 ἀπο-

304 2781 504 2833 στόλων
530 2779 623 2833 καὶ
649 2777 1067 2847 εύαγγελιστῶν,
1099 2776 1485 2848 καταπατῆσαι
1513 2775 1611 2847 τὴν
1638 2774 1732 2828 τοῦ
1757 2774 1873 2828 δια·

304 2870 456 2921 δόλου
500 2868 871 2939 ἐναντιότητα.
916 2866 1007 2933 Ἐξ
1059 2860 1135 2920 ὧν
1165 2868 1194 2919 ό
1217 2866 1371 2934 ἅγιος
1405 2864 1659 2931 Ἰωάννης
1706 2864 1890 2935 &apd-

302 2976 442 3012 τατα
486 2958 786 3031 ἐπέστησε,
819 2957 914 3011 καὶ
943 2956 1191 3027 διήλεγξε
1240 2954 1334 3026 τήν
1365 2954 1593 3024 δύναμιν
1625 2949 1732 3005 τῶν
1779 2968 1876 3005 πε-

303 3051 684 3123 πλανημένῳ,
713 3050 808 3104 καὶ
836 3049 1207 3121 όφιομόρφων.

372 3143 449 3196 13⁰.
504 3139 662 3195 Ἀλλὰ
687 3141 789 3195 οὐκ
824 3139 1097 3211 ἰσχύουσιν
1127 3140 1184 3192 ὲν
1209 3140 1274 3208 τῇ
1312 3133 1531 3206 κι6ωτῷ
1551 3137 1601 3190 οἱ
1623 3136 1872 3191 τοιοῦτοι.

960 477 1326 537 ADVERSUS
1366 482 1709 541 HAERESES
1745 486 1873 543 Lm.
1918 488 1979 545 ll.
2020 491 2184 546 Tmt.
2225 492 2268 547 1.
2301 523 2373 537 -
2402 490 2673 549 nAERES.
2715 492 2803 548 Li.

3416 495 3523 555 890

1470 639 1485 664 9
1523 603 1596 673 μὴ
1626 602 1853 673 δυνάμε·
1882 613 1930 669 Α
1959 609 2051 677 qui
2081 609 2363 672 dictamni,
2395 612 2476 665 vel
2508 610 2761 680 styraci5‚
2789 616 2879 662 aut
2899 608 3233 671 libanitidis,·
3247 616 3341 664 aut
3370 611 3527 664 abro-

1961 700 2098 765 toni,
2121 709 2214 753 aut
2248 701 2551 765 bituminis,
2581 710 2674 755 aut
2704 699 2933 762 suffitus,
2962 709 3053 754 aut
3080 708 3282 769 gagatae
3307 700 3523 771 lapidis.

1961 799 2055 844 aut
2097 792 2329 861 denique
2376 793 2580 846 cervini
2620 808 2793 847 cornu
2827 792 3046 847 odorem
3102 807 3212 847 non
3267 792 3523 845 sustinet.

1962 879 2058 937 llis
2085 882 2229 936 enim
2259 882 2419 937 rebus
2447 891 2726 951 serpentes
2757 900 2819 938 ac
2858 890 3150 938 venenatas
3181 882 3383 938 bestias
3408 882 3525 935 abi·

1959 976 2011 1045 gi
2062 974 2335 1043 proditum
2381 973 2448 1027 ab
2498 973 2566 1028 iis
2598 982 2701 1037 est,
2734 976 2825 1043 qui
2861 976 2912 1029 id
2949 990 3049 1029 usu
3085 973 3528 1044 experientiaque

1960 1064 2288 1118 didicerunt.
2312 1062 2465 1129 Quod
2495 1078 2624 1116 vero
2655 1064 2721 1116 ad
2750 1063 3083 1118 dictamnum
3116 1063 3369 1133 pertinet,
3400 1062 3526 1117 inde

1960 1167 2081 1205 esse
2124 1152 2328 1204 dictum
2375 1150 2618 1221 plerique
2652 1159 2911 1213 censent,
2950 1150 3094 1221 quod
3129 1150 3195 1204 ad
3224 1150 3529 1220 partui-len..

1961 1243 2094 1297 tium
2146 1241 2384 1297 remedia
2422 1256 2453 1295 a
2490 1241 2716 1297 medicis
2762 1240 3068 1295 adhibetur.
3109 1239 3288 1307 Quare
3336 1241 3526 1296 merito

1963 1332 2016 1386 id
2042 1330 2225 1385 divino
2257 1329 2457 1394 Verbo,
2489 1328 2618 1392 Deo,
2639 1329 2878 1398 inquam,
2899 1330 2990 1398 qui
3018 1328 3085 1382 de
3109 1328 3248 1384 coelo
3272 1329 3528 1397 delapsus

1961 1431 2044 1478 cst
2063 1462 2078 1486 ‚
2107 1429 2161 1478 et
2192 1437 2223 1476 a
2253 1420 2414 1476 Patre
2439 1421 2558 1476 sine
2581 1421 2694 1474 ullo
2724 1430 2963 1487 tempore
2986 1427 3092 1482 est,
3132 1425 3225 1472 aut
3252 1418 3409 1472 initio
3436 1432 3530 1488 ge·

1963 1512 2130 1576 nitus,
2166 1527 2196 1564 a
2236 1512 2396 1567 nobis
2418 1511 2881 1566 accommodatur.
2915 1509 3072 1577 Quod
3101 1525 3228 1565 vero
3268 1511 3525 1565 Salomon

1964 1603 2032 1658 de
2070 1603 2268 1658 stolida
2310 1617 2376 1657 ac
2424 1617 2655 1672 nequam
2687 1601 2914 1657 muliere
2945 1601 3119 1665 dicit,
3165 1600 3346 1656 odisse
3381 1600 3533 1654 illam

1965 1696 2276 1752 securitatis
2330 1682 2669 1760 ser'monem;
2702 1694 2806 1751 boe
2833 1694 2900 1748 ad
2940 1694 3078 1749 istos
3124 1692 3406 1748 transferri
3440 1708 3530 1762 po·

1965 1795 2093 1853 test,
2134 1785 2226 1855 qui
2263 1785 2492 1841 solidam
2520 1800 2584 1839 ac
2609 1791 2950 1840 constantem
2983 1783 3284 1838 doctrinam
3313 1783 3543 1852 penitus-

1966 1876 2218 1932 odcrunt.
2249 1874 2429 1929 Terrae
2454 1872 2718 1943 siquidem
2754 1873 2892 1928 affixi
2933 1879 3060 1926 sunt
3083 1910 3099 1936 ,
3125 1880 3180 1926 et
3216 1887 3246 1924 a
3294 1871 3525 1926 coelesti·
3556 1876 3565 1884 ‘

1966 1969 2070 2023 lius
2094 1968 2408 2022 abhorrent.
2434 1964 2668 2034 ideoque
2705 1978 2892 2018 vocem
2920 1963 3065 2016 illam
3098 1963 3270 2017 saneti
3296 1961 3533 2031 Spiritus

1968 2058 2429 2127 perhorrescunt:
2480 2054 2593 2109 Voa:
2637 2054 2852 2107 Domini
2895 2055 3245 2123 praeparantis
3282 2069 3456 2107 cervos
3487 2054 3529 2115 ’ς

1968 2148 2059 2217 qui
2099 2147 2316 2216 quidem
2343 2146 2516 2202 servis
2542 2147 2660 2201 suis
2688 2152 2744 2201 et
2770 2146 3030 2215 apostolis
3052 2146 3221 2199 dixit:
3251 2144 3385 2199 Ecce
3411 2144 3535 2200 dedi

1969 2237 2110 2290 vobis
2142 2244 2450 2305 potestatem
2480 2235 2725 2289 calcandi
2752 2250 2907 2302 super
2934 2245 3194 2303 serpentes
3222 2244 3273 2288 et
3302 2237 3535 2304 scorpio·

1970 2343 2059 2382 nes
2079 2365 2095 2390 ,
2139 2337 2187 2381 et
2227 2343 2386 2396 super
2408 2342 2613 2381 omnem
2640 2327 2881 2380 virtutem
2911 2327 3113 2380 inimici
3142 2327 3185 2379 ³.
3228 2324 3353 2380 llaec
3388 2327 3541 2380 eninr

1970 2418 2062 2473 illa
2103 2433 2207 2472 vox
2237 2427 2355 2474 erat
2393 2432 2584 2473 cervos
2617 2431 2928 2487 praeparans
2950 2459 2966 2481 ‚
3010 2432 3135 2486 quse
3171 2432 3266 2485 per
3313 2425 3535 2472 sanctos

1973 2510 2252 2581 apostolos
2280 2517 2335 2564 et
2382 2509 2746 2579 evangelistas
2785 2522 2882 2578 per
2907 2506 3094 2561 orbem
3123 2513 3206 2561 est
3247 2505 3536 2575 dissipata.

1975 2602 2054 2656 uti
2090 2601 2293 2655 diaboii
2327 2600 2542 2655 hostilis
2571 2600 2638 2654 ad
2674 2597 3085 2668 repugnandum
3117 2595 3200 2651 vis
3226 2604 3281 2650 et
3308 2596 3534 2651 audacia

1973 2694 2403 2764 proculcaretur.
2441 2688 2544 2744 Sed
2584 2704 2651 2744 ex
2706 2688 3071 2759 apostolorum
3126 2702 3354 2741 numero
3401 2702 3542 2756 prae-

1975 2786 2132 2855 cipue
2166 2782 2405 2837 loannes
2441 2780 2691 2846 exstitit,
2720 2779 2816 2849 qui
2847 2780 3086 2834 animum
3117 2777 3405 2833 intendens
3432 2791 3540 2832 σε·

1975 2887 2164 2928 corum
2197 2872 2451 2934 istorum,
2483 2884 2546 2924 ac
2575 2867 2919 2938 serpentibus
2949 2867 3206 2923 similium
3244 2866 3537 2936 potentia-

1976 2962 2317 3034 reprimeret.

2045 3132 2208 3206 423
2243 3094 2311 3189 ll.
2350 3133 2671 3203 Quanquam
2695 3130 2830 3186 nihil
2857 3132 3120 3188 adversus
3152 3146 3334 3187 arcam
3372 3146 3541 3186 cena·

315 3232 699 3303 Ἐπιτρέπεται
730 3232 842 3302 γάρ
872 3232 901 3283 ὁ
942 3230 1095 3297 ἅγιος
1125 3227 1249 3281 Νῶε
1298 3226 1435 3283 κατὰ
1478 3227 1541 3280 τὸ
1575 3226 1727 3299 ῥῆμα
1759 3228 1875 3281 Ku-
1900 3256 1946 3318 C
1978 3232 2067 3280 tus
2098 3225 2326 3279 istorum
2358 3223 2589 3293 prolicit.
2621 3220 2795 3288 Quam
2831 3221 2953 3278 ideo
2998 3223 3210 3279 munire
3236 3239 3300 3276 ac
3327 3222 3544 3279 firmare

308 3324 421 3395 ρίου
467 3321 939 3392 ἑπασφαλίσασθαι
978 3320 1074 3389 τήν
1112 3319 1399 3389 τοιαύτην,
1446 3317 1522 3381 ὡς
1563 3318 1698 3387 φησὶ
1738 3317 1877 3389 πρὸς

305 3416 464 3470 αὐτόν
481 3433 495 3447 ·
547 3413 990 3483 Ἀσφαλτώσεις
1016 3410 1211 3479 αὐτὴν
1233 3409 1484 3475 ἔσωθεν,
1507 3409 1607 3464 καὶ
1634 3409 1876 3473 ἔξωθεν·

307 3508 394 3561 ἴνα
421 3506 572 3583 δείξῃ
598 3507 660 3562 τὸ
683 3503 825 3569 εἶδος
850 3505 949 3575 τῆς
988 3502 1150 3571 ἁγίας
1199 3501 1308 3573 (14)
1345 3500 1441 3555 τοῦ
1470 3499 1604 3553 Θεοῦ
1649 3500 1880 3571 Ἐκκλη-

307 3599 429 3662 σίας
446 3636 464 3663 ,
491 3595 723 3669 ἐχούσης
751 3600 855 3669 τῆς
884 3594 1157 3665 ἀσφάλτου
1185 3593 1285 3663 τὴν
1322 3592 1551 3662 δύναμιν
1569 3632 1585 3659 ,
1612 3591 1711 3662 τὴν
1747 3591 1885 3643 ἀπο·

302 3689 600 3744 διώκουσαν
626 3689 695 3743 τὰ
721 3688 871 3741 δεινὰ
899 3688 995 3739 καὶ
1022 3686 1278 3752 ὁλετήρια
1302 3682 1583 3752 ἑρπετώδη
1616 3681 1882 3750 διδάγμα-

303 3800 390 3835 τα.
431 3783 606 3831 Ὅπου
655 3778 766 3844 γὰρ
803 3775 1063 3841 θυμιᾶται
1107 3774 1143 3838 ἡ
1179 3770 1484 3838 ἄσφαλτος,
1534 3770 1636 3822 οὐκ
1678 3768 1884 3840 ἰσχύσει

308 3871 500 3938 στῆναι
543 3868 685 3935 δφις.
729 3864 1006 3933 Ἐκάρωσε
1035 3861 1212 3917 τοίνυν
1246 3863 1469 3924 τούτους
1508 3861 1569 3914 τὸ
1606 3861 1758 3929 ἅγιον
1789 3861 1883 3916 θυι·

312 3961 489 4031 pean:
532 3956 626 4010 τοῦ
663 3955 960 4027 στύρακος,
995 3954 1090 4007 καὶ
1121 3951 1513 4024 παραιτοῦνται
1552 3950 1741 4006 τούτου
1782 3951 1882 4022 τὴν

310 4049 476 4116 ὀδμήν
496 4086 510 4109 ,
542 4048 634 4101 καὶ
674 4046 774 4117 τῆς
805 4043 1096 4115 ἀδροτόνου
1122 4084 1137 4109 ,
1172 4042 1348 4096 είτουν
1378 4041 1699 4105 λιδανίτιδος
1730 4044 1766 4113 ἡ
1794 4040 1883 4095 δύ-

314 4155 474 4206 ναμις
492 4176 506 4201 ,
536 4139 654 4191 κατ’
682 4135 847 4189 αὑτοῦ
880 4136 973 4188 τοῦ
1004 4135 1179 4204 ὄφεως
1208 4133 1544 4203 ὲπιφύσασα,
1574 4134 1668 4187 1ιαῖΙ
1684 4132 1882 4202 ,ἐπάνω

311 4231 402 4283 τοῦ
455 4228 661 4298 φωλεοῦ
717 4226 880 4280 αὑτοῦ
933 4226 1363 4296 ὲκδλαστήσασα.
1420 4224 1588 4278 Ἔνθα
1639 4224 1747 4295 γὰρ
1790 4223 1881 4277 τὸν

311 4322 542 4390 Χριστὸν
572 4322 635 4373 ὲκ
665 4318 1005 4390 παρατριὸἦς
1035 4317 1188 4388 ψιλὸν
1218 4316 1500 4387 ἄνθρωπον
1528 4316 1823 4386 ἐκήρυττεν
1853 4316 1882 4367 ό

322 4410 514 4464 ’1-36ίων
541 4410 637 4463 καὶ
664 4411 694 4462 ὁ
725 4408 1023 4479 Κήρινθος,
1077 4408 1171 4460 καὶ
1216 4408 1266 4459 οἱ
1301 4407 1439 4477 ἀμφ’
1473 4406 1704 4468 αὐτοὺς,
1739 4406 1883 4475 φημὶ

308 4502 365 4555 δὲ
403 4502 461 4554 ὲν
502 4504 569 4572 τῇ
614 4499 805 4569 Ἀσίᾳ,
842 4498 959 4552 ἐκεῖ
992 4497 1053 4551 τὸ
1096 4494 1321 4567 Πνεῦμα
1364 4495 1427 4548 τὸ
1460 4494 1612 4562 ἅγιον
1641 4491 1881 4546 ἀνέτειλε

1981 3320 2203 3368 sanctus
2248 3308 2361 3365 Noe
2409 3309 2594 3365 divina
2641 3324 2776 3365 voce
2820 3319 3218 3365 commonetur.
3259 3309 3351 3365 Sic
3396 3313 3541 3367 enim

1981 3402 2122 3459 Deus
2150 3402 2424 3473 praecipit:
2458 3401 2636 3457 Liuias
2664 3416 2781 3456 eam
2807 3399 3060 3455 bitumine
3092 3403 3234 3456 intus
3262 3412 3313 3456 et
3343 3403 3474 3470 [oris
3495 3404 3540 3460 ⁸.

1980 3490 2051 3548 Ut
2070 3502 2274 3550 sanctae
2305 3492 2400 3549 Dei
2424 3492 2680 3549 Ecclesiae
2707 3492 2944 3563 speciem
2978 3493 3260 3564 praeberet,
3311 3509 3432 3563 quae
3456 3495 3543 3549 bi-

1980 3586 2204 3642 tuminis
2231 3586 2341 3643 vim
2390 3585 2588 3649 babet,
2615 3598 2723 3655 qua
2750 3584 3061 3654 perniciosa
3089 3600 3154 3639 ae
3184 3584 3393 3641 letifera
3424 3601 3541 3641 ser·

1980 3683 2203 3745 pentum
2260 3676 2509 3743 dogmata
2564 3674 2971 3743 propulsantur.
3028 3671 3348 3743 Ubicunque
3395 3674 3542 3728 enim

1981 3767 2223 3822 bitumen
2256 3762 2496 3827 suffiunt,
2524 3764 2708 3817 nullus
2730 3762 2806 3817 ibi
2830 3776 3054 3833 serpens
3101 3771 3368 3820 moratur.
3400 3762 3546 3831 Quin

1981 3857 2143 3912 etiam
2165 3864 2356 3911 sancto
2390 3853 2624 3925 styracis
2649 3852 2840 3908 nidore
2873 3854 3182 3923 sopiuntur,
3220 3854 3379 3923 cujus
3409 3856 3546 3911 odo·

1981 3963 2096 4004 rem
2130 3946 2376 4017 fugiunt,
2412 3955 2472 4001 ut
2506 3953 2560 4001 et
2599 3944 2888 4011 abrotoni,
2923 3946 3038 4001 sive
3078 3946 3378 4003 libanitidis
3413 3947 3545 4013 vim,

1982 4037 2028 4093 si
2058 4051 2222 4107 supra
2250 4036 2520 4107 serpentis
2557 4034 2840 4090 latibulum
2887 4038 3098 4092 consita
3142 4038 3343 4103 suerit,
3387 4048 3548 4108 atque

1981 4118 2280 4198 pullularit.
2312 4124 2525 4179 Etenim
2563 4124 2754 4181 iisdem
2795 4123 2903 4178 illis
2954 4124 3009 4179 in
3040 4125 3176 4182 locis
3197 4164 3214 4190 ‚
3265 4128 3320 4182 in
3346 4129 3547 4199 quibus

1981 4216 2188 4273 nudum
2219 4215 2527 4279 bominem,
2582 4223 2637 4270 et
2681 4231 2745 4271 ex
2799 4217 3084 4285 utriusque
3121 4233 3286 4274 sexus
3314 4220 3547 4289 conjun-

1982 4308 2162 4362 ctione
2211 4292 2389 4360 satum
2445 4318 2569 4359 esse
2610 4303 2888 4358 Christum
2918 4302 3092 4360 Ebion
3140 4316 3195 4361 ct
3249 4306 3545 4364 cerinthus

1982 4412 2107 4452 cuin
2137 4395 2252 4451 suis
2279 4409 2524 4451 asserere
2553 4394 2674 4449 ausi
2709 4402 2873 4460 sunt,
2912 4396 3019 4451 boc
3044 4403 3130 4451 est
3171 4396 3228 4451 in
3261 4396 3413 4462 Asia,
3443 4398 3546 4453 ibi·

1983 4488 2107 4543 dem
2138 4485 2372 4556 Spiritus
2397 4490 2624 4540 sanctus
2657 4484 2804 4539 illam
2837 4486 2984 4540 velut
3013 4485 3236 4541 herbam
3264 4486 3548 4544 sanctissi-

309 4595 387 4665 τῷ
413 4594 597 4664 κόσμῳ
623 4593 826 4662 ταύτην
855 4591 954 4661 τὴν
987 4590 1144 4658 ἁγίαν
1166 4588 1417 4660 βοτάνην,
1458 4587 1632 4639 εἴτουν
1659 4584 1882 4654 θάμνον,
1918 4576 1963 4632 Ι)
1988 4592 2161 4645 mam,
2191 4586 2284 4631 aut
2331 4574 2584 4633 fruticem
2635 4574 2690 4629 in
2728 4576 2915 4631 orbem
2942 4578 3172 4645 extulit,
3208 4594 3318 4649 quo
3348 4586 3402 4634 et
3429 4593 3548 4635 ser-

310 4686 408 4753 τὴν
443 4682 817 4748 ἀποδιώξασαν
843 4682 933 4734 τὸν
961 4679 1105 4747 ὅφιν,
1141 4678 1235 4731 καὶ
1255 4677 1497 4729 λύσασαν
1519 4673 1617 4745 τὴν
1645 4671 1738 4726 τοῦ
1767 4671 1881 4725 δια-

311 4778 465 4832 6όλου
501 4775 810 4847 τυραννίδα.
863 4771 1009 4825 Ἐκεῖ
1039 4769 1146 4841 γάρ
1193 4769 1223 4821 ό
1262 4768 1417 4837 ἅγιος
1470 4766 1721 4833 Ἰωάννης
1761 4762 1879 4833 μεθ’

312 4868 528 4940 ήλικίαν
570 4864 846 4937 γηραλέαν
889 4861 1239 4932 ἐπιτρέπεται
1290 4858 1395 4912 ὑπὸ
1423 4857 1517 4910 τοῦ
1562 4855 1880 4926 Πνεύματος

312 4956 404 5011 τοῦ
433 4955 587 5024 άγίου
623 4951 857 5024 κηρύξαι
876 4991 892 5016 ,
937 4951 1031 5003 καὶ
1057 4948 1378 5019 ἀνακάμψαι
1407 4947 1532 5008 τοὺς
1560 4945 1618 4996 ὲν
1660 4946 1725 5015 τῇ
1773 4941 1879 5013 ὀδῷ

313 5045 761 5116 πεπλανημένους
785 5083 800 5107 ,
864 5043 934 5095 ού
1007 5042 1142 5112 μετά
1197 5040 1443 5107 ἀνάγκης
1467 5078 1485 5103 ,
1547 5034 1684 5089 ἀλλὰ
1745 5032 1880 5103 μετὰ

314 5141 703 5215 προαιρέσεως.
728 5141 843 5203 τοῖς
880 5136 1218 5207 πειθομένοις
1251 5131 1603 5202 ἀποκαλύψας
1646 5128 1781 5183 Θεοῦ
1821 5128 1881 5182 τὸ

391 5296 408 5326 ⁸
436 5293 581 5351 Psal.
613 5308 803 5357 xxviii,
833 5288 888 5344 9.
959 5290 982 5323 ’
1008 5287 1138 5344 Luc.
1177 5304 1232 5353 x,
1267 5287 1353 5341 16.
1432 5287 1453 5317 ⁸
1477 5285 1612 5342 Gen.
1642 5300 1720 5351 vt,
1755 5282 1847 5338 ss.

388 5451 502 5518 (13)
551 5452 611 5505 'fl
656 5451 763 5505 τοῦ
811 5449 985 5503 λίθου
1040 5448 1146 5501 τοῦ
1192 5448 1469 5515 γαγάτου.
1521 5443 1723 5497 Eadem
1774 5440 1888 5496 sere

317 5526 633 5589 serpentum
661 5519 993 5591 ἀλεξητήρια
1027 5517 1228 5573 cecinit
1258 5515 1547 5571 Nicander.
1592 5512 1664 5567 De
1692 5519 1887 5582 gagate

319 5604 529 5661 porro:

400 5708 654 5760 Ἀλλοτε
679 5703 732 5757 δ’
764 5701 1020 5766 dialem·
1052 5701 1235 5753 καίων
1260 5696 1574 5767 emmim-ida
1604 5695 1847 5764 πέτρην,

397 5778 505 5831 Ἦν
546 5775 690 5830 οὐδὲ
717 5773 1019 5843 κρατεροῖο
1049 5770 1237 5837 ,τυρὸς
1276 5769 1683 5837 :afmait-urat
1716 5764 1886 5834 ὁρμή.

319 5866 426 5926 Ubi
471 5865 657 5924 Schoi.
692 5882 706 5919 ε
738 5864 854 5933 Τὴν
895 5864 1147 5933 γαγγῖτιν
1186 5858 1364 5914 λίθον·
1415 5860 1472 5912 ἐν
1507 5858 1744 5928 Γάγγαις
1784 5856 1891 5930 γάρ

1983 4685 2118 4743 pens
2155 4668 2464 4738 abigeretur
2493 4707 2510 4734 ,
2562 4676 2616 4722 et
2652 4668 2969 4736 tyrannicus
3007 4668 3209 4723 diaboli
3234 4668 3549 4727 dominatus

1985 4768 2335 4819 everteretur.
2394 4756 2508 4812 illic
2553 4756 2820 4830 siquidem
2857 4758 3048 4815 beatus
3075 4758 3314 4819 loannes
3356 4761 3547 4818 affecta

1981 4853 2096 4923 jam
2111 4858 2268 4908 aetate
2295 4850 2590 4921 praedicare
2615 4850 2789 4905 sancti
2809 4848 3045 4920 Spiritus
3069 4851 3283 4907 hortatu
3302 4852 3546 4922 jubetur,

1984 4951 2036 4998 et
2056 4950 2302 4999 errantes
2331 4959 2361 4996 a
2386 4944 2472 4997 via
2498 4956 2757 5000 revocare
2774 4979 2791 5006 ,
2831 4956 2939 4996 non
2973 4950 3031 4996 ut
3058 4942 3111 4996 vi
3134 4958 3199 4998 ac
3224 4944 3549 5000 necessitate

1984 5043 2238 5104 cogeret,
2264 5033 2358 5090 sed
2391 5041 2449 5088 ut
2485 5040 2681 5103 sponte
2729 5047 2794 5087 ac
2828 5032 3071 5089 volentes
3109 5032 3419 5098 induceret,
3455 5034 3550 5090 iis-

1985 5127 2217 5197 demque
2254 5134 2444 5198 postea
2489 5125 2734 5181 divinum
2790 5124 3030 5181 coelestis
3062 5122 3324 5179 doctrinae
3364 5123 3549 5182 lumen

1990 5438 2090 5519 τῇς
2121 5437 2325 5500 Δυκίας
2355 5433 2668 5505 εὑρίσκεται
2686 5448 2699 5463 ·
2728 5432 2826 5493 τὰς
2861 5431 2919 5483 δὲ
2944 5430 3161 5499 Γάγγας
3197 5426 3353 5482 πόλιν
3382 5423 3547 5483 οὖσαν

1992 5525 2091 5578 της
2120 5508 2348 5569 Λυκίας,
2368 5504 2464 5558 καὶ
2493 5503 2731 5571 Γαγγίδα
2753 5500 2936 5568 φασίν.
2953 5501 3096 5553 Pliu.
3125 5500 3163 5554 l.
3184 5515 3368 5557 xxxvl.
3385 5515 3437 5554 c.
3458 5502 3543 5555 19.

1993 5577 2227 5645 Gagates
2274 5574 2413 5644 lapis
2459 5587 2653 5626 nomen
2697 5572 2860 5624 babet
2899 5571 3003 5625 loci
3043 5578 3094 5626 et
3137 5570 3313 5624 amnis
3345 5568 3544 5639 Gaiigis

1996 5646 2195 5717 Lyciae,
2224 5644 2405 5698 Diosc.
2436 5643 2471 5695 l.
2503 5659 2556 5704 ν,
2584 5657 2632 5695 c.
2669 5642 2754 5697 99.

2066 5715 2177 5785 (11)
2219 5716 2351 5769 Ἵνα
2392 5710 2559 5779 δείξῃ
2606 5710 2673 5764 τὸ
2715 5705 2874 5775 εἶδος
2909 5708 3013 5776 τῆς
3056 5709 3093 5763 ἀ
3120 5710 3242 5774 νας.
3290 5704 3542 5759 Eamdem

1999 5801 2139 5840 arcae
2181 5781 2591 5840 similitudinem
2639 5779 2879 5835 declarat
2924 5781 3059 5853 Aug.
3123 5781 3194 5835 ib.
3245 5792 3316 5832 xn
3358 5784 3543 5830 contra

2002 5854 2216 5926 Fortu„
2245 5868 2298 5911 c.
2330 5852 2417 5910 u.
