3850 6517
282 403 344 466 ll
620 448 627 452 -
1549 402 1606 457 S.
1651 401 1990 457 El‘ll‘nANtl
2033 398 2218 455 VlTA.
3458 386 3529 450 fl

282 530 455 601 τριου.
507 526 647 580 Ἰδὼν
670 525 726 577 δὲ
786 523 1101 592 Ἐπιφάνιος
1166 522 1220 573 ὲν
1254 521 1511 574 ἐκστάσει
1567 523 1732 591 πολλῇ
1765 521 1857 572 τὸν
1889 528 1931 582 Α
1964 521 2187 581 Laetarc,
2218 532 2327 580 rex,
2361 517 2427 572 de
2456 526 2546 571 tua
2576 516 2716 581 filia;
2752 513 2890 587 fugit
2928 513 3088 585 lupus
3119 513 3172 567 in
3219 513 3337 570 loca
3369 514 3530 570 iuba·

284 618 526 692 βασιλέα,
564 612 721 668 εἶπεν
754 614 890 687 πρὸς
913 613 1076 666 αὐτόν
1098 631 1109 641 ·
1143 613 1334 683 Χαῖρε,
1369 613 1588 681 βασιλεῦ
1608 653 1621 675 ,
1653 613 1746 664 ἐπὶ
1781 610 1858 682 σῷ

281 709 595 781 θυγατρίῳ·
654 706 852 775 ἔφυγεν
907 706 936 758 ό
983 703 1142 767 λύκος
1181 705 1262 766 είς
1293 705 1584 774 ἀοικήτους
1638 703 1856 766 τόπους.

215 808 230 818 “
280 801 543 873 Πορεύου,
579 798 836 870 θύγατερ.
888 797 946 848 ἐν
979 794 1057 866 σῷ
1092 794 1344 865 ταμιείῳ,
1371 795 1462 847 καὶ
1485 793 1575 847 ἔσο
1596 794 1860 866 χαίρουσα

280 893 422 964 μετὰ
453 891 656 963 μητρὸς
686 888 1001 958 καλλίστης.
1034 886 1274 957 Πρόσεχε
1312 885 1496 938 λοιπὸν
1537 884 1615 955 τῷ
1648 883 1861 955 σώματί

1967 611 2229 666 bitabilia.
2273 607 2436 672 Vade,
2470 608 2599 668 lilla.
2640 609 2694 662 in
2748 616 2902 661 tuum
2948 605 3236 665 conclave.
3267 614 3321 660 et
3357 606 3533 677 gaude

1965 719 2089 757 cum
2151 710 2326 755 matre
2363 708 2458 754 tua
2499 699 2726 766 optima,
2781 705 2836 752 et
2886 697 3105 753 attende
3146 695 3398 766 deinceps
3439 705 3533 752 tuo

1966 793 2180 862 corpori
2219 809 2232 842 :
2267 805 2444 859 neque
2488 788 2759 857 malignus
2790 787 2885 840 tibi
2925 785 3383 857 appropinquabit
3418 800 3535 845 am·

1966 885 2129 954 pliuS.
2167 883 2303 937 Cum
2328 881 2442 935 haec
2482 887 2664 933 autem
2705 877 2972 933 audiisset
3004 877 3111 931 lilia
3145 880 3288 947 regis
3318 876 3386 931 ab
3411 876 3536 947 Epi-

281 1002 415 1041 σου·
447 969 544 1037 καὶ
573 981 752 1036 οὐκέτι
785 979 997 1048 ἐγγίσει
1029 978 1166 1047 πρὸς
1219 978 1278 1030 σὲ
1311 976 1638 1045 κακοῦργος.
1676 974 1861 1028 Ταῦτα
1960 969 2183 1039 phanio,
2229 968 2324 1022 ivit
2354 969 2406 1021 in
2454 967 2658 1021 aulam.
2711 964 2867 1021 Tune
2901 980 2995 1020 rex
3034 965 3316 1019 inelinavit
3338 966 3537 1021 collum

284 1075 563 1132 ἀκούσασα
588 1075 620 1144 ὴ
650 1072 896 1142 θυγάτηρ
923 1069 1016 1123 τοῦ
1043 1068 1306 1140 βασιλέως
1334 1067 1484 1137 παρὰ
1516 1066 1858 1135 Ἐπιφανίου,

290 1165 557 1238 ἐπορεύθη
584 1164 769 1217 λοιπὸν
796 1164 856 1216 ὲν
900 1161 979 1231 τῷ
1008 1160 1275 1232 ταμιείῳ,
1328 1159 1456 1212 ἔνθα
1487 1154 1555 1229 ἦν
1608 1160 1642 1228 ἡ
1678 1158 1861 1227 μήτηρ

292 1257 457 1328 αὐτῆς
487 1255 892 1325 καταμένουσα.
917 1252 1053 1305 Τότε
1082 1251 1146 1323 δὴ
1181 1254 1210 1305 ό
1240 1250 1490 1322 βασιλεὺς
1519 1249 1725 1302 ἔκλινεν
1764 1248 1863 1301 αύ-

291 1350 420 1419 χένα
451 1346 778 1417 Ἐπιφανίῳ.
810 1345 1033 1408 Ἰδόντες
1075 1343 1132 1396 δὲ
1171 1344 1221 1396 οί
1256 1342 1454 1404 πάντες
1494 1340 1586 1394 τὸν
1617 1337 1859 1409 βασιλέα,

297 1437 523 1490 νλίνουσι
555 1435 650 1488 καὶ
678 1434 835 1486 αὐτοὶ
866 1434 959 1485 ἐπὶ
1007 1431 1133 1501 γῆν,
1168 1430 1419 1498 λέγοντες
1446 1427 1585 1500 πρὸς
1623 1426 1862 1495 Ἐπιφά·

291 1544 422 1583 νιον·
465 1528 703 1599 Χάριτος
752 1524 886 1578 Θεοῦ
927 1523 1327 1594 κεκοσμημένε,
1377 1519 1656 1592 πρόθυμος
1708 1517 1860 1586 γίνου

1959 1059 2283 1131 Epiphanio.
2316 1059 2453 1112 Cum
2500 1057 2761 1112 vidissent
2789 1071 2921 1111 vero
2942 1071 3135 1111 omnes
3180 1071 3390 1126 regem,
3431 1050 3538 1126 ipsi

1967 1165 2185 1221 quoque
2208 1165 2265 1205 se
2293 1149 2346 1203 in
2381 1158 2580 1203 terram
2606 1146 2891 1211 inclinant,
2922 1145 3166 1201 dicentes
3194 1144 3496 1214 Epiphanio
3524 1162 3539 1200 ι

1966 1240 2011 1295 O
2040 1239 2270 1309 plurima
2294 1248 2558 1294 exornate
2592 1239 2786 1308 gratia,
2820 1251 2982 1292 mane
3004 1245 3256 1306 prompto
3283 1243 3338 1290 et
3368 1229 3541 1290 alacri

1968 1331 2155 1386 animo
2182 1329 2322 1398 apud
2355 1343 2559 1398 regem.
2620 1326 2751 1382 Esto
2782 1337 2932 1395 pater
2979 1325 3099 1396 ejus
3161 1326 3434 1396 potentiae,
3486 1335 3542 1380 et

1966 1423 2077 1477 eris
2116 1421 2400 1475 nobiscum
2441 1428 2725 1488 perpetuo.
2765 1415 2996 1473 Vo'xavit
3047 1417 3258 1472 daetnon
3294 1416 3539 1488 regiamz

1970 1514 2076 1567 huc
2102 1511 2319 1571 venisti,
2349 1524 2475 1564 eum
2502 1507 2721 1577 fugasti.

280 1620 420 1691 πρὸς
457 1618 701 1690 βασιλέα,
738 1615 920 1685 πατὴρ
973 1613 1060 1667 τοῦ
1099 1614 1334 1684 κράτους
1364 1610 1553 1673 αὑτοῦ,
1611 1608 1703 1663 καὶ
1756 1606 1853 1676 ἔσῃ
1888 1603 2009 1675 μεθ’
2038 1600 2194 1673 ἡμῶν
2260 1598 2637 1660 ἀδιαλείπτως.
2671 1596 2940 1652 Ἐσκυλεν
3005 1597 3211 1669 δαίμων
3250 1597 3349 1668 τὴν
3388 1596 3541 1668 βασι·

281 1711 428 1767 λίδα·
451 1708 614 1783 ἦλθες
645 1707 875 1762 ἐνταῦθα
901 1705 1090 1760 τοῦτον
1111 1704 1320 1769 διῶξαι.

357 1845 456 1901 ῙΕ’.
480 1840 578 1907 Εἷς
608 1843 663 1896 δέ
690 1861 772 1907 τις
804 1843 863 1908 ἐξ
881 1841 1060 1896 αὐτῶν
1089 1843 1261 1912 μάγος
1281 1840 1392 1893 τῶν
1420 1839 1653 1911 πρώτων
1678 1836 1862 1904 ἔλεγεν
1892 1841 1937 1895 Β
2034 1825 2152 1880 XV.
2188 1821 2343 1879 Unus
2363 1831 2543 1877 autem
2577 1834 2644 1875 ex
2678 1820 2758 1875 eis
2793 1820 3007 1889 primus
3058 1834 3126 1874 ex
3178 1819 3373 1891 tnagis,
3408 1819 3544 1875 dixit

288 1936 437 2008 αὐτῷ
462 1936 575 2005 μετ’
615 1934 931 2004 εὐμενείας·
985 1929 1054 1987 Ὦ
1104 1934 1292 2003 μάκαρ
1341 1930 1666 1999 Ἔπιφάνιε,
1725 1927 1866 1998 μάγε

287 2026 654 2098 πεποθημένε,
677 2022 837 2097 ἦλθες
861 2023 1095 2079 ἐνταῦθα
1121 2023 1216 2077 τοῦ
1251 2020 1612 2097 κατορθῶσαι.
1639 2018 1866 2071 Δίδασκε

287 2120 517 2182 πάντας,
551 2119 745 2181 πάντες
782 2117 832 2170 ol
870 2117 1035 2186 μάγοι
1068 2111 1466 2168 ύπακούσονταί
1509 2128 1626 2165 σου.
1678 2105 1872 2161 ’Δκού-

287 2226 389 2276 ’σας
412 2212 469 2265 δὲ
506 2210 676 2263 ταῦτα
713 2207 1054 2276 Ἐπιφάνιος,
1121 2201 1272 2259 εἶπεν
1326 2205 1466 2278 πρὸς
1516 2202 1608 2256 τὸν
1641 2199 1869 2269 ἀνόητον

291 2305 490 2374 μάγον·
522 2297 592 2354 Ὦ
629 2301 770 2372 μάγε
816 2296 978 2370 ἐχθρὲ
1010 2297 1109 2368 τῆς
1149 2295 1426 2367 ἀληθείας,
1465 2292 1605 2364 μάθε
1658 2292 1734 2363 μὴ
1768 2291 1868 2343 λα-

290 2397 400 2446 λεῖν
419 2392 683 2453 ἀτάκτους
729 2389 944 2458 λόγους.
986 2384 1132 2442 Δάόε
1164 2387 1413 2457 κατόχιον
1444 2386 1501 2437 ὲν
1532 2382 1610 2454 τῷ
1639 2380 1871 2452 στόματί

297 2502 415 2546 σου,
449 2483 543 2534 καὶ
566 2482 666 2553 ἔσῃ
697 2481 772 2552 μὴ
795 2479 975 2534 λαλῶν
1026 2480 1403 2543 ἀδιαλείπτως.
1451 2475 1545 2546 Μὴ
1588 2474 1701 2544 γὰρ
1747 2474 1872 2526 ὑπο·

301 2574 414 2624 νόει
442 2571 574 2622 Θεοῦ
607 2571 789 2622 δοῦλον
823 2570 994 2640 μάγον
1017 2571 1278 2641 ὑπάρχειν
1305 2570 1402 2640 τῆς
1432 2569 1663 2630 ἀδικίας.
1686 2562 1872 2618 Ταῦτα

304 2658 363 2713 δὲ
390 2656 560 2711 είπὼν
586 2656 932 2725 Ἐπιφάνιος,
963 2656 1161 2718 εὺθέως
1186 2657 1394 2726 ἔμεινεν
1450 2658 1478 2708 δ
1525 2658 1695 2725 μάγος
1726 2655 1870 2727 ,ἀλα-

297 2742 408 2809 λος,
438 2747 698 2816 ἀκίνητος
733 2746 829 2800 ἐπὶ
882 2742 964 2816 τῷ
1017 2744 1184 2814 τόπῳ.
1219 2743 1400 2796 Ταῦτα
1452 2744 1509 2796 δὲ
1559 2743 1679 2797 ίδὼν
1711 2744 1739 2794 ό
1773 2742 1870 2811 βα-

291 2838 496 2901 σιλεὺς.
549 2837 644 2890 καὶ
687 2835 752 2890 τὸ
803 2836 994 2905 στῖφος
1046 2834 1213 2889 αὐτοῦ
1252 2834 1315 2887 τὸ
1361 2833 1679 2905 περιεστὼς,
1729 2832 1876 2902 φόᾶῳ

292 2930 532 2992 ἅπαντες
561 2928 911 3000 συνεχόμενοι
931 2926 1134 2981 ἔπεσαν
1160 2928 1252 2980 ἐπὶ
1281 2926 1382 2998 τὴν
1415 2929 1541 2998 γῆν.

368 3067 487 3133 ΚΓ.
524 3063 665 3118 Ἰδὼν
691 3064 745 3117 δὲ
773 3064 1096 3134 Ἐπιφάνιος
1128 3063 1351 3127 τούτους
1379 3069 1669 3128 πεσόντας,
1697 3061 1873 3119 ἐκτεί-

1968 1920 2015 1974 ei
2047 1916 2278 1985 benigne
2299 1925 2358 1968 ct
2381 1921 2628 1968 amanter
2654 1927 2668 1963 ι
2693 1908 2739 1966 0
2768 1911 2922 1965 beate
2952 1910 3239 1980 Epiphanl,
3267 1925 3424 1982 mage
3449 1909 3547 1967 de·

1969 2010 2223 2069 siderate,
2286 2005 2479 2060 venisti
2515 2003 2640 2067 huc,
2697 2009 2756 2057 ut
2811 2015 2913 2057 nos
2950 1999 3193 2056 afficeres
3253 2002 3541 2057 beneflcio.

1970 2101 2125 2155 Mane
2174 2099 2284 2164 hic,
2323 2097 2457 2151 doce
2515 2108 2659 2149 nos:
2694 2105 2887 2146 omnes
2920 2092 3063 2161 magi
3117 2091 3214 2146 tihi
3273 2093 3544 2149 obedient.

1970 2189 2107 2247 Cum
2137 2188 2253 2243 haec
2280 2195 2462 2241 autem
2488 2182 2756 2239 audiisset
2785 2180 3123 2250 Epiphanius
3152 2221 3168 2246 ,
3223 2182 3358 2237 dixit
3385 2195 3548 2254 mago

1973 2277 2250 2349 insipienti
2291 2294 2306 2329 :
2339 2275 2384 2330 O
2414 2290 2572 2346 mage
2598 2274 2817 2329 inimice
2846 2274 3113 2338 veritatis,
3143 2273 3292 2330 disce
3321 2291 3430 2331 uon
3460 2276 3547 2329 lo·

1974 2371 2065 2441 qui
2098 2373 2257 2424 verba
2293 2366 2578 2422 insolentia
2617 2381 2632 2417 :
2685 2365 2768 2420 ori
2803 2375 2899 2419 tuo
2930 2364 3161 2418 immitte
3203 2367 3547 2436 repagulum,

1972 2471 2026 2516 et
2054 2476 2166 2533 non,
2218 2457 2459 2527 loqueris
2504 2455 2744 2510 assidue.
2796 2453 2917 2510 Noli
2964 2454 3279 2511 existimat-e
3328 2468 3546 2513 servum

1974 2551 2067 2605 Dei
2097 2562 2220 2604 esse
2252 2561 2472 2615 magum
2506 2545 2808 2616 injustitiae.
2840 2543 2967 2601 Haec
2998 2561 3122 2601 cum
3158 2545 3385 2602 dixisset
3418 2547 3550 2618 Epia-

1974 2640 2230 2710 phauius,
2251 2639 2435 2693 statim
2468 2638 2556 2692 ille
2578 2636 2780 2692 mansit
2807 2637 2861 2692 in
2897 2637 3017 2694 loco
3045 2645 3233 2692 mutus
3258 2648 3315 2693 et
3351 2639 3551 2694 immo*-

1974 2731 2120 2787 bilis.
2158 2729 2284 2784 liaec
2315 2739 2497 2782 autem
2545 2742 2671 2783 cum
2706 2742 2803 2782 rex
2833 2728 3085 2795 vidisset,
3117 2737 3172 2785 et
3199 2730 3379 2798 tut-ha,
3428 2745 3552 2801 qum

1976 2836 2101 2877 etnn
2153 2818 2567 2882 circumstabat,
2626 2832 2819 2873 omnes
2849 2829 2997 2874 metu
3026 2823 3306 2890 oppressi,
3346 2823 3549 2879 cecide·

1975 2921 2104 2967 runt
2138 2911 2191 2967 in
2220 2918 2444 2964 terram.

2046 3046 2184 3103 le.
2213 3046 2351 3103 Cum
2385 3061 2479 3102 cos
2516 3054 2697 3102 autem
2724 3046 2953 3104 vidisset
3002 3049 3260 3106 cadentes
3306 3047 3547 3121 Epipha-

292 3174 389 3219 νας
406 3157 507 3226 τὴν
537 3158 694 3227 1³³?ss
716 3156 856 3226 πρὸς
886 3154 980 3207 τὸν
1017 3153 1265 3223 βασιλέα,
1321 3153 1506 3222 ἔλεγεν
1555 3153 1706 3223 αὐτῷ
1753 3155 1871 3226 μετ’
1903 3173 1945 3230 C
1980 3141 2125 3204 nius,
2159 3154 2320 3193 manu
2369 3135 2437 3192 ad
2487 3152 2665 3211 regem
2693 3145 2940 3205 extensa,
2977 3138 3116 3195 dixit
3161 3140 3211 3195 ei
3261 3140 3494 3212 benigne
3529 3159 3545 3195 ι

293 3248 579 3318 εὐμενείας
603 3264 616 3276 ·
670 3247 926 3309 Ἀνάστα,
957 3245 1109 3314 γίνου
1142 3245 1202 3297 ὲν
1241 3245 1592 3306 καταστάσει,
1642 3245 1737 3297 καὶ
1787 3243 1879 3296 ἔσο

298 3340 460 3408 ὑγιὴς
493 3341 548 3390 ὲν
593 3338 671 3408 σῷ
703 3338 961 3408 ταμιείῳ.
1001 3336 1188 3390 Ταῦτα
1219 3336 1274 3389 δὲ
1322 3336 1492 3389 είπῶν
1540 3336 1880 3403 Ἐπιφάνιος,

302 3432 608 3500 ἀνέστησαν
624 3430 858 3493 ’ἅπαντες
886 3431 980 3482 ἐπὶ
1003 3430 1129 3491 τοὺς
1155 3428 1338 3491 πόδας.
1371 3425 1541 3483 Εἶπεν
1559 3428 1615 3481 δὲ
1648 3427 1878 3497 Ἐπιφά·

301 3538 409 3585 νιος
437 3520 515 3591 τῷ
551 3520 904 3591 μαγουσαίῳ·
930 3520 1098 3574 Βλέπε
1147 3520 1199 3573 τί
1248 3520 1465 3591 βλέπεις
1492 3521 1587 3572 καὶ
1639 3521 1880 3582 ἀκούεις,

297 3614 392 3665 καί
415 3613 513 3685 ἔσῃ
550 3612 835 3682 προσέχων
857 3615 924 3684 τῇ
947 3612 1198 3683 ἀληθείᾳ.
1234 3613 1322 3682 Μή
1367 3628 1458 3681 μοι
1511 3610 1768 3681 πρόσεχε,
1804 3609 1883 3674 ὡς

304 3704 619 3775 μαγουσαίῳ
657 3723 668 3733 ·
711 3702 894 3766 δοῦλος
939 3704 1048 3774 γάρ
1107 3704 1223 3774 είμι
1278 3700 1369 3754 τοῦ
1423 3701 1877 3772 ὲσταυρωμένου·

299 3794 447 3848 λάλει
482 3796 572 3848 καὶ
593 3794 780 3856 ἄκουε,
809 3794 884 3857 ὡς
916 3782 977 3847 τὸ
1011 3792 1249 3863 πρῶτον.
1305 3791 1464 3842 Γίνου
1502 3789 1561 3840 δὲ
1600 3789 1751 3856 φίλος
1782 3789 1885 3859 τῆς

301 3885 578 3953 ἀληθείας.
607 3885 744 3936 Τότε
769 3886 798 3937 ό
836 3883 1010 3949 μάγος
1043 3879 1383 3940 ἀπελογεῖτο,
1414 3875 1681 3940 ἐσφάλθαι
1708 3874 1884 3942 λέγων

306 3975 442 4042 πρὸς
472 3974 818 4038 Ἐπιφά-,ψψ
843 3967 984 4017 Τότε
1014 3965 1046 4013 ό
1077 3962 1330 4030 βασιλεὺς
1368 3962 1651 4015 ἐκέλευσεν
1674 3964 1888 4034 ἐνεχθῆ-

315 4077 402 4112 ναι
427 4061 672 4127 χρυσίον,
702 4056 799 4106 καὶ
818 4054 1073 4120 ἄργυρον,
1101 4052 1192 4103 καὶ
1212 4053 1567 4122 μαργαρίτας,
1592 4055 1683 4105 καὶ
1710 4053 1888 4118 λίθους

321 4147 540 4213 τιμίους
592 4142 732 4195 κατὰ
759 4142 1044 4212 πρόσωπον
1073 4142 1304 4207 πάντων,
1354 4143 1448 4197 καὶ
1483 4143 1702 4220 τεθῆναι
1733 4145 1884 4216 παρά

326 4237 448 4298 τοὺς
477 4233 638 4296 πόδας
664 4233 996 4300 Ἐπιφανίου,
1033 4232 1205 4300 λέγων
1238 4233 1375 4305 πρὸς
1401 4233 1564 4287 αὐτόν
1587 4251 1601 4265 ·
1625 4235 1883 4306 Δάμδανε

321 4325 505 4384 ταῦτα,
523 4327 552 4377 ό
574 4324 760 4394 Πατὴρ
783 4324 956 4393 ὴμῶν,
981 4325 1075 4377 καὶ
1098 4323 1185 4393 ἔχε
1213 4324 1276 4394 δή
1311 4341 1375 4394 με
1399 4325 1540 4378 κατά
1560 4325 1737 4395 ψυχήν
1766 4343 1882 4379 σου.

318 4412 484 4469 Εἶπεν
513 4414 569 4468 δὲ
598 4406 917 4482 Ἐπιφάνιος
941 4414 1078 4484 πρὸς
1105 4413 1195 4466 τὸν
1217 4413 1472 4484 βασιλέα·
1511 4415 1698 4484 Ἡμεῖς
1715 4416 1886 4469 ἀπάν-

1983 3232 2177 3302 Surge,
2208 3231 2285 3284 sis
2312 3230 2457 3284 bono
2482 3236 2537 3283 et
2570 3229 2867 3299 tranquillo
2909 3231 3115 3296 auimo,
3161 3237 3216 3285 et
3242 3230 3352 3287 eris
3381 3246 3551 3286 sanus

1982 3327 2038 3378 in
2069 3334 2163 3377 tuo
2187 3322 2463 3377 cubiculo.
2494 3319 2607 3378 lloc
2644 3321 2791 3377 dicto
2845 3323 2915 3377 ah
2949 3321 3272 3392 Epiphanio,
3302 3314 3554 3378 surrexe-

1984 3424 2110 3468 runt
2143 3428 2335 3468 omnes
2385 3427 2549 3481 supra
2577 3412 2762 3482 pedes.
2804 3411 2949 3468 Dixit
2999 3423 3180 3468 autem
3214 3411 3554 3484 Epiphanius

1984 3518 2143 3573 mago
2181 3521 2194 3557 :
2233 3502 2366 3557 Vide
2396 3503 2525 3572 quid
2565 3504 2772 3565 vidcaS,
2801 3514 2854 3557 et
2884 3504 3015 3573 quid
3059 3504 3269 3569 audias,
3294 3516 3346 3560 ct
3380 3514 3557 3561 atten-

1982 3595 2079 3650 des
2106 3595 2336 3650 veritati.
2363 3591 2442 3648 Ne
2471 3594 2605 3648 mihi
2638 3595 2887 3650 attendas
2915 3605 3175 3666 tanquam
3197 3613 3355 3668 mago
3383 3616 3397 3652 ι
3432 3613 3554 3653 sum

1982 3686 2128 3743 enim
2156 3701 2346 3742 servus
2370 3685 2614 3741 crucillxi
2653 3700 2668 3738 ι
2711 3686 2955 3755 loquere,
2986 3696 3042 3740 et
3086 3688 3235 3748 audi,
3282 3687 3557 3757 quomodo

1983 3791 2105 3831 eras
2132 3777 2283 3845 prius
2316 3794 2330 3829 ι
2368 3786 2488 3830 esto
2518 3776 2729 3829 amicus
2766 3775 3030 3830 veritatis.
3077 3775 3231 3830 Tunc
3274 3791 3467 3844 magus
3498 3791 3559 3830 se

1983 3867 2283 3936 excusavit,
2315 3866 2503 3920 diceus
2537 3880 2597 3920 se
2648 3881 2770 3921 esse
2802 3866 3014 3936 lapsum
3068 3866 3120 3921 in
3165 3865 3554 3938 Epiphaniam.

1986 3955 2100 4012 Rex
2134 3966 2311 4010 autem
2339 3955 2505 4025 jussit
2531 3954 2599 4009 ad
2624 3970 2682 4010 se
2713 3971 2908 4011 aurum
2939 3956 3118 4012 afferri
3156 3969 3208 4014 et
3247 3966 3554 4027 argentum,

1984 4047 2309 4116 margaritas
2360 4056 2415 4100 et
2447 4043 2690 4118 gemmas
2742 4047 2796 4101 in
2840 4055 3134 4116 conspectu
3186 4049 3459 4110 omnium,
3504 4053 3560 4100 et

1984 4139 2114 4208 poni
2139 4139 2206 4192 ad
2236 4139 2401 4207 pedes
2434 4139 2743 4209 Epiphanii,
2778 4140 2825 4195 ei
2857 4140 3046 4195 dicens
3076 4159 3091 4194 ι
3126 4141 3324 4210 Accipe
3353 4141 3491 4203 haec,
3520 4155 3557 4196 ο

1985 4228 2164 4293 Pater,
2210 4240 2266 4285 et
2303 4231 2404 4286 ntei
2439 4231 2771 4285 tuentineriS.
2825 4234 2922 4287 Cui
2979 4234 3117 4287 dixit
3170 4233 3554 4302 Epiphanius:

1985 4318 2096 4374 Nos
2125 4323 2304 4376 omnia
2352 4323 2774 4386 contemnimus,
2829 4332 2886 4376 ut
2918 4324 3197 4376 veritatem
3253 4335 3553 4378 teneamus.

1986 4411 2064 4467 Ne
2088 4415 2141 4467 in
2166 4415 2252 4468 his
2286 4414 2417 4469 inihi
2440 4414 2699 4468 exhibeas
2728 4415 3034 4468 molestiam
3067 4431 3080 4466 :
3130 4413 3382 4469 Christus
3410 4415 3555 4468 enim

313 4524 419 4558 των
450 4504 914 4576 καταφρονοῦμεν,
940 4506 1088 4567 ὅπως
1119 4505 1411 4576 κρατῶμεν
1439 4505 1539 4576 τῆς
1584 4506 1845 4578 ἀληθείας
1868 4521 1883 4538 ·
1916 4494 1963 4550 l)
1990 4519 2076 4560 me
2100 4504 2285 4560 docuit
2309 4505 2393 4559 his
2427 4521 2534 4559 non
2564 4520 2741 4574 egere.
2779 4505 2900 4561 llaec
2937 4517 3027 4561 lua
3059 4507 3263 4575 :tt-cipe,
3303 4506 3468 4576 sepeli
3501 4506 3555 4560 in

318 4598 390 4666 μή
425 4615 510 4667 μοι
539 4598 743 4659 κόπους
799 4597 1004 4666 πάρεχε
1054 4590 1114 4647 έν
1158 4599 1268 4658 τοῖς
1298 4597 1527 4660 λοιποῖς.
1597 4597 1730 4667 Ἐμὲ
1777 4598 1888 4666 γὰρ

314 4684 547 4753 Χριστὸς
572 4685 809 4748 ἐδίδαξεν
842 4686 919 4756 μὴ
948 4684 1167 4756 χρῄζειν
1191 4685 1418 4741 τούτων.
1437 4686 1581 4741 Ades
1607 4688 1671 4739 σὺ
1692 4688 1883 4755 ταῦτα,

316 4776 488 4845 θάψον
521 4779 577 4828 ὲν
608 4776 683 4846 σῷ
710 4777 965 4847 ταμιείῳ,
997 4779 1091 4830 καὶ
1121 4777 1273 4830 ἔσται
1300 4794 1382 4831 σοι
1425 4778 1596 4849 νεκρά
1651 4779 1882 4833 ἀδιαλεί·
1912 4800 1923 4808 ·

316 4884 488 4931 πτως.
521 4867 695 4922 Μόνον
733 4869 1019 4940 προσέχεις
1057 4869 1153 4921 καὶ
1197 4871 1557 4939 περισπᾶσαι,
1620 4869 1695 4940 μὴ
1724 4869 1878 4924 δυνά·

321 4977 475 5030 μενος
525 4958 909 5029 ὠφεληθῆναι·
959 4959 1101 5029 ἔχεις
1135 4959 1335 5012 κακίαν
1386 4961 1444 5014 ἐν
1489 4951 1734 5033 λογισμῷ
1769 4979 1883 5026 σου,

316 5050 492 5119 ψυχάς
522 5050 771 5103 ἀπόλλων
796 5049 882 5101 διὰ
910 5048 1002 5101 τοῦ
1036 5049 1240 5121 χρυσοῦ
1272 5049 1365 5103 τοῦ
1409 5050 1652 5116 δοθέντος
1676 5070 1756 5106 σοι
1782 5053 1888 5123 ὑπο

318 5142 544 5209 Κυρίου,
595 5141 683 5194 ἴνα
714 5139 958 5211 παρέχῃς
1007 5142 1120 5203 τοῖς
1147 5140 1439 5211 δεομένοις.
1475 5141 1628 5196 Γίνου
1680 5144 1888 5207 δίκαιος

317 5233 465 5302 παρὰ
482 5231 600 5300 Θεῷ
623 5231 732 5284 τῶν
756 5232 914 5292 ὅλων,
946 5233 1157 5302 μήποτε
1179 5231 1374 5302 κριθῇς
1401 5234 1457 5284 ἐν
1476 5233 1770 5306 καταδίκῃ,
1793 5234 1889 5288 καὶ

316 5323 414 5393 ἔσῃ
449 5322 847 5394 φρουρούμενος
875 5325 931 5375 ὲν
954 5323 1207 5394 ἐξωτέρω
1232 5325 1442 5377 σκότει·
1475 5325 1569 5377 καὶ
1599 5326 1719 5379 τότε
1755 5341 1887 5396 μνη-

319 5412 589 5491 σθῇςέτῶν
623 5413 771 5482 ἐμῶν
797 5413 986 5480 λόγων.
1043 5413 1181 5466 Ἀλλ’
1207 5413 1330 5483 άρτι
1374 5412 1523 5477 δέξαι
1575 5415 1698 5475 τοὺς
1727 5414 1891 5482 ἐμοὺς

315 5506 534 5572 λόγους.
556 5506 648 5557 καίΙ
676 5503 795 5557 τότε
822 5503 920 5575 ἔσῃ
946 5504 1401 5574 εύφραινόμενος·
1433 5503 1508 5574 μὴ
1558 5503 1747 5574 χρείαν
1801 5504 1888 5572 ἔχε

315 5597 414 5650 τοῦ
448 5595 651 5665 κόσμου
683 5596 891 5657 τούτου,
921 5597 1013 5649 καὶ
1045 5597 1150 5658 πᾶς
1183 5597 1210 5648 ὁ
1247 5594 1450 5664 κόσμος
1490 5593 1891 5664 ύποταγήσεταί

320 5703 427 5740 και.
461 5686 570 5740 Καὶ
607 5686 837 5757 πρόσεχε
889 5687 1082 5755 μάγοις
1116 5686 1513 5749 ἀκαταστάτοις
1542 5724 1557 5745 ,
1611 5683 1892 5743 ἀπατῶαίν

320 5794 378 5830 σε
409 5777 560 5848 νόμῳ
583 5777 859 5830 σκοτώδει.
885 5778 1024 5848 Ὦρα
1045 5776 1331 5846 ἔφθασενή
1351 5775 1441 5829 τοῦ
1466 5776 1707 5848 ἀρίστου.
1735 5777 1891 5828 Βαῖνε

640 5870 908 5932 Psi-not..
956 5870 1071 5930 Gn.
1123 5870 1285 5932 xm.

1987 4600 2132 4662 aula,
2166 4610 2218 4653 et
2248 4606 2410 4653 erunt
2442 4609 2657 4653 mortua
2697 4609 2983 4669 pet-petuo.
3036 4599 3117 4652 Tu
3155 4600 3220 4652 iis
3264 4600 3439 4654 solum
3471 4610 3555 4653 at·

1986 4692 2166 4746 tendis
2197 4701 2251 4746 et
2303 4689 2645 4754 distrahet-is,
2700 4705 2824 4744 cum
2859 4691 3038 4759 juvari
3076 4704 3335 4758 nequeas.
3378 4689 3557 4746 Habes

1985 4781 2175 4835 vitium
2230 4782 2285 4836 in
2335 4793 2424 4837 tua
2473 4783 2824 4852 cogitatione,
2864 4790 2921 4833 ut
2967 4781 3059 4848 qui
3089 4782 3283 4851 perdas
3314 4783 3553 4837 animam

1986 4886 2082 4939 per
2107 4885 2299 4924 aurum
2353 4872 2447 4925 tibi
2501 4872 2687 4925 datum
2733 4887 2763 4925 a
2799 4869 3051 4934 Domine,
3103 4882 3161 4925 ut
3214 4872 3264 4926 id
3312 4879 3555 4941 praebeas

1985 4959 2289 5028 egentibus.
2354 4958 2484 5013 Esto
2517 4961 2701 5029 iustus
2744 4961 2885 5031 apud
2930 4959 3097 5017 Deum
3151 4963 3552 5028 uniret-sorum,

1987 5062 2057 5101 ne
2089 5047 2229 5100 sorte
2250 5047 2515 5116 judiceris
2541 5048 2596 5101 in
2632 5050 3115 5113 condemnatione,
3147 5058 3201 5103 et
3229 5040 3555 5106 custodiaris

1988 5138 2043 5191 in
2079 5139 2321 5193 tenebris
2344 5140 2725 5204 exterioribus,
2758 5150 2812 5196 et
2844 5148 2975 5194 tuuc
3001 5155 3242 5192 meorum
3268 5139 3552 5196 verborum

1989 5227 2309 5283 recorderis.
2339 5227 2444 5296 Sed
2482 5247 2603 5298 quae
2630 5232 2752 5287 dico
2784 5230 2968 5292 modo,
2995 5230 3198 5299 accipe,
3223 5239 3278 5285 et
3307 5240 3437 5288 tunc
3464 5234 3557 5287 lan-

1988 5318 2210 5373 taberiS.
2259 5317 2337 5374 Ne
2374 5321 2576 5375 habeas
2600 5337 2737 5391 opus
2773 5322 2876 5374 hoc
2900 5319 3102 5373 mundo
3126 5329 3179 5376 et
3212 5332 3357 5379 totus
3393 5340 3554 5379 mun·

1989 5409 2092 5465 dus
2126 5411 2221 5464 tibi
2251 5412 2593 5479 subjicietur.
2627 5410 2746 5465 Noli
2798 5413 3075 5468 attendere
3140 5416 3313 5485 tnagis
3364 5415 3556 5470 incuu-

1990 5501 2290 5565 stantibus,
2326 5503 2417 5568 qui
2451 5501 2791 5557 tenebricosa
2823 5513 2871 5557 te
2922 5503 3034 5576 lege
3063 5507 3357 5575 decipiunt.
3398 5505 3556 5560 Venit

1993 5590 2125 5645 hora
2161 5593 2407 5660 prandii,
2464 5594 2598 5645 vade
2650 5595 2903 5650 alacriter
2943 5598 3009 5652 ad
3074 5612 3337 5651 mensam.
3388 5597 3553 5651 Multa

1993 5683 2136 5734 enim
2171 5681 2331 5736 vet-ha
2379 5682 2727 5749 seminarem,
2784 5688 2879 5742 scd
2930 5704 3037 5743 non
3072 5705 3131 5742 cs
3161 5687 3322 5739 ullius
3361 5686 3553 5741 horum

1994 5772 2281 5842 particeps.
2312 5775 2440 5828 Scio
2484 5775 2629 5828 enim
2671 5785 2824 5832 tuam
2875 5778 3256 5851 cogitationen»
3307 5790 3335 5827 a
3367 5791 3555 5836 mensa

3156 5869 3197 5928 2
