3850 6517
282 515 400 575 -597

927 505 1298 564 ADVERSUS
1336 501 1677 558 BAERESES
1713 499 1841 554 LlB.
1882 498 1903 552 1
1944 497 2108 554 ΤΟΜ.
2153 498 2214 555 ll.
2237 531 2306 542 —
2343 499 2620 556 imm-38.
2657 497 2853 555 XXIX.

3454 495 3554 552 ³98

296 635 427 707 πρὶν
455 631 553 687 τοῦ
597 628 879 686 καλεῖσθαι
913 625 1235 701 Χριστιανοὶ
1274 624 1325 679 οἱ
1376 624 1459 687 εἰς
1501 620 1737 694 Χριστὸν
1783 636 1881 672 πε-
1909 619 1954 678 A
1986 615 2195 687 delapsi
2232 632 2447 683 sumus,
2488 625 2548 672 ut
2576 616 2852 673 reddenda
2884 627 3051 670 causa
3081 612 3243 668 nobis
3265 618 3433 676 esset,
3460 626 3554 666 eur

296 724 672 786 πιστευκάτες,
714 719 903 775 τούτου
947 720 1111 774 ἓνεκα
1165 716 1409 788 ἔφημεν,
1448 714 1531 767 ὅτι
1584 714 1614 766 ὁ
1674 711 1874 765 Ἰεσσαὶ

297 814 486 887 πατὴρ
510 812 720 883 γίνεται
743 810 838 865 τοῦ
864 809 1044 864 Δαόίδ.
1075 809 1186 863 Καὶ
1222 808 1342 880 ἢτοι
1361 805 1459 860 τοῦ
1504 803 1721 869 Ἰεσσαὶ,
1755 804 1874 875 ἦτοι

296 912 363 963 ὲκ
389 906 483 961 τοῦ
509 905 772 977 ὀνόματος
821 901 995 976 Ἰησοῦ
1027 900 1120 956 τοῦ
1155 898 1360 971 Κυρίου
1385 897 1542 970 ἡμῶν
1578 894 1877 966 ἐπεκλήθη-

300 1016 400 1054 σαν
442 997 721 1061 Ἰεσσαῖοι,
756 993 849 1047 διὰ
890 992 953 1047 τὸ
987 991 1047 1059 ἐξ
1095 988 1270 1062 Ἰησοῦ
1315 987 1588 1061 ὁρμᾶσθαι
1636 983 1876 1056 μαθηταὶ

297 1092 452 1154 ὅντες
475 1085 661 1153 αὑτοῦ,
684 1085 719 1158 ἢ
751 1085 840 1139 διὰ
883 1083 946 1138 τὸ
977 1083 1081 1154 τῆς
1104 1079 1460 1154 ἐτυμολογίας
1488 1075 1585 1132 τοῦ
1611 1075 1877 1148 ὀνόματος

299 1182 395 1237 τοῦ
441 1179 669 1254 Κυρίου.
711 1174 919 1248 Ἰησοῦς
960 1174 1072 1246 γὰρ
1116 1171 1260 1227 κατὰ
1296 1170 1396 1243 τὴν
1437 1166 1728 1241 Ἐὂραῖκὴν
1771 1165 1879 1221 διὰ·

300 1269 491 1323 λεκτον
514 1262 856 1338 θεραπευτὴς
880 1262 1144 1326 καλεῖται,
1175 1261 1294 1332 ἦτοι
1327 1259 1510 1335 ἰατρὸς
1542 1257 1636 1312 καὶ
1670 1256 1875 1326 σωτὴρ.

305 1353 491 1423 Ὅμως
503 1352 682 1422 τούτῳ
697 1349 776 1421 τῷ
798 1349 1044 1419 ὀνόματι,
1058 1348 1189 1420 πρὶν
1203 1346 1297 1401 τοῦ
1313 1345 1356 1399 Χ
1366 1344 1669 1419 ριστιανοῦς
1683 1342 1882 1406 αὐτοὺς

303 1444 606 1507 καλεῖσθαι,
643 1443 745 1514 τὴν
791 1440 1107 1514 ἐπωνυμίαν
1140 1439 1452 1510 ἐκέκτηντο.
1493 1436 1628 1491 Ἀπὸ
1677 1437 1881 1490 Ἀντιο-

300 1533 455 1605 χείας
485 1533 565 1597 δὲ,
592 1531 842 1603 καθάπερ
866 1531 979 1586 ἄνω
1000 1529 1446 1603 ἐπεμνήσθημεν,
1475 1527 1548 1591 ὡς
1573 1527 1686 1597 ἔχει
1723 1528 1757 1597 η
1783 1527 1885 1597 τῆς

303 1613 566 1694 ἀληθείας
590 1621 866 1685 ὑπόθεσις,
908 1621 1147 1693 ᾖρξαντο
1180 1621 1229 1673 ol
1271 1618 1514 1690 μαθηταὶ
1540 1619 1633 1672 καὶ
1673 1618 1822 1670 πᾶσα
1846 1618 1880 1687 ἡ

316 1715 613 1787 Ἐκκλησία
653 1714 747 1768 τοῦ
779 1712 916 1767 Θεοῦ
944 1712 1261 1785 Χριστιανοὶ
1298 1711 1600 1765 καλεῖσθαι.

1983 708 2022 763 ii
2056 708 2153 779 qui
2194 709 2419 764 Christo
2464 724 2666 765 nomen
2707 707 2996 774 dederant,
3031 706 3353 778 priusquam
3394 702 3557 757 Chri-

1982 799 2291 856 stianorum
2322 815 2521 856 nomen
2548 808 2734 856 essent
2756 799 2966 869 adepti,
2991 798 3183 854 Jessaei
3209 802 3558 858 vocarentur,

1981 890 2191 947 idcirco
2222 890 2835 947 monuimus-Jessaeum
2871 888 3096 944 Davidis
3122 897 3333 959 patrem
3368 887 3560 943 fuisse.

1985 983 2097 1038 Aut
2125 983 2194 1038 ab
2229 983 2322 1039 illo
2356 984 2526 1055 igitur
2552 982 2743 1047 Jessae,
2776 988 2872 1036 atit
2901 995 2931 1035 a
2960 979 3087 1035 Jesu
3109 980 3316 1035 Christi
3346 978 3561 1034 Domini

1986 1076 2163 1132 nostri
2198 1076 2564 1148 appellatione
2590 1074 2923 1130 Jessaeorum
2950 1086 3148 1126 nomen
3171 1071 3561 1125 obtinuerunt:

1984 1169 2130 1240 qnod
2165 1168 2235 1224 ab
2269 1167 2402 1225 Jesu
2452 1167 2742 1239 disciplina
2789 1164 3019 1237 profecti
3040 1206 3054 1230 ‚
3091 1163 3448 1234 ejusdemque
3482 1159 3562 1215 di-

1987 1260 2185 1330 scipuli
2219 1260 2436 1329 sorent3
2477 1267 2571 1316 aut
2606 1258 2739 1315 illud
2768 1258 3007 1328 denique
3042 1271 3106 1311 ex
3136 1253 3420 1310 notatione
3448 1253 3563 1323 ipsa

1987 1351 2248 1414 nominis,
2279 1366 2391 1422 quo
2414 1349 2682 1406 Dominus
2710 1357 2941 1405 vocatus
2970 1357 3075 1412 est,
3108 1347 3377 1418 originem
3405 1359 3563 1399 acce·

1984 1441 2082 1511 pit.
2105 1439 2270 1497 Jesus
2292 1441 2440 1497 enim
2466 1440 2738 1498 Hebraico
2771 1449 3100 1503 curatorem,
3141 1437 3247 1491 boc
3276 1442 3360 1490 est
3392 1433 3564 1489 medi·

1989 1545 2113 1586 cum
2138 1547 2201 1587 ac
2224 1545 2557 1588 servatorem
2592 1531 2885 1604 significat.
2916 1527 3199 1599 Quidquid
3231 1526 3321 1590 sit,
3353 1532 3566 1579 constat

1994 1637 2063 1676 eo
2107 1623 2353 1686 nomine,
2385 1625 2707 1695 priusquam
2751 1620 3052 1678 Christiani
3085 1626 3439 1677 vocarentur,
3476 1630 3566 1685 ap-

1989 1712 2218 1781 pellatos
2250 1711 2443 1770 fuisse.
2491 1714 2670 1783 Atque
2708 1713 2777 1767 ab
2812 1713 2951 1767 urbe
2990 1711 3211 1766 demum
3256 1704 3569 1763 Antiochia.

308 1808 385 1862 titi
427 1822 593 1877 supra
637 1805 1009 1872 meminimus,
1051 1804 1295 1874 adeoque
1316 1803 1431 1873 ipsa
1498 1803 1576 1857 rei
1617 1799 1821 1855 vei-itas
1865 1802 2366 1870 comprobat‚·cum
2400 1803 2652 1873 discipuli
2682 1803 2809 1874 ipsi,
2837 1810 2952 1856 tum
2981 1801 3162 1858 omnis
3185 1797 3430 1853 Ecclesia
3474 1793 3569 1849 Dei

301 1902 740 1958 Christianorum
766 1899 1032 1955 vocabulo
1064 1897 1483 1968 comprehensa.

380 1993 467 2065 ΕΖ,
496 1995 692 2065 Εὖροις
739 1992 786 2045 δ’
815 1991 902 2056 ἂν,
929 1985 994 2045 ὧ·
1021 1990 1267 2061 φιλολόγε
1299 1989 1398 2061 (6),
1433 1989 1529 2043 καὶ
1569 1987 1756 2042 τούτου
1790 1985 1890 2057 τὴν
1921 1994 1964 2048 Β

306 2085 580 2146 ὑπόθεσιν,
630 2080 864 2152 ἐντυχὼν
908 2084 1026 2144 τοῖς
1069 2078 1162 2133 τοῦ
1205 2078 1439 2142 Φίλωνος
1469 2079 1880 2149 ὑπομνήμασιν,

305 2179 365 2231 ὲν
407 2178 473 2248 τῇ
531 2175 661 2247 περὶ
706 2172 984 2227 Ἰεσσαίων
1040 2171 1204 2225 αὐτοῦ
1245 2169 1659 2244 ἐπιγραφομένῃ
1696 2167 1883 2240 βίδλῳ,

305 2268 367 2331 ὃς
395 2267 600 2321 τούτων
644 2265 745 2337 τὴν
786 2263 1063 2318 πολιτείαν
1115 2264 1212 2317 καὶ
1254 2263 1324 2318 τὰ
1364 2261 1616 2334 ἐγκώμια
1650 2258 1884 2327 διεξιὼν,

309 2360 405 2414 καὶ
441 2359 512 2414 τὰ
543 2357 720 2413 αὐτῶν
766 2357 1102 2429 μοναστήρια
1145 2355 1204 2408 ἑν
1244 2355 1308 2426 τῇ
1356 2351 1498 2407 κατὰ
1534 2353 1635 2424 τὴν
1667 2351 1888 2422 Μαρίαν

310 2449 480 2522 λίμνῃ
521 2447 749 2518 ἱστορῶν
768 2445 1092 2516 περιοικίδι,
1137 2444 1198 2497 οὐ
1249 2443 1378 2515 περί
1419 2431 1582 2497 τινων
1619 2441 1824 2514 ἐτέρων
1852 2440 1890 2500 ,ὀ

316 2538 454 2610 ἀνὴρ
497 2536 801 2607 ἱστόρησεν,
850 2535 987 2589 ἀλλὰ
1020 2533 1151 2604 περὶ
1177 2533 1542 2605 Χριστιανῶν.
1576 2524 1745 2594 Οὗτος
1782 2528 1893 2600 γὰρ

317 2629 613 2700 γενόμενος,
634 2629 692 2681 ἐν
727 2629 793 2698 τῇ
834 2624 1013 2697 χώρα,
1044 2622 1352 2694 Μαρεώτην
1380 2622 1437 2674 δὲ
1466 2621 1560 2674 τὸν
1599 2620 1761 2674 τόπον
1793 2636 1891 2674 κα-

316 2720 488 2785 λοῦσι,
519 2719 616 2772 καὶ
660 2713 955 2787 καταχθεὶς
999 2714 1132 2784 παρ’
1179 2712 1364 2774 αὐτοῖς
1384 2711 1443 2765 ὲν
1469 2713 1583 2773 τοῖς
1619 2708 1761 2762 κατὰ
1806 2707 1897 2762 τὸν

314 2811 497 2882 χῶρον
523 2807 713 2862 τοῦτον
759 2803 1148 2878 μοναστηρίοις
1188 2799 1485 2872 ὠφέληται.
1541 2801 1628 2853 Ἐν
1661 2799 1899 2871 ἡμέραις

315 2903 425 2974 γὰρ
454 2900 563 2957 τῶν
593 2899 825 2969 Πάσχων
859 2899 978 2951 ἐκεῖ
1018 2895 1332 2966 γενόμενος,
1358 2886 1463 2956 ’τάς
1488 2908 1549 2945 τε
1572 2890 1755 2945 αὐτῶν
1797 2905 1898 2943 πο-

317 2993 520 3056 λιτείας
551 2991 832 3054 ἐθεάσατο,
868 2988 964 3042 καὶ
1005 2985 1080 3051 ῶς
1113 3000 1261 3048 τινες
1289 2983 1559 3055 ἐὸδομάδα
1588 2982 1686 3054 τὴν
1735 2980 1896 3050 ἁγίαν

316 3088 426 3142 τῶν
474 3085 706 3155 Πάσχων
759 3079 1170 3153 ὑπερτιθέμενοι
1194 3076 1482 3141 διετέλουν,
1524 3074 1671 3129 ἄλλοι
1704 3074 1761 3128 δὲ
1807 3072 1898 3126 διὰ

318 3177 410 3232 δύο
432 3176 728 3238 ἐσθίοντες,
763 3173 910 3228 ἄλλοι
943 3170 1001 3224 δὲ
1034 3170 1131 3224 καὶ
1155 3168 1278 3223 καθ’
1308 3167 1566 3238 ἑσπέραν.
1597 3161 1706 3219 Ἦν
1732 3165 1790 3219 δὲ
1816 3163 1897 3236 τῷ

317 3269 472 3344 ἁνδρὶ
507 3269 684 3324 πάντα
717 3265 891 3320 ταῦτα
929 3260 1474 3336 πεπραγματευμένα
1517 3259 1599 3322 είς
1634 3259 1735 3330 τὴν
1765 3257 1897 3329 περὶ

262 3383 267 3387 ·
322 3359 555 3426 πίστεώς
582 3376 641 3413 τε
673 3358 769 3412 καὶ
799 3355 1075 3418 πολιτείας
1097 3352 1206 3406 τῶν
1239 3349 1581 3424 Χριστιανῶν
1611 3347 1890 3403 ὑπόθεσιν.

333 3453 422 3514 Ὦς
468 3448 561 3506 οὖν
589 3451 711 3504 τότε
745 3447 1033 3501 ἐκαλοῦντο
1090 3446 1359 3510 Ἰεσσαϊοι,
1395 3442 1485 3496 ἐπ’
1520 3440 1685 3510 ὀλίγῳ
1717 3439 1896 3513 χρόνῳ

320 3540 460 3613 μετὰ
501 3539 601 3611 τὴν
646 3539 915 3609 ἀνάληψιν
955 3539 1050 3591 τοῦ
1106 3538 1381 3610 Σωτῆρος,
1432 3534 1527 3588 καὶ
1569 3534 1801 3605 Μάρκου
1827 3533 1894 3603 τῇ

316 3632 426 3689 τῶν
452 3629 761 3700 Αἰγυπτίων
789 3625 944 3699 χώρᾳ
969 3625 1326 3698 κηρύξαντος,
1352 3620 1497 3676 κατὰ
1523 3621 1651 3685 τοὺς
1672 3621 1898 3693 χρόνους

318 3724 463 3788 τινὲς
498 3719 846 3792 ὲξεληλὺθασι
879 3718 1062 3781 πάλιν,
1099 3716 1209 3770 τῶν
1243 3712 1558 3768 ἀποστόλων
1585 3712 1744 3780 δῆθεν
1770 3712 1900 3765 ἀκό-

317 3816 521 3878 λουθοι,
555 3814 697 3881 λέγω
729 3811 787 3863 δὲ
836 3810 888 3862 οἱ
940 3805 1176 3859 ἐνταῦθα
1229 3819 1318 3872 μοι
1350 3800 1668 3869 δηλούμενοι
1709 3801 1903 3861 Ναζω-

322 3910 497 3981 ραῖοι,
534 3904 684 3963 ὄντες
734 3895 834 3969 μὲν
871 3895 1013 3949 κατὰ
1057 3892 1120 3944 τὸ
1156 3891 1315 3959 γένος
1372 3890 1636 3954 Ἰουδαῖοι,
1684 3887 1778 3940 καὶ
1826 3887 1903 3958 τῷ

324 4086 423 4139 καὶ
469 4075 810 4150 θεραπευτὴς
871 4073 1217 4143 πνευμάτων.
1269 4071 1403 4137 Quae
1448 4073 1627 4126 omnia
1675 4072 1905 4127 comitet·

329 4147 647 4219 accipienda
676 4153 827 4209 sunt,
854 4157 965 4198 non
998 4150 1057 4196 ut
1086 4140 1154 4194 ab
1188 4140 1446 4194 ἰάσασθαι
1480 4141 1774 4195 deductum
1806 4141 1900 4196 τοῦ

343 4218 518 4291 Ἰησοῦ
553 4216 873 4272 vocabulum
926 4211 1161 4268 dixerint
1206 4210 1415 4274 Patres,
1447 4210 1540 4267 sed
1588 4219 1647 4264 tit
1680 4212 1903 4267 notione

333 4307 396 4347 ac
426 4287 823 4360 significatione
850 4281 1098 4339 Graecum
1128 4296 1330 4337 nomen
1359 4295 1483 4335 cum
1510 4278 1738 4336 Hebraeo
1767 4296 1903 4337 con-

331 4361 515 4417 venire
539 4356 934 4412 demonstrent.

400 4429 478 4500 (6)
517 4427 729 4509 Εὕροις
767 4424 819 4478 δ’
849 4423 945 4488 ἂν,
983 4416 1030 4476 ὦ
1058 4421 1364 4492 φιλολόγε.
1409 4418 1549 4476 Hinc
1593 4419 1696 4475 illae
1726 4422 1904 4494 lacry-

328 4517 451 4556 mae.
485 4497 719 4567 Scripsit
760 4494 918 4549 Philo
959 4491 1180 4547 Judaeus
1211 4491 1280 4547 de
1313 4488 1534 4551 Essaeis,
1567 4492 1654 4545 vel
1676 4490 1902 4547 Essenis

331 4570 500 4625 libros
528 4568 756 4636 aliquot.
774 4564 1020 4631 Quorum
1050 4577 1193 4617 unus
1226 4560 1547 4615 inscribitur
1577 4578 1591 4613 ι
1621 4561 1757 4632 Περὶ
1784 4560 1901 4626 τοῦ,

331 4640 511 4693 πάντα
564 4636 847 4688 σπουδαῖον
887 4629 1031 4688 εἶναι
1072 4630 1382 4702 ἐλεύθερον·
1415 4631 1580 4694 alius,
1615 4629 1772 4754 Πιίἑῗε
1790 4629 1906 4699 βίου
1940 4638 1986 4694 D

334 4703 689 4778 θεωρητικοῦ,
718 4703 753 4775 ἡ
784 4702 1001 4756 ’ἱκετῶν
1037 4699 1269 4773 ἀρετῶν.
1309 4699 1369 4753 1η
1408 4700 1476 4755 iis
1519 4699 1628 4753 duo
1773 4714 1906 4755 eno·

333 4792 455 4833 runi
500 4788 697 4844 genera
740 4771 1024 4828 constituit
1053 4789 1066 4824 ι
1098 4785 1264 4824 unuin
1305 4769 1414 4824 τῶν
1443 4769 1783 4837 πρακτικῶν,
1810 4769 1905 4838 qui

333 4847 391 4902 in
413 4844 630 4916 oppidis
648 4842 905 4898 socialem
930 4842 1096 4894 vitam
1119 4836 1432 4902 instituunt,
1465 4839 1780 4909 nuptiarum
1809 4855 1906 4894 ex-

332 4924 545 4988 pertes;
568 4913 796 4967 alterum
824 4910 932 4966 τῶν
955 4907 1324 4982 θεωρητικῶν,
1347 4909 1440 5033 (gii
1458 4908 1907 4979 contemplationi

334 4996 483 5042 totos
501 4997 624 5041 sese
646 4981 1001 5045 tradiderant,
1019 4994 1082 5034 ac
1136 4979 1291 5033 rocul
1327 4994 1355 5031 a
1431 4979 1641 5032 urbano
1674 4979 1906 5048 strepitti

336 5058 393 5112 in
424 5056 598 5126 agris,
632 5066 697 5105 ac
731 5050 1032 5120 praesertim
1057 5064 1086 5102 a
1145 5047 1517 5110 Mareotideni,
1552 5048 1607 5102 in
1635 5048 1908 5118 σεμνείοις

333 5135 390 5183 et
420 5121 804 5197 μοναστηρίοις
829 5120 1105 5189 degerent.
1129 5116 1447 5178 Postremos,
1472 5119 1607 5173 istos
1637 5116 1907 5174 Eusebius

333 5195 680 5253 Christianos
728 5190 898 5246 luisse
932 5187 1166 5242 credidit
1198 5187 1290 5241 lib.
1335 5186 1542 5242 Hister.
1571 5204 1632 5252 ιι,
1658 5202 1780 5257 cap.
1816 5187 1904 5255 tt,

334 5266 632 5334 eademque
676 5259 991 5331 Hieronymi
1021 5264 1450 5327 caeterorumque
1469 5256 1691 5312 Patrum
1721 5258 1908 5328 opinio

338 5335 460 5399 l'nit,
490 5348 657 5404 quam
684 5328 1026 5400 Epiphanius
1071 5334 1294 5383 secutus
1326 5334 1432 5382 est.
1461 5326 1568 5383 Sed
1605 5327 1907 5382 hoc·uniim

336 5404 486 5459 addit
507 5419 575 5458 ex
606 5402 945 5472 conjectura,
969 5397 1206 5453 Jessaeos
1243 5396 1369 5452 illos
1398 5396 1467 5451 ab
1493 5394 1662 5452 Jessae
1688 5396 1908 5453 Davidis

337 5482 491 5545 patre
515 5472 845 5526 nominatos.
871 5469 1026 5536 Quod
1049 5476 1389 5539 postremum
1414 5466 1596 5521 mimis
1612 5467 1910 5524 verisimile

337 5553 492 5614 puto.
523 5540 708 5609 Neque
739 5538 1140 5608 enim,opinor,
1167 5551 1398 5607 usquam
1430 5537 1647 5606 legitur,
1673 5535 1909 5593 Jessaeo-

338 5629 458 5667 rum
495 5625 692 5665 nomen
721 5609 1048 5664 Christianis
1071 5607 1418 5666 attributum,
1450 5614 1505 5661 et
1532 5603 1907 5672 EssaeosilloS,

337 5698 449 5740 non
476 5680 712 5737 Jessaeos
742 5692 772 5731 a
805 5677 1032 5732 Philone
1054 5678 1358 5747 appellatos
1386 5689 1512 5732 esse
1541 5683 1779 5732 constat.
1809 5675 1910 5730 Sa-

339 5767 409 5809 ne
446 5752 494 5809 si
524 5749 713 5806 Jessaei
747 5760 986 5819 unquam
1017 5745 1314 5802 Christiani
1345 5747 1526 5802 vocati
1558 5753 1709 5810 sunt,
1753 5746 1914 5802 mul-

339 5818 455 5878 tum
511 5819 566 5876 id
614 5819 683 5873 ad
725 5824 999 5887 receptam
1029 5815 1180 5870 illam
1224 5829 1290 5870 ae
1324 5824 1563 5871 veterem
1592 5815 1911 5898 opinionem

341 5889 760 5948 asseverandam
791 5884 974 5953 faciet,
1013 5899 1136 5955 quae
1162 5883 1472 5941 Essaeortim
1495 5898 1722 5942 nomine
1745 5882 1909 5940 Chri-

2063 1996 2130 2053 V.
2183 1996 2342 2066 Quod
2393 1998 2613 2068 quidem
2665 2005 3050 2065 argumentum
3081 1994 3305 2050 tiberius
3359 2001 3573 2065 pertra-

1989 2093 2218 2151 ctatum,
2252 2087 2508 2158 quisquis
2533 2102 2594 2142 es
2624 2086 2906 2143 studiosus
2941 2085 2996 2139 in
3023 2082 3268 2140 Philonis
3293 2098 3575 2140 commen-

1990 2177 2147 2234 tariis
2170 2179 2440 2244 invenies,
2477 2193 2654 2249 eoque
2681 2177 2824 2232 libro
2847 2192 3007 2247 quein
3038 2177 3105 2232 de
3121 2174 3344 2231 Jessais
3374 2175 3574 2230 inscri-

1987 2267 2135 2339 psit:
2174 2269 2267 2325 ubi
2293 2269 2513 2324 illorum
2545 2271 2673 2324 vitae
2691 2267 3066 2339 disciplinam,
3094 2280 3158 2320 ac
3192 2264 3467 2336 praeconia
3491 2279 3576 2321 ee·

1990 2358 2233 2427 lebrans,
2270 2375 2574 2431 eorumque
2616 2360 2973 2422 monasteria,
3017 2372 3139 2429 quae
3168 2356 3238 2411 ad
3270 2355 3573 2412 Marianam

1991 2450 2245 2522 paludem
2274 2451 2706 2522 circumquaque
2733 2451 2915 2522 posita
2946 2459 3077 2506 sunt
3096 2448 3435 2516 describens,
3463 2463 3574 2503 non

1992 2540 2061 2596 de
2090 2541 2216 2596 aliis
2256 2541 2410 2609 ullis,
2444 2556 2610 2612 quam
2643 2541 2713 2597 de
2758 2539 3124 2597 Cliristianis‘
3150 2541 3257 2595 ista
3307 2540 3571 2596 narravit.

1992 2629 2130 2684 Nam
2160 2645 2287 2686 cum
2320 2645 2440 2686 eam
2485 2632 2765 2703 regionem
2813 2631 3106 2687 lustrasset
3148 2629 3441 2701 (Mareotes
3484 2628 3577 2684 hic

1996 2717 2160 2786 vulgo
2192 2716 2348 2773 locus
2376 2717 2617 2788 dicitur)
2648 2728 2811 2789 atque
2837 2719 2906 2774 ad
2934 2720 3109 2789 ipsos,
3132 2733 3432 2790 eorumque
3459 2729 3578 2773 mo-

2000 2806 2244 2862 nasteria
2277 2806 2612 2873 divertisset,
2645 2824 2899 2879 magnam
2931 2809 3001 2864 ab
3032 2810 3102 2866 iis
3142 2811 3433 2866 utilitatem
3478 2824 3574 2865 ac-

2000 2899 2165 2969 cepit.
2194 2899 2411 2954 Etenim
2439 2915 2565 2955 oum
2599 2900 2738 2970 ipsis
2767 2898 3129 2956 paschalibus
3151 2900 3303 2957 ser-iis
3331 2902 3460 2957 illuc
3484 2916 3579 2957 ac·

1995 2989 2281 3055 cessisset,
2315 3004 2533 3045 onineiii
2579 3006 2769 3045 eorum
2813 2992 2935 3048 vitae
2978 2992 3243 3053 rationem
3289 2993 3579 3066 diligenter

1998 3069 2260 3153 inspexit,
2301 3083 2725 3155 observavitque
2756 3068 3054 3141 nonnullos
3092 3094 3261 3140 totam
3290 3086 3441 3140 illam
3485 3102 3578 3141 sa-

2000 3178 2345 3225 crosanctam
2372 3172 2767 3227 hebdomadem
2798 3173 2918 3229 sine
2940 3174 3051 3228 ullo
3081 3167 3218 3229 cibo·
3238 3176 3576 3248 traiisigere;

2000 3255 2139 3312 alios
2188 3257 2414 3316 alternis
2449 3260 2601 3315 illum
2643 3261 2840 3318 diebus
2877 3278 3108 3333 capere;
3148 3264 3415 3334 quosdam
3448 3282 3581 3321 vero

1998 3348 2103 3402 suli
2162 3365 2469 3420 vesperam.
2523 3350 2891 3418 Quamobrem
2943 3368 3286 3424 qiiaeeunque
3337 3363 3452 3410 toto
3486 3357 3581 3412 illo

1999 3452 2166 3508 opere
2189 3453 2218 3493 a
2244 3437 2474 3497 Philone
2496 3450 2730 3499 tractata
2764 3453 2916 3511 sunt,
2947 3460 3011 3500 ea
3036 3444 3477 3514 Christianorum
3510 3447 3578 3502 ad

1999 3526 2161 3583 {idem
2213 3531 2539 3603 vivendique
2567 3535 2834 3590 rationem
2866 3534 3089 3590 omnino
3118 3537 3413 3607 pertinent.
3441 3538 3577 3594 Cuin

2002 3619 2171 3692 igitur
2200 3619 2391 3679 Jessaei
2419 3632 2552 3679 tunc
2582 3627 2847 3697 temporis
2884 3625 3224 3709 dicerentur,
3255 3630 3420 3699 paulo
3458 3643 3583 3703 post

2003 3728 2296 3770 ascensum
2313 3715 2518 3770 Chi-isti
2536 3717 2778 3782 Domini,
2802 3726 3090 3788 postquam
3112 3718 3331 3777 Marcus
3350 3723 3407 3777 in
3422 3722 3583 3797 AEgy·

2006 3800 2354 3869 ptodivinum
2378 3804 2604 3860 verbum
2628 3806 3226 3879 praedicavit,nonnulli
3258 3818 3388 3867 tunc
3403 3815 3579 3884 pro'd-

2008 3894 2188 3950 ierunt
2218 3896 2591 3965 apostolorum
2630 3898 2877 3967 asseclae,
2900 3897 3142 3955 Nazaraei
3186 3901 3439 3961 videlicet
3465 3904 3579 3971 isti,

2005 4074 2214 4131 stianos
2242 4089 2272 4129 a
2293 4074 2524 4131 Philone
2547 4076 2975 4148 comprehensos
3003 4079 3214 4135 statuit.
3231 4080 3309 4136 Ae
3332 4081 3579 4153 prolecto

2006 4143 2122 4200 fleri
2156 4145 2303 4201 istud
2412 4146 2537 4209 tuit,
2571 4155 2631 4200 ut
2660 4162 2785 4202 cum
2820 4149 2947 4204 ante
2984 4148 3313 4206 Christianae
3360 4153 3582 4224 religio-

2004 4216 2092 4271 nis
2120 4226 2298 4271 ortum
2368 4215 2515 4271 sseni
2548 4216 2634 4271 his
2660 4216 2925 4281 moribus,
2952 4233 3131 4289 eoque
3149 4221 3274 4276 vita:
3303 4221 3577 4288 instituto,

2002 4286 2158 4408 auod,
2200 4286 2255 4341 in
2308 4285 2679 4363 priorenlibro
2728 4285 2886 4341 Philo
2935 4290 3219 4359 proedicat,
3257 4292 3311 4345 in
3342 4291 3580 4365 AEgypto

2044 4363 2283 4419 orerent,
2316 4364 2481 4426 atque
2505 4364 2647 4412 inter
2677 4353 2899 4412 Judaeos
2927 4365 2982 4412 et
3003 4366 3186 4413 essent
3225 4367 3281 4414 et
3301 4360 3574 4418 haberen-

2004 4431 2097 4479 tur
2123 4425 2494 4490 sanctissinii;
2530 4431 2886 4495 posteaquam
2936 4436 3157 4483 auctore
3203 4427 3386 4485 Marco
3418 4433 3579 4489 Chri-

2006 4494 2311 4548 stianorum
2350 4509 2521 4564 genus
2555 4497 2784 4560 exstitit,
2821 4510 3053 4564 quorum
3106 4498 3233 4563 vitae
3274 4495 3415 4555 ratio
3467 4503 3581 4572 pri-

2008 4562 2113 4617 mis
2143 4564 2252 4619 illis
2278 4563 2615 4632 temporibus
2640 4580 2764 4618 cuni
2791 4563 3122 4621 Essenorum
3149 4565 3439 4640 disciplina
3462 4588 3582 4626 ma-

2009 4646 2246 4754 Enopere
2297 4631 2636 4702 congruebat
2662 4672 2677 4695 ,
2732 4635 2801 4690 ab
2844 4635 3232 4693 Alexandrinis
3282 4640 3577 4707 gentilibus

2058 4701 2206 4758 sseni
2230 4702 2341 4758 sint
2363 4702 2565 4782 vocati.
2595 4699 2746 4768 Quos
2772 4703 2918 4758 enini
2946 4713 3001 4760 et
3019 4704 3261 4772 ludaeos,
3296 4717 3425 4763 tunc
3452 4711 3577 4781 qui-

2007 4771 2153 4852 dem,
2207 4785 2401 4826 omnes
2440 4771 2709 4836 viderent,
2752 4779 2807 4828 et
2851 4772 3185 4831 Essenorum
3231 4792 3578 4834 communem

2009 4840 2158 4921 illam
2193 4840 2319 4896 vitae
2352 4841 2643 4905 rationem,
2669 4853 2833 4913 atque
2860 4843 2932 4898 ab
2958 4847 3107 4900 oinni
3137 4848 3290 4912 luxti,
3320 4855 3377 4901 et
3400 4849 3581 4905 ambi-

2008 4916 2157 4967 tione
2179 4918 2441 4967 remotam
2471 4925 2591 4966 coni
2637 4913 2895 4970 leetentes
2918 4925 3209 4971 cernerent
3229 4932 3355 4971 cum
3375 4925 3431 4971 et
3449 4918 3580 4974 alio·

2047 4981 2103 5035 iii
2130 4996 2197 5036 ex
2230 4976 2564 5037 Essenorum
2628 4981 2822 5037 udaica
2855 4983 3093 5040 factione
3118 4986 3364 5068 plerique
3405 5001 3465 5042 se
3510 4989 3577 5043 ad

2057 5049 2356 5106 hristianos
2385 5060 2793 5121 aggregassent,
2812 5054 3087 5124 quodnam
3118 5055 3188 5110 iis
3210 5055 3358 5110 aliud
3378 5071 3579 5113 nomen

2046 5134 2172 5174 uam
2223 5119 2533 5176 Essaiorum
2580 5120 2935 5193 affingerent?
2977 5123 3114 5178 Nam
3160 5132 3216 5178 et
3247 5126 3343 5179 diu
3388 5135 3580 5195 postea

2054 5190 2308 5246 hristiani
2348 5205 2540 5246 omnes
2586 5205 2617 5245 a
2658 5189 2864 5248 Graecis
2890 5207 2956 5246 ac
2986 5193 3249 5250 Romanis
3276 5192 3449 5250 Judaei
3479 5212 3581 5253 no-

2009 5261 2223 5323 niinati,
2250 5270 2305 5316 et
2325 5275 2425 5332 pro
2448 5259 2649 5316 Jiidaeis
2672 5261 2840 5316 habiti
2874 5269 3024 5325 sunt,
3044 5268 3105 5315 ut
3136 5276 3245 5318 non
3275 5264 3578 5323 absurdum

2010 5330 2083 5387 sit
2108 5328 2460 5386 Philonianos
2485 5331 2606 5387 illos
2634 5328 2848 5386 Essaeos
2878 5329 3268 5404 θεωρητικοὺς,
3302 5333 3579 5393 Christia-

2011 5416 2112 5456 nos
2161 5399 2349 5456 l'uisse.
2398 5399 2529 5467 Quae
2567 5408 2748 5454 autem
2792 5401 3058 5456 adversus
3092 5416 3155 5456 ea
3208 5418 3405 5476 magno
3451 5420 3578 5462 eum

2009 5470 2241 5538 strepitu
2293 5483 2355 5526 ae
2406 5471 2692 5524 stomacho
2735 5471 3103 5541 disputantur,
3135 5485 3259 5528 cum
3304 5483 3399 5529 aut
3440 5477 3580 5531 levia

2010 5541 2141 5604 sint,
2175 5547 2270 5594 aut
2301 5537 2458 5594 l'acile
2486 5538 2709 5595 dissolvi
2736 5542 2970 5611 possint,
3002 5542 3135 5598 nihil
3164 5544 3293 5608 erit,
3313 5545 3459 5615 quod
3476 5559 3579 5601 nos

2009 5609 2396 5665 vetustissima}
2419 5609 2566 5663 illius
2593 5611 2890 5680 opinionis,
2921 5625 2986 5668 ae
3036 5622 3318 5668 tantorum
3348 5613 3575 5668 Patrum

2012 5678 2351 5760 auctoritatis
2380 5684 2435 5732 et
2460 5682 2838 5737 consensionis
2866 5682 3147 5750 poeniteat.
3184 5680 3319 5736 Vide
3400 5697 3484 5738 uae
3508 5679 3579 5738 iio

2012 5747 2098 5802 his
2123 5747 2492 5803 eruditissime
2520 5746 2808 5807 serrarius
2841 5763 3023 5808 noster
3049 5752 3144 5807 lib.
3178 5767 3238 5806 iii
3272 5748 3364 5806 Tri
3404 5748 3582 5804 oeresii

2012 5817 2275 5873 adversus
2310 5812 2645 5890 scaligerum
2680 5835 2744 5876 ac
2771 5818 2994 5877 lunium
3023 5820 3267 5876 disserit.
