3850 6517
291 533 429 596 ¹025

885 485 903 499 ·
940 531 1302 592 ADVERSUS
1346 531 1686 590 HAERESES
1726 533 1854 590 Lm.
1882 533 1950 589 lt.
1993 531 2157 589 Toat.
2195 532 2233 589 1.
2273 563 2342 575 -
2374 532 2648 587 ttAEttES.
2691 531 2825 586 ΗΧ.

3395 529 3534 584 1026

284 674 401 719 νου,
448 652 788 720 συναφθέντα
835 651 1061 722 δευτέρᾳ
1104 650 1341 720 γυναικὶ,
1375 650 1409 722 ἢ
1452 651 1587 723 γυνὴ
1626 650 1863 723 δευτέρῳ
1890 658 1938 713 Δ
1965 650 2240 720 copulent.
2305 649 2626 718 Quanquam
2675 646 2766 716 qui
2807 659 2968 699 unam
3003 642 3268 698 duntaxat
3305 642 3526 707 habuit,

286 744 462 814 ἀνδρὶ,
483 744 583 797 οὐκ
609 744 843 796 αἰτιᾶται
875 744 903 795 ό
925 742 1062 804 θεῖος
1094 742 1270 810 λόγος,
1295 742 1417 796 οὐδὲ
1456 744 1564 797 ἀπὸ
1590 744 1690 814 τῆς
1734 743 1855 797 Ἐκ-

288 834 515 904 κλησίας
541 833 634 886 καὶ
669 833 766 903 τῆς
797 831 945 901 ζωῆς
981 832 1367 903 ἀποκηρύττει,
1393 833 1526 886 ἀλλὰ
1564 832 1854 888 διαόαστά-

289 924 370 989 ζει
390 925 476 977 διὰ
501 925 563 978 τὸ
588 924 843 987 ἀσθενές·
875 926 974 994 ούχ
1003 924 1089 977 ἵνα
1116 924 1210 978 δύο
1234 927 1496 994 γυναῖκας
1522 925 1614 979 ἐπὶ
1636 912 1698 979 τὸ
1725 926 1856 980 αὐτὸ

292 1019 391 1086 σχῇ
426 1016 504 1069 ἔτι
535 1016 825 1087 περιούσης
855 1015 956 1085 τῆς
988 1017 1137 1086 μιᾶς,
1171 1015 1284 1069 ἀλλ’
1317 1016 1425 1069 ἀπὸ
1465 1018 1593 1087 μιᾶς
1629 1018 1858 1087 ἀποσχε-

290 1106 422 1170 estc,
456 1107 703 1178 δευτέρᾳ,
737 1108 787 1160 εί
830 1106 1069 1177 τύχοιεν,
1110 1106 1257 1176 νόμῳ
1294 1107 1646 1177 συναφθῆναι.
1688 1106 1858 1161 Ἐλεεῖ

285 1190 473 1245 τοῦτον
501 1193 529 1243 ό
572 1193 723 1259 άγιος
755 1191 911 1261 λόγος
948 1192 1044 1246 καὶ
1086 1194 1120 1263 ἡ
1169 1192 1299 1261 ἁγία
1348 1192 1482 1247 Θεοῦ
1527 1195 1849 1265 Ἐκκλησία·

291 1279 523 1348 μάλιστα
548 1281 603 1331 εί
630 1280 884 1347 τυγχάνει
905 1282 933 1333 ό
964 1278 1199 1342 τοιοῦτος
1226 1278 1296 1331 τὰ
1322 1279 1456 1333 ἄλλα
1483 1281 1736 1353 εὐλαδὴς,
1760 1283 1855 1336 καὶ

287 1366 429 1418 κατὰ
475 1366 635 1435 νόμον
687 1366 820 1420 Θεοῦ
870 1367 1296 1437 πολιτευόμενος.
1329 1367 1441 1420 Καὶ
1488 1367 1597 1439 γὰρ
1636 1370 1737 1422 οὐκ
1787 1370 1854 1423 ἂν

285 1458 469 1526 ἔλεγεν
494 1459 523 1509 ό
568 1459 621 1511 'A
630 1458 885 1522 πόστολος
918 1461 1033 1523 ταῖς
1060 1462 1281 1529 χήραις·
1317 1459 1723 1532 Γαμείτωσαν,
1759 1478 1854 1514 τε·

276 1550 776 1615 -κνογονείτωσαν,
826 1548 1440 1604 οἱκοδεσποτείτωσαν
1453 1565 1467 1579 ·
1517 1550 1639 1603 οὐδὲ
1693 1551 1853 1606 πάλιν

286 1641 434 1708 ἔλεγε
464 1641 539 1711 τῷ
581 1641 732 1712 ἀνδρὶ
757 1640 837 1711 τῷ
878 1640 976 1713 τὴν
1011 1643 1238 1709 γυναῖκα
1279 1642 1372 1697 τοῦ
1419 1641 1623 1712 πατρὸς
1655 1640 1849 1711 ἔχοντι,

275 1732 381 1785 ’καὶ
407 1731 799 1798 παραδοθέντε
835 1730 915 1796 τῷ
935 1729 1169 1799 Σατανᾷ
1198 1734 1286 1797 είς
1317 1732 1566 1802 ὄλεθρον
1590 1736 1816 1801 σαρκός
1834 1747 1850 1763 ·

288 1815 423 1875 ’Ἵνα
452 1820 517 1874 τὸ
547 1819 782 1889 πνεῦμα
815 1818 981 1887 σωθῇ
1011 1820 1081 1873 ἐν
1115 1819 1192 1888 τῇ
1234 1820 1419 1890 ἡμέρᾳ
1460 1821 1565 1875 τοῦ
1599 1822 1847 1889 Κυρίου·

263 1911 384 1963 ἆοὐκ
421 1909 581 1978 ἔλεγε
628 1910 816 1963 πάλιν·
870 1908 1200 1977 Κυρώσατε.
1227 1914 1315 1978 είς
1368 1913 1554 1966 αὐτὸν
1586 1912 1849 1982 ἀγάπην,

1956 742 2151 808 majori
2184 739 2441 795 Ecclesia:
2468 738 2676 808 judicio
2713 738 2919 792 bonore
2947 735 3147 804 dignus
3169 744 3272 789 est.
3296 732 3401 789 Sed
3424 734 3513 787 cui

1955 840 2171 887 mortua
2227 845 2336 885 una
2395 845 2504 884 non
2550 827 2769 899 sufficit,
2826 843 2948 881 cum
3000 826 3292 881 occasione
3345 825 3529 893 aliqua

1954 923 2128 992 stupri
2180 921 2564 990 adulteriique,
2614 927 2708 973 aut
2755 919 2984 974 alterius
3015 916 3237 987 flagitii,
3285 929 3410 969 cunt
3463 930 3529 970 ca

1954 1013 2244 1069 divortium
2277 1011 2486 1075 fecerit,
2513 1011 2561 1065 is
2583 1010 2629 1066 si
2661 1012 2887 1064 alteram
2915 1022 3137 1062 uxorem
3159 1006 3399 1068 duxerit,
3429 1014 3527 1059 aut

1954 1104 2111 1158 alteri
2150 1102 2270 1156 viro
2312 1101 2510 1156 mulier
2559 1101 2831 1169 nupserit,
2872 1113 3152 1153 sacrarum
3202 1095 3532 1151 Litterarum

1954 1191 2252 1246 auctoritas
2303 1191 2372 1245 ab
2415 1191 2559 1244 omni
2633 1190 2791 1258 culpa
2859 1187 2981 1242 illos
3030 1185 3306 1249 absolvit,
3358 1199 3534 1253 neque

1954 1283 2023 1337 ab
2079 1280 2344 1345 Ecclesia,
2389 1290 2484 1334 aut
2525 1292 2726 1334 aeterna
2768 1278 2877 1332 vita
2923 1278 3122 1347 rejicit,
3167 1276 3261 1331 sed
3313 1282 3535 1345 propter

1952 1371 2376 1426 imbecillitatem
2412 1369 2720 1425 tolerandos
2752 1368 3044 1423 existimat.
3072 1365 3192 1422 Non
3218 1369 3288 1421 ita
3317 1374 3527 1425 tamen,

1954 1461 2094 1518 duas
2131 1471 2190 1517 ut
2219 1464 2387 1517 altera
2419 1461 2714 1531 superstite
2743 1473 2943 1514 uxores
2985 1459 3148 1514 simul
3185 1457 3404 1520 habeat,
3439 1455 3535 1510 scd

1955 1562 2014 1609 ut
2045 1554 2113 1609 ab
2137 1570 2248 1608 una
2278 1559 2584 1624 separatuS,
2611 1552 2836 1606 alteram
2873 1550 2975 1605 sibi
3002 1548 3258 1619 legitime,
3286 1548 3332 1601 si
3364 1545 3532 1608 lubet,

1953 1645 2233 1716 adjungat.
2257 1643 2624 1711 Quamobrem
2656 1657 2784 1712 erga
2814 1639 3083 1711 ejusmodi
3118 1639 3390 1694 hominem
3423 1645 3535 1690 tam

1953 1735 2175 1791 divinus
2203 1750 2406 1799 sermo,
2466 1750 2624 1806 quam
2669 1734 2910 1788 Ecclesia
2962 1730 3053 1786 Dei
3098 1728 3535 1785 misericordiam

1954 1822 2211 1889 adhibet,
2258 1823 2557 1893 praesertim
2611 1823 2655 1876 si
2699 1821 2909 1876 caeteris
2945 1821 3000 1874 in
3042 1819 3204 1874 rebus
3247 1818 3536 1887 teligiosus

1954 1915 2044 1969 ille
2090 1913 2182 1986 sit,
2227 1921 2281 1968 et
2318 1912 2386 1967 ad
2431 1913 2628 1967 divina:
2676 1914 2810 1983 legis
2856 1910 3230 1983 praescriptum
3265 1908 3389 1963 vitae
3424 1924 3536 1963 sua:

270 1996 384 2053 ’ἵνα
411 2000 495 2069 μὴ
527 2000 601 2069 τῇ
633 2000 1029 2071 περισσοτέρᾳ
1050 2002 1220 2070 λύπῃ
1257 2001 1568 2071 καταποθῇ
1604 2006 1637 2057 ὀ
1666 2004 1853 2058 τοιοῦ·
1887 2009 1932 2064 Β
1961 2005 2200 2060 rationes
2224 2005 2620 2059 accommodet.
2648 2003 2803 2069 Quod
2829 2003 2933 2058 nisi
2966 2003 3038 2056 ita
3065 2009 3231 2067 esset,
3255 2016 3534 2069 nunquam

283 2107 406 2155 τος.
444 2090 635 2159 Ἔλεγε
693 2090 801 2162 γὰρ
846 2088 1041 2143 πάλιν·
1088 2084 1165 2160 ’ᾩ
1211 2107 1268 2144 τι
1310 2090 1633 2161 χαρίᾰιῑσθε,
1672 2094 1850 2162 κάγὼ.

282 2183 454 2245 Διότι,
492 2181 550 2233 εἴ
584 2198 638 2233 τι
677 2179 1048 2250 κεχάρισμαι,
1098 2178 1176 2233 δι’
1202 2179 1359 2248 ὑμᾶς
1397 2180 1751 2250 κεχάρισμαι
1785 2182 1855 2236 ὲν

282 2273 575 2340 προσώπῳ
605 2270 882 2340 Χριστοῦ,
920 2271 1021 2325 ἵνα
1046 2268 1134 2340 μή
1164 2270 1699 2341 πλεονεκτηθῶμεν
1734 2272 1853 2326 ὑπὸ

284 2361 391 2415 τοῦ
421 2360 674 2415 Σατανᾶ.
715 2362 798 2415 Οὐ
829 2360 938 2430 γὰρ
968 2359 1153 2413 αὑτοῦ
1193 2360 1267 2426 τὰ
1306 2360 1573 2431 νοήματα
1603 2363 1855 2431 ἀγνοοῦ-

281 2467 416 2517 μεν.
460 2451 568 2504 Καὶ
597 2452 728 2521 ὁρᾷς
769 2450 886 2514 πῶς
914 2449 1095 2503 δίδωσι
1130 2452 1414 2521 μετάνοιαν
1465 2454 1559 2507 καὶ
1607 2453 1747 2525 μετὰ
1785 2453 1855 2509 τά

290 2543 743 2613 παραπτώματα;

1959 2093 2138 2150 viduis
2168 2094 2464 2165 Apostolus
2494 2094 2758 2149 dixisset:
2790 2091 3031 2157 Nubant,
3063 2092 3205 2162 filios
3230 2101 3532 2160 procreent,

1960 2183 2182 2253 [amilioe
2205 2184 2423 2251 proesint
2460 2183 2499 2238 ¹.
2547 2181 2653 2237 Sed
2689 2198 2867 2251 neque
2896 2181 2964 2236 de
3010 2180 3227 2235 homine
3272 2180 3396 2243 illo,
3440 2180 3534 2249 qui

1959 2274 2133 2344 patris
2175 2287 2398 2327 uxorem
2432 2271 2691 2336 duxerat,
2722 2270 2794 2325 ob
2834 2270 2996 2340 idque
3022 2268 3238 2325 Satanoe
3275 2270 3331 2323 in
3373 2269 3536 2322 inter-

1959 2367 2092 2418 itum
2126 2364 2303 2417 omnis
2339 2363 2569 2417 traditus
2604 2363 2801 2432 [tter-at,
2838 2363 2914 2416 ita
2963 2362 3299 2433 loqueretur,
3323 2371 3379 2413 ιιι
3430 2361 3537 2428 spi·

1960 2456 2098 2508 ritus
2140 2454 2317 2508 salvus
2357 2454 2425 2508 sit
2461 2454 2517 2507 in
2560 2454 2645 2507 die
2676 2452 2890 2507 Domini
2911 2455 2969 2515 ⁸,
3008 2468 3184 2522 neque
3208 2452 3340 2506 illud
3376 2467 3536 2505 usur-

1961 2552 2163 2616 paret:
2212 2542 2536 2610 Confirmate
2587 2545 2642 2598 in
2684 2544 2834 2597 illum
2891 2544 3225 2608 charitatem,
3272 2560 3335 2596 ne
3369 2543 3536 2596 abun-

282 2635 524 2689 dantiore
572 2634 792 2688 tristitia
821 2630 1171 2687 absorbeatur
1206 2633 1466 2703 ejusmodi
1490 2634 1531 2688 ⁸.
1572 2634 1782 2701 Quibus
1802 2636 1919 2692 baec
1939 2634 2138 2705 adJecit
2163 2651 2177 2688 ι
2207 2631 2307 2688 Cui
2332 2633 2534 2703 aliquid
2559 2633 2822 2697 donastis,
2846 2644 2895 2688 et
2916 2649 3010 2703 eqo
3027 2648 3047 2697 ,·
3073 2634 3321 2703 quoniam
3354 2632 3534 2701 siquid

283 2732 474 2786 donari
499 2772 515 2795 ,
576 2738 789 2800 propter
838 2744 936 2783 ,τοι
976 2727 1170 2782 donam·
1199 2728 1261 2782 in
1312 2729 1450 2798 Ῑαάε
1486 2727 1716 2792 Christi,
1765 2746 1828 2785 ne
1885 2729 2357 2783 circumveniamur
2397 2744 2429 2780 α
2470 2726 2714 2782 Salona:
2748 2743 2907 2797 neque
2940 2726 3078 2780 enim
3117 2725 3264 2779 illius
3308 2727 3535 2780 astutias

285 2822 592 2893 ignoramus
621 2824 666 2879 ⁸.
718 2818 882 2876 Vides
914 2827 974 2873 ut
998 2820 1329 2889 poenitentiae
1387 2820 1565 2875 locum
1600 2822 1765 2876 etiam
1804 2829 1931 2892 post
1968 2820 2167 2876 delicta
2198 2817 2498 2873 concedat?

357 2934 435 2988 13⁰.
466 2930 785 2988 nativa-t
823 2928 1028 3001 Κύριός
1078 2943 1272 2999 φησιν·
1306 2929 1520 2997 Ἅφετε
1565 2928 1860 2994 ἀλλήλοις

285 3025 361 3078 τὰ
415 3021 870 3094 παραπτώμαήι,
916 3022 1018 3075 ἵνα
1059 3019 1158 3075 καὶ
1203 3021 1253 3073 ·ὀ
1304 3016 1507 3085 Πατὴρ
1536 3018 1702 3087 ὑμῶν
1727 3021 1762 3073 ὀ
1790 3018 1863 3072 ὲν

181 3149 190 3156 -
284 3112 519 3181 οὐρανῷ
554 3111 776 3183 ἀφήσει
799 3107 966 3181 ἡμῖν.
1006 3108 1166 3162 Ἀλλὰ
1194 3108 1287 3162 καὶ
1331 3110 1390 3160 ὲν
1424 3107 1572 3177 ἄλλῳ
1595 3108 1746 3179 τόπῳ
1770 3107 1861 3162 οὖ-

283 3223 390 3269 τως
413 3205 547 3274 φησί
562 3222 576 3235 ·
605 3203 896 3271 Heronio-m
925 3201 1196 3267 πολλοὺς
1227 3199 1369 3265 τοὺς
1410 3198 1482 3252 ἐν
1508 3197 1654 3267 ἡμῖν
1673 3214 1861 3268 παρα-

285 3293 603 3359 πεσόντας,
655 3292 756 3348 καί
779 3336 784 3341 .
797 3291 886 3363 μὴ
932 3288 1426 3360 μετανοήσαντας
1445 3303 1458 3316 ·
1497 3286 1573 3351 ὡς
1622 3286 1855 3355 δεικνὺς,

2029 2925 2094 2980 V.
2131 2925 2212 2980 Ad
2242 2926 2357 2980 haec
2381 2924 2592 2979 Domini
2626 2924 2717 2978 illa
2750 2938 2851 2981 vox
2876 2931 2983 2989 cst,
3023 2923 3286 2979 Dinnittite
3318 2925 3535 2980 invicem

1954 3028 2192 3087 peccata,
2212 3026 2268 3070 ιιι
2294 3025 2344 3071 et
2377 3014 2539 3069 Pater
2558 3024 2745 3078 vester,
2775 3016 2864 3086 qui
2899 3016 2954 3069 in
2988 3015 3133 3069 coelis
3155 3024 3257 3082 est,
3291 3014 3536 3071 dimittat

1955 3109 2098 3162 vobis
2125 3108 2169 3160 ⁸.
2229 3104 2432 3160 Deinde
2478 3106 2559 3161 sic
2602 3105 2710 3159 alio
2746 3106 2867 3159 loco
2917 3105 3137 3175 scripsit
3191 3107 3533 3176 Apostolus:

1955 3197 2164 3268 Laqebo
2194 3197 2409 3261 multos,
2446 3196 2538 3266 qui
2568 3196 2624 3249 in
2652 3196 2794 3249 vobis
2825 3197 3133 3252 cecideram
3162 3215 3321 3269 neque
3361 3201 3532 3269 poeeti·

1960 3290 2174 3345 tentiam
2213 3296 2426 3359 egerunt
2460 3288 2514 3353 ⁸,
2561 3294 2620 3342 ιιι
2651 3289 2926 3353 ostendat,
2963 3290 3178 3346 tametsi
3206 3290 3525 3358 ceciderint,

283 3384 387 3449 ὅτι,
446 3385 495 3437 ει
538 3384 635 3437 καὶ
686 3382 1027 3455 παρέπεσαν,
1076 3380 1170 3434 καὶ
1200 3378 1551 3451 μετενόησαν,
1592 3377 1856 3432 εισδεκτοι
1884 3356 1931 3417 C
1960 3395 2026 3435 ac
2065 3380 2442 3451 poenitentiam
2479 3378 2853 3453 susceperint,
2893 3380 3106 3435 admitti
3157 3381 3533 3448 nihilominus,

286 3469 430 3529 οὗτοι
447 3475 709 3543 γίνονται,
744 3473 840 3528 καὶ
870 3472 970 3525 οὐκ
1004 3469 1496 3542 άποὸληθησονται,
1518 3467 1612 3521 τοῦ
1649 3468 1855 3539 Κυρίου

284 3563 641 3635 γινώσκοντος
674 3562 728 3622 τί
750 3561 893 3637 μετὰ
919 3561 1149 3616 ἑκάστου
1181 3561 1467 3635 ποιήσειε..

354 3677 466 3731 Καὶ
507 3657 797 3743 ὅτιμὲν-ὁ
820 3672 1004 3724 κανὼν
1043 3672 1140 3738 τῆς
1172 3671 1429 3739 ἀληθείας
1469 3669 1709 3725 τοιοῦτον
1745 3671 1865 3742 ἔχει,

1961 3485 2064 3527 nec
2095 3471 2319 3527 omnino
2361 3470 2534 3541 rejici.
2566 3469 2726 3525 Novit
2763 3470 2908 3525 enim
2949 3470 3214 3527 Dominus
3246 3472 3378 3542 quid
3413 3474 3532 3527 uni·

1959 3566 2160 3635 cuique
2190 3564 2438 3620 facturus
2459 3564 2551 3621 sit.

2031 3674 2186 3741 Quod
2219 3675 2385 3745 igitur
2413 3675 2661 3731 veritatis
2689 3674 2872 3747 regula
2901 3674 2969 3729 ad
2991 3688 3110 3729 eam
3146 3690 3268 3730 sese
3299 3675 3531 3731 sormam

283 3768 377 3817 τὸν
398 3761 749 3833 χαρακτῆρα.
789 3758 951 3810 παντί
978 3774 1055 3827 τῳ
1082 3758 1252 3826 σαφές
1279 3762 1415 3812 ἐστι.
1449 3760 1603 3814 Μετὰ
1630 3762 1739 3833 γὰρ
1760 3762 1859 3835 τὴν
1921 3764 2179 3829 —babeat,
2205 3765 2408 3819 nemini
2432 3773 2518 3821 est
2545 3765 2863 3821 obscurum.
2900 3764 3112 3835 Quippe
3141 3772 3267 3835 post
3296 3766 3534 3835 priorem

288 3853 513 3925 πρώτην
543 3843 830 3921 μετάνοιαν
858 3848 954 3921 τὴν
979 3848 1064 3902 διὰ
1087 3849 1182 3903 τοῦ
1210 3849 1435 3921 λουτροῦ
1467 3852 1566 3922 τῆς
1594 3853 1857 3923 παλιγγε-

291 3944 503 4006 νεσίας,
535 3946 592 3996 ὲν
630 3937 662 4017 ᾗ
703 3939 960 4014 μετανοίᾳ.
1007 3940 1359 4012 άνεκαινίσθη
1404 3945 1512 4007 πᾶς
1552 3943 1854 4017 ἅνθρωπος,

290 4032 514 4103 δευτέρα
544 4050 626 4095 τις
656 4032 879 4104 τοιαύτη
904 4033 1002 4102 οὐχ
1027 4032 1277 4104 ὑπάρχει.
1311 4031 1449 4086 Οὔτε
1475 4033 1584 4103 γὰρ
1620 4035 1714 4088 δύο
1752 4038 1858 4090 εἰσὶ

293 4124 661 4195 βαπτίσματα,
686 4123 821 4177 ἀλλὰ
846 4123 935 4177 ἓν·
974 4123 1096 4177 οὔτε
1132 4123 1212 4188 δὶς
1256 4124 1570 4197 ἐσταυρώθη
1601 4127 1856 4197 Χριστὸς,

291 4215 406 4270 ἀλλ’
433 4214 598 4280 ἅπαξ·
620 4214 841 4279 obt-effic
852 4215 1127 4269 άπέθωνεν
1154 4214 1298 4285 ὑπὲρ
1318 4216 1495 4287 ἡμῶν,
1514 4216 1608 4273 καὶ
1633 4216 1855 4287 ἀνέστη.

292 4303 399 4359 Καὶ
429 4304 616 4359 τούτου
650 4305 809 4376 χάριν
836 4304 1304 4375 ἐπασφαλίσασθαι
1330 4305 1430 4370 δεῖ,
1458 4307 1546 4361 ἶνα
1575 4307 1650 4378 μὴ
1680 4324 1859 4377 παρα-

288 4397 564 4462 πεσόντες,
596 4398 688 4452 τὸν
723 4397 1123 4467 στέφανον·τοῦ
1147 4399 1541 4471 άνακαινισμοῦ
1582 4400 1859 4456 ἀπολέσω-

290 4506 411 4559 μεν.
469 4488 629 4554 'me
663 4488 759 4544 ἐὰν
797 4507 884 4554 τις
925 4490 1249 4562 παραπέσῃ,
1290 4490 1388 4545 καὶ
1433 4490 1754 4560 προληφθῇ
1786 4490 1859 4545 ἕν

286 4597 404 4634 τινι
447 4579 868 4649 παραπτώματι
886 4619 902 4644 ,
936 4581 1014 4643 ὡς
1056 4580 1205 4650 λέγει
1248 4582 1278 4632 ὁ
1320 4579 1660 4644 Ἀπόστολος,
1689 4580 1858 4650 ὑμεῖς

1959 3855 2355 3924 poenitentiam,
2387 3871 2508 3926 quae
2541 3871 2637 3926 per
2672 3857 2930 3911 secunda:
2964 3858 3332 3928 generationis
3365 3859 3531 3913 lotio-

1958 3962 2082 3999 nem
2105 3946 2401 4011 obtinetur,
2436 3947 2489 4001 in
2515 3962 2622 4017 qua
2656 3947 2989 4018 poenitentiae
3022 3946 3284 4002 beneficio
3305 3947 3529 4016 quilibet

1960 4047 2253 4092 renovatus
2300 4046 2421 4100 est,
2473 4037 2743 4107 ejusmodi
2803 4038 3042 4092 secunda
3090 4038 3327 4108 amplius
3381 4039 3530 4094 nulla

1961 4127 2286 4197 poeuitentia
2323 4129 2583 4198 suppetit.
2609 4128 2728 4184 Non
2768 4129 2914 4184 enim
2944 4129 3196 4199 baptismi
3221 4130 3332 4184 duo
3364 4138 3530 4194 sunt,

1966 4217 2063 4274 sed
2093 4234 2238 4276 unus
2264 4218 2548 4275 duntaxat.
2579 4218 2766 4290 Neque
2802 4220 2885 4275 bis
2925 4220 2981 4274 in
3025 4235 3245 4292 crucem
3279 4220 3530 4277 Christus

1959 4318 2115 4363 actus
2147 4316 2255 4372 est,
2293 4309 2388 4364 sed
2436 4311 2640 4377 semel;
2675 4325 2784 4365 non
2831 4310 3180 4387 hisdemque
3226 4326 3328 4381 pro
3374 4313 3528 4369 nobis

1960 4407 2212 4454 mortuus
2227 4406 2333 4459 est,
2350 4413 2415 4453 ac
2428 4401 2745 4456 resurrexit.
2759 4400 2926 4473 m
2940 4399 3300 4467 Quamobrem
3315 4417 3528 4458 summa

1958 4489 2032 4543 ob
2066 4488 2121 4542 id
2148 4489 2456 4545 adhibenda
2488 4493 2671 4546 cautio
2695 4501 2802 4557 est,
2830 4508 2921 4560 ne,
2950 4494 2998 4549 si
3024 4494 3079 4548 in
3102 4504 3383 4564 peccatum
3405 4512 3532 4566 pro-
3622 4500 3627 4505 ’

1960 4577 2098 4648 lapsi
2153 4577 2438 4643 fuerimus,
2485 4580 2902 4637 instaurationis
2946 4584 3095 4640 illius
3132 4600 3333 4640 corona
3369 4588 3526 4644 nobis

287 4674 340 4724 ol
366 4670 750 4740 πνευματικοί
779 4668 1144 4739 καταρτίζετε
1174 4670 1283 4725 τὸν
1309 4668 1578 4723 τοιοῦτον
1595 4669 1667 4723 ἐν
1688 4672 1863 4725 πνεύ-
1890 4675 1936 4731 1)
1965 4677 2169 4740 pereat.
2203 4667 2309 4725 Sed
2338 4671 2385 4727 si
2408 4672 2536 4742 quis
2564 4680 2743 4727 tamen
2766 4674 2956 4744 lapsus
2979 4675 3164 4743 fuerit,
3193 4676 3454 4748 fueritque
3475 4680 3527 4735 in

287 4778 423 4831 ματι
470 4765 828 4829 πραότητος·
882 4760 1131 4815 σκοπῶν
1173 4760 1462 4823 σεαυτὸν.
1496 4760 1585 4830 μὴ
1636 4762 1734 4816 καί
1776 4762 1859 4817 σὺ

287 4852 633 4921 πειρασθῇς.
685 4851 810 4907 Ἐάν
854 4870 938 4917 τις
982 4848 1074 4908 οὖν
1120 4852 1405 4924 προληφθῇ
1453 4852 1858 4925 παραπτώματι

289 4945 347 4997 ὲν
374 4944 472 5013 οἴῳ
496 4944 541 4997 δ’
566 4944 636 4997 ἂν
662 4943 771 5016 εἴη.
801 4944 1143 5015 μετανοείτω.
1169 4942 1392 5014 Δέχεται
1422 4943 1535 5014 γὰρ
1553 4944 1583 4997 ό
1603 4943 1733 5007 Θεὸς
1758 4944 1859 5014 τὴν

292 5035 577 5101 μετάνοιαν
618 5036 713 5089 καὶ
739 5034 875 5105 μετὰ
906 5034 966 5087 τὸ
992 5034 1292 5106 βάπτισμα,
1312 5035 1409 5088 ἐάν
1431 5052 1513 5099 τις
1542 5035 1855 5106 παραπέσῃ.

293 5123 413 5187 Πῶς
451 5123 511 5176 δὲ
552 5124 688 5195 μετὰ
734 5123 892 5178 τοῦτο
938 5127 1131 5187 ποιεῖν,
1175 5124 1336 5187 αὐτὸς
1374 5125 1533 5195 μόνος
1576 5123 1854 5194 γινώσκει.

301 5214 751 5284 Ἁνεξερεὺνητα
770 5214 878 5286 γὰρ
906 5213 975 5269 τὰ
1016 5215 1267 5284 κρίματα
1302 5214 1512 5279 αὑτοῦ,
1555 5217 1653 5270 καὶ
1685 5216 1859 5282 ἀνεξ-

290 5306 586 5372 ιχνίαστοι
615 5309 677 5361 αἱ
716 5305 843 5361 όδοι
880 5302 1101 5359 αὐτοῦ·
1159 5305 1252 5359 καὶ
1300 5305 1407 5377 πρὸ
1439 5306 1536 5373 τῆς
1563 5307 1861 5378 παρουσίας

290 5396 350 5447 οὗ
376 5397 457 5450 δεῖ
479 5399 683 5468 κρίνειν
701 5416 714 5427 ·
748 5397 902 5463 Ἕως
922 5396 1001 5451 ἂν
1018 5397 1166 5467 ἔλθῃ
1192 5400 1226 5453 ὀ
1246 5399 1481 5466 Κύριος,
1505 5398 1575 5465 ὃς
1595 5399 1694 5453 καὶ
1720 5401 1863 5455 dao-

290 5487 549 5554 καλύψει
592 5487 665 5541 τὰ
716 5486 1038 5555 άπόκρυφα
1086 5486 1197 5554 τῆς
1245 5485 1511 5554 καρδίας.
1559 5488 1671 5541 Καὶ
1729 5490 1862 5542 τότε

289 5577 530 5644 ἔπαινος
595 5576 856 5633 ἑκάστου
919 5576 1179 5647 φανερός
1230 5576 1566 5647 γενήσεται.
1629 5577 1692 5632 Ἠ
1748 5578 1861 5648 γὰρ

1964 4762 2142 4833 aliquo
2172 4762 2384 4829 delicto,
2411 4771 2470 4818 ιιι
2496 4764 2794 4835 Apostolus
2824 4765 3084 4835 loquitur,
3111 4779 3527 4838 proeoccnpatur,

1959 4872 2047 4910 ros
2082 4856 2172 4925 qui
2199 4856 2468 4924 spiritales
2482 4857 2631 4921 estis,
2663 4856 2924 4926 ejusmodi·
2960 4859 3208 4914 instruite
3246 4860 3299 4913 in
3338 4861 3525 4928 spiritu
3566 4848 3576 4857 ⁸

1956 4945 2214 5009 lenitatis,
2243 4946 2585 5000 considerans
2608 4949 2958 5016 temetipsum,
2991 4965 3054 5004 ne
3079 4958 3130 5004 et
3160 4959 3217 5003 ιιι
3247 4953 3463 5005 tenteris
3481 4952 3525 5006 ⁴¹.

1956 5036 2226 5103 Quocirca
2264 5038 2309 5091 si
2326 5038 2452 5108 quis
2468 5048 2690 5109 peccato
2702 5040 2907 5111 aliquo,
2927 5041 3291 5113 quodcunque
3308 5043 3526 5098 deinum
3556 5115 3561 5119 Ι

1957 5129 2089 5183 illud
2135 5130 2228 5195 sit,
2275 5139 2577 5201 occupatus
2605 5132 2803 5198 l'uerit,
2848 5133 3013 5201 buius
3055 5134 3207 5190 illum
3242 5136 3524 5205 poeniteat.

1956 5219 2341 5276 Poenitentiam
2360 5223 2506 5277 enim
2534 5222 2617 5277 vel
2633 5221 2763 5295 pos‘t
2793 5224 3123 5295 baptismum
3140 5227 3342 5298 accipit
3360 5227 3524 5292 Deus,

1956 5309 2006 5365 si
2033 5310 2160 5379 quis
2183 5310 2324 5367 l'orte
2344 5312 2656 5382 deliquerit.
2685 5311 2827 5380 Quid
2850 5323 3030 5370 autem
3054 5317 3316 5388 deinceps
3338 5318 3523 5384 saciat,

1957 5402 2110 5457 solus
2141 5402 2259 5471 ipse
2279 5404 2452 5458 novit.
2495 5402 2875 5461 inscrutabilia
2906 5406 3177 5475 siquidem
3207 5409 3354 5465 illius
3376 5412 3524 5480 jadi-

1955 5492 2041 5546 cia
2063 5502 2209 5557 sunt,
2240 5503 2290 5548 et
2312 5494 2703 5565 investigabiles
2727 5498 2824 5552 οἱα
2850 5497 2968 5567 ejus
2993 5498 3048 5565 ⁸3
3087 5515 3189 5556 nec
3216 5510 3342 5558 ante
3379 5504 3524 5559 illius

1958 5582 2253 5638 adrentum
2270 5583 2518 5654 judicare
2532 5601 2862 5658 quemquam
2886 5597 3132 5662 oportet:
3159 5589 3333 5648 Donec
3354 5594 3525 5662 veniat„

366 5822 381 5852 ¹
418 5820 591 5879 lCor.
621 5825 811 5890 νιι,9;
843 5823 858 5876 l
890 5824 1031 5879 Tim.
1061 5841 1117 5887 v,
1152 5824 1238 5878 Ν.
1318 5824 1391 5878 ⁸'l
1423 5823 1550 5877 Cor.
1575 5839 1629 5890 v,
1653 5821 1706 5878 5.
1788 5825 1808 5855 ⁸
1837 5824 2017 5883 llC0r.
2053 5845 2115 5894 ιι,
2166 5829 2196 5881 'a'
2239 5838 2290 5885 ι·ι
2323 5831 2378 5886 8.
2455 5829 2479 5864 ⁸
2519 5829 2650 5888 ibid.
2693 5833 2777 5902 10,
2816 5836 2898 5893 ll.
2975 5836 2997 5869 ⁸
3035 5834 3227 5891 Uattb.
3291 5849 3367 5895 vt,
3434 5831 3518 5888 Η.

283 5888 315 5962 ,ὗ
343 5888 391 5947 lt
417 5892 545 5949 Cor.
580 5910 678 5961 xit,
719 5896 809 5949 2¹.
907 5898 925 5927 ⁸
962 5894 1136 5949 Galat.
1172 5909 1246 5958 νι,
1306 5894 1352 5949 l.
1444 5895 1465 5925 ⁸
1489 5892 1647 5951 Rom.
1675 5910 1749 5962 st,
1774 5894 1863 5951 35.
