3850 6517
431 486 464 527 x
1559 448 1838 543 norim
1878 477 1948 533 m
1989 478 2051 537 s.
2093 479 2533 541 EPlPllANlmfl.

423 616 589 677 prete,
614 623 733 662 cum
776 609 1051 665 corollario
1097 609 1162 667 C.
1193 609 1446 678 Generi:
1477 613 1532 667 7⁰
1564 613 1662 673 Fr.
1695 615 1849 683 Ruei,
1900 620 2090 675 medici
2116 619 2389 689 Insulani,
2417 624 2481 679 de
2511 625 2726 696 gemmis
2755 623 2982 696 aliquot,
3013 625 3079 680 iis
3111 626 3428 696 proesertim,
3458 644 3689 698 quarum

426 700 497 756 D.
526 700 828 756 «loannesin
850 703 1169 775 Apocalypsi
1190 709 1425 765 meminit
1449 720 1498 766 et
1524 712 1651 767 aliis
1672 741 1743 756 -·
1773 712 1898 768 iibri
1925 731 1994 784 ¹¹3
2037 716 2094 772 8⁰
2117 717 2178 774 C.
2201 716 2415 773 Gesner-i
2442 719 2705 775 dte-rerum
2722 718 3265 792 [ossiiiumdapidum
3292 730 3342 776 et
3362 738 3691 792 gemmarum

426 793 675 856 maxime,
701 793 827 864 1599.
859 803 909 848 et
934 795 1395 867 similitudinibus,
1432 802 1563 857 liber
1589 820 1710 858 cum
1738 805 1978 861 iconibus
2011 808 2366 879 plurimis.-
2395 809 2681 883 Epiphanii
2723 812 2861 869 liber
2891 811 2945 867 iu
2974 812 3131 867 titulo
3159 811 3418 881 peculiari
3451 827 3692 867 excusus

434 880 633 938 dicitur
659 881 844 954 Tiguri
876 884 1163 942 MDLXVI.
1196 887 1251 943 ln
1274 891 1502 960 epistola
1535 895 1931 965 nuncupatoria
1967 897 2190 969 scripsit
2225 899 2451 967 Gesner,
2484 916 2544 957 se
2572 900 2851 971 exemplar
2888 915 2994 957 ms,
3022 899 3296 968 accepisse
3321 913 3352 954 a
3380 896 3622 968 Gaspare
3655 915 3690 953 a

429 970 742 1044 Nydbruck,
777 977 1103 1036 Ferdinandi
1132 981 1503 1041 Romanorum
1544 995 1601 1043 et
1629 988 1984 1045 maximiliani
2031 989 2305 1049 Bohemiae
2343 1008 2532 1064 regum
2565 1009 2597 1049 a
2625 992 2889 1061 consiliis,
2917 1001 2973 1048 et
3015 990 3352 1061 marginibus
3395 1005 3541 1055 suas,
3565 1006 3690 1060 qure

423 1064 736 1137 frequentes
769 1080 919 1135 sunt,
955 1073 1219 1143 adjecisse
1244 1079 1669 1148 emendationes,
1701 1098 1768 1137 ex
1798 1083 2116 1154 conjectura
2147 1096 2359 1143 enatas.
2395 1088 2568 1145 codd.
2602 1089 2852 1145 notitiam
2892 1086 3089 1142 addere
3112 1082 3286 1152 iuvat.
3317 1082 3435 1139 Duo
3465 1082 3688 1139 Vatica-

424 1175 525 1213 nos
559 1160 761 1217 indicat
791 1162 1088 1222 Montl'auc.
1122 1166 1178 1221 iu
1211 1167 1277 1225 Β.
1312 1169 1550 1224 biblioth.
1579 1188 1732 1238 mss..
1761 1182 1893 1229 tom.
1925 1172 1969 1241 1,
1995 1190 2120 1248 pag.
2156 1175 2222 1231 15
2250 1176 2314 1241 1),
2344 1185 2398 1232 et
2427 1193 2550 1249 pag.
2579 1179 2649 1235 35
2672 1177 2734 1244 D,
2760 1194 2815 1233 n.
2845 1176 2972 1241 921,
3003 1185 3058 1230 et
3083 1175 3136 1229 in
3166 1175 3333 1228 alium
3355 1172 3602 1229 vatican.
3629 1174 3686 1230 in

421 1250 557 1304 bibl.
588 1252 785 1322 reginae
810 1254 1121 1323 Christiuae,
1157 1274 1211 1329 p.
1238 1259 1307 1317 64
1336 1260 1402 1327 D,
1431 1270 1487 1317 et
1529 1279 1582 1331 p.
1614 1264 1684 1319 88
1714 1263 1777 1321 C.
1802 1297 1873 1308 —-
1895 1264 2033 1322 Tum
2062 1283 2117 1339 p.
2153 1268 2254 1324 169
2292 1270 2339 1324 A
2368 1269 2602 1328 Roman.
2630 1272 2686 1328 in
2730 1271 2798 1328 Β.
2827 1271 3050 1327 Patrum
3079 1270 3139 1327 S.
3175 1271 3369 1334 Basil.,
3400 1269 3685 1339 Epiphanii

421 1354 514 1424 ep.¹
533 1340 604 1394 ad
634 1340 942 1412 Diodorum,
968 1346 1064 1403 Gr.
1100 1348 1287 1420 (coni.
1322 1368 1540 1425 quoque
1561 1354 1856 1413 Montiauc.
1886 1358 1942 1413 in
1965 1358 2152 1413 Diario
2177 1358 2333 1427 Ital„
2361 1375 2415 1432 p.
2446 1361 2616 1430 215).
2651 1392 2719 1403 -
2744 1362 2890 1418 Idem
2921 1372 3053 1418 tom.
3082 1360 3149 1427 ll,
3182 1377 3235 1431 p.
3268 1359 3403 1415 1199
3432 1358 3493 1424 Β,
3525 1359 3687 1413 rodi·

421 1445 541 1485 cem
578 1432 631 1485 in
661 1431 946 1500 Pelliserii,
987 1437 1041 1492 in
1086 1440 1218 1496 bibl.
1260 1442 1488 1501 abbatiae
1514 1443 1572 1500 S.
1602 1442 1746 1501 Petri
1784 1448 1852 1505 de
1886 1446 2191 1504 Seliucurte
2218 1449 2380 1505 dioec.
2425 1450 2813 1506 Ambianensis
2855 1451 3117 1508 nominat.
3154 1482 3222 1495 —
3255 1450 3496 1505 venetiis
3543 1451 3687 1505 inter

424 1523 582 1579 codd.
611 1523 887 1584 Nanianos
913 1532 966 1584 in
997 1531 1118 1587 cod.
1158 1530 1280 1599 152,
1313 1531 1368 1586 in
1394 1531 1611 1588 Collect.
1640 1536 2021 1591 sententiarum
2043 1553 2071 1591 c
2092 1535 2197 1593 SS.
2226 1547 2277 1594 et
2306 1535 2576 1606 Patribus,
2601 1553 2727 1610 pag.
2755 1539 2845 1606 77,
2873 1538 3095 1595 affertur
3115 1539 3402 1609 explicatio
3431 1537 3680 1592 omnium

421 1629 502 1669 ιιι
532 1614 837 1685 lapillorum
863 1635 931 1676 ex
959 1621 1077 1689 ipso
1101 1619 1404 1694 Epiphanio
1432 1639 1446 1676 ι
1471 1651 1542 1663 -
1568 1622 1626 1677 in
1653 1623 1774 1679 cod.
1804 1623 1933 1690 297,
1959 1640 2015 1680 ιι.
2044 1624 2101 1691 5,
2135 1641 2190 1695 p.
2221 1625 2310 1691 75,
2349 1624 2540 1696 ΕρὶρΙι.
2567 1624 2634 1680 de
2669 1640 2747 1681 ιιι
2779 1626 2999 1696 lapillis.
3032 1625 3099 1681 V.
3135 1624 3314 1680 Catat.
3344 1624 3500 1677 codd.
3533 1621 3682 1677 Nan.

421 1703 543 1769 Gr..
573 1722 698 1779 pag.
732 1710 835 1764 507
860 1719 914 1766 et
938 1711 1061 1767 499.
1089 1743 1159 1754 -
1184 1713 1319 1769 lbid.
1351 1713 1405 1769 in
1432 1715 1564 1771 bibl.
1597 1715 1660 1771 D.
1692 1715 1882 1784 Marci,
1918 1718 2043 1774 cod.
2059 1717 2201 1786 198,
2246 1719 2325 1775 De
2355 1718 2633 1774 duodecim
2660 1718 2926 1790 lapidibus
2956 1728 3007 1775 et
3035 1719 3220 1791 signis,
3270 1718 3325 1776 in
3368 1717 3489 1773 Cat.
3524 1718 3682 1771 codd.

420 1792 515 1849 Gr.
548 1795 744 1864 Marc„
774 1816 896 1870 pag.
927 1801 1054 1869 261,
1084 1802 1357 1860 indicatur
1384 1821 1401 1873 3
1449 1806 1544 1862 sed
1576 1806 1648 1861 cl.
1685 1804 1952 1864 Villoisou
1979 1808 2033 1864 in
2059 1808 2316 1865 Anecdot.
2348 1808 2465 1877 Gr„
2499 1818 2633 1865 tom.
2665 1808 2734 1876 ll,
2769 1826 2895 1882 pag.
2922 1809 3052 1877 216,
3081 1808 3480 1870 animadvertit,
3507 1807 3559 1861 in
3588 1808 3684 1862 illo

418 1891 545 1946 cod.
577 1892 710 1947 nihil
742 1895 887 1951 aliud
918 1897 1168 1967 reperiri,
1193 1900 1298 1955 nisi
1323 1902 1572 1970 quaedam
1599 1912 1854 1974 excerpta
1884 1919 1954 1959 ex
1987 1904 2081 1960 illo
2105 1904 2266 1962 libro.
2300 1934 2372 1947 —
2397 1903 2576 1962 Oxon.
2607 1905 2664 1962 iu
2688 1904 2753 1959 B.
2783 1904 2969 1961 Bodlei
3019 1918 3132 1961 sec.
3162 1900 3343 1959 Catal.
3385 1901 3540 1956 codd.
3570 1903 3683 1956 An·

418 1982 561 2052 alia,
590 1994 719 2054 etc„
752 1985 795 2056 l,
826 1988 880 2043 in
914 1990 1074 2046 codd.
1108 1991 1333 2049 Barocc.
1364 1994 1494 2061 129,
1522 1996 1645 2063 151,
1674 1998 1770 2053 sed
1814 1997 2042 2054 mutilus
2072 1998 2153 2053 ibi
2183 2007 2270 2055 est
2296 1998 2455 2064 liber,
2482 1999 2611 2065 206,
2635 1987 2691 2056 et
2712 1987 2859 2056 inter
2881 2000 3037 2057 codd.
3071 1996 3174 2053 Th.
3203 1995 3337 2061 Roe,
3369 2011 3424 2050 n.
3453 1996 3578 2049 265.
3609 2022 3682 2033 --

418 2068 756 2132 Vindobonae
783 2077 836 2133 in
866 2080 995 2134 bibl.
1034 2080 1237 2142 Caesar.
1265 2086 1427 2142 codd.
1452 2086 1578 2152 215,
1609 2104 1664 2143 ιι.
1698 2089 1860 2149 15.-
1890 2089 1950 2145 ln
1978 2090 2102 2147 cod.
2131 2090 2225 2157 25,
2251 2107 2307 2147 ιι.
2339 2091 2395 2161 8,
2425 2101 2564 2148 teste
2589 2090 2845 2147 Lambec.
2876 2090 3192 2152 Commeat„
3224 2095 3356 2141 tom.
3394 2082 3484 2148 tv,
3512 2100 3563 2151 p.
3587 2080 3679 2148 89,

418 2172 475 2224 et
506 2172 638 2220 tom.
661 2166 728 2234 V,
759 2184 811 2239 p.
836 2169 942 2225 269
972 2187 1090 2243 seq.
1124 2206 1193 2217 —-
1215 2174 1392 2233 Paris.
1418 2178 1474 2233 in
1510 2179 1642 2234 bibl.
1678 2180 1828 2250 publ.
1862 2189 2084 2237 exstant
2112 2182 2167 2236 in
2202 2191 2327 2238 octo
2351 2183 2511 2239 codd.
2539 2180 2606 2237 V.
2641 2182 2754 2237 ind.
2777 2180 2899 2237 Cat.
2937 2179 3096 2243 Par„
3127 2176 3192 2241 11,
3231 2193 3284 2231 v.
3320 2175 3582 2244 Epiphan.
3609 2202 3687 2219 «-

417 2256 667 2328 Epitome
695 2262 750 2318 in
777 2265 901 2322 cod.
932 2269 1082 2339 regio
1113 2269 1316 2328 Matrit.
1354 2274 1478 2342 110,
1510 2274 1686 2332 indice
1729 2275 1921 2332 lriarto
1951 2276 2008 2333 iu
2047 2274 2170 2333 Cat.
2203 2277 2360 2333 codd.
2388 2277 2507 2344 Gr„
2541 2292 2598 2349 p.
2629 2275 2755 2332 456.
2786 2304 2855 2322 -
2883 2273 3024 2340 luter
3055 2270 3213 2327 codd.
3245 2269 3497 2340 Eparcbi,
3531 2285 3588 2325 ιι.
3619 2268 3672 2325 7.

420 2352 688 2425 ΕρὶρΙιαη.
722 2358 793 2413 ad
825 2359 1135 2431 Diodorum,
1168 2365 1294 2439 Tyri
1326 2366 1647 2439 episcopum,
1680 2370 1745 2425 dc
1765 2387 1842 2426 ιιι
1869 2370 2172 2441 lapidibus:
2196 2372 2264 2427 de
2291 2372 2484 2428 iisdem
2506 2367 2944 2441 compendiosior
2975 2366 3226 2422 tractatio
3247 2380 3263 2430 ;
3282 2363 3527 2433 ejusdem
3550 2359 3680 2430 Epi-

419 2446 605 2518 pbanii
630 2448 751 2507 aliae
782 2452 1126 2521 quaestiones.
1154 2454 1221 2511 V.
1254 2453 1418 2512 Fabr.
1461 2455 1530 2512 B.
1563 2455 1682 2528 Gr.,
1714 2464 1849 2515 tom.
1876 2457 1948 2527 Χ,
1976 2475 2032 2532 p.
2062 2459 2190 2530 479,
2212 2468 2325 2517 vet.
2352 2459 2440 2517 ed.
2467 2456 2665 2514 fluns:

1753 2617 1821 2674 V.
1860 2634 2085 2677 seman
2112 2635 2362 2679 pssum.

486 2763 541 2821 8.
580 2764 839 2839 Epistotoe
863 2769 942 2841 (a)
970 2771 1411 2844 quamplurimae,
1444 2784 1504 2832 ut
1530 2790 1671 2847 quas
1693 2773 2065 2849 Hieronymus
2090 2778 2313 2847 Apotoq.
2344 2794 2382 2833 ιι
2419 2778 2473 2833 in
2503 2777 2784 2841 Rufinum,
2812 2790 2865 2844 p.
2903 2770 3028 2832 165,
3060 2767 3160 2832 ait,
3188 2779 3246 2820 se
3269 2756 3569 2829 Epiphanio
3603 2754 3672 2807 ad

378 2938 381 2942 ἴ
414 2856 851 2927 suggillationem
887 2859 1070 2916 Rufini
1098 2862 1350 2929 dictasse,
1383 2874 1437 2919 et
1469 2880 1578 2918 una
1605 2866 1787 2921 brevis
1816 2866 1870 2920 iu
1902 2866 2119 2920 laudem
2154 2864 2211 2917 S.
2250 2864 2546 2918 Hilarionis
2569 2863 2833 2921 eremitae,
2865 2859 2929 2909 Δ.
2954 2857 3015 2910 C.
3046 2855 3147 2910 571
3187 2845 3452 2910 defuncti,
3479 2843 3546 2898 de
3569 2847 3695 2912 qua·

415 2951 558 3008 idem
592 2952 907 3027 Hieronym.
940 2955 996 3011 in
1023 2956 1407 3029 Prologo-vitoe
1427 2956 1763 3012 Hilarionis:
1790 2958 2111 3028 Quanquam
2140 2955 2199 3011 S.
2232 2956 2583 3026 Epiphanius,
2616 2952 2908 3008 Salaminoe
2934 2949 3096 3018 Cypri
3125 2946 3418 3017 episcopus.
3447 2940 3538 3011 qm‘
3564 2954 3686 2993 cum

414 3051 693 3106 Hilarione
720 3051 1017 3122 plurimum
1044 3063 1280 3110 versatus
1300 3062 1400 3123 est,
1431 3054 1643 3110 laudem
1670 3055 1784 3127 ejus
1811 3054 1952 3109 brevi
1972 3054 2196 3125 epistola
2220 3054 2510 3124 scripserit,
2537 3049 2658 3122 qu'oe
2689 3048 2842 3119 vulqo
2866 3043 3080 3116 legitur,
3112 3050 3291 3095 tamen
3320 3037 3469 3093 aliud
3493 3044 3571 3089 est
3604 3033 3690 3089 to·

414 3147 490 3199 cis
518 3146 879 3202 communibus
900 3146 1124 3205 laudare
1143 3151 1473 3221 defunctum,
1499 3152 1649 3206 aliud
1670 3152 1907 3222 defuncti
1938 3150 2180 3222 proprias
2204 3165 2426 3204 narrare
2444 3150 2676 3204 virtutes.
2696 3138 3012 3198 Fun—Ex
3033 3135 3266 3207 epistola
3291 3134 3360 3216 ad
3387 3129 3691 3187 monachos

416 3240 519 3312 (De
549 3245 866 3299 abstinentia
892 3260 925 3298 a
948 3244 1084 3318 cibo)
1110 3245 1417 3312 Florentiae,
1446 3246 1504 3303 iu
1536 3247 1660 3303 cod.
1697 3246 1862 3302 Laur.
1898 3244 2093 3301 Medic.
2127 3244 2285 3309 6,-n.
2319 3245 2375 3309 7,
2407 3242 2545 3314 plut.
2574 3240 2662 3306 86,
2691 3253 2817 3296 cum
2853 3235 3190 3290 Damasceno
3215 3230 3283 3285 de
3306 3227 3494 3284 eodem
3527 3239 3692 3293 argu·
3782 3291 3805 3304 .

416 3345 623 3393 mento.
656 3338 916 3409 (Bandin.
946 3338 1068 3396 Cat.
1096 3340 1250 3396 codd.
1282 3340 1378 3397 Gr.
1415 3340 1584 3409 Med„
1622 3339 1716 3412 11¹,
1745 3358 1802 3414 p.
1831 3338 2071 3400 295.l1n
2098 3339 2224 3398 cod.
2262 3336 2438 3395 Paris.
2469 3336 2598 3394 bibl.
2631 3334 2781 3408 publ.
2815 3329 2979 3396 2751,
3013 3343 3067 3383 n.
3095 3325 3149 3395 6,
3176 3324 3442 3396 Epiphan.
3471 3317 3695 3393 (nescio

416 3435 567 3508 quis)
605 3434 678 3490 De
706 3436 986 3507 epistolica
1017 3438 1346 3494 charactere.
1378 3438 1554 3496 Ηιιιι..

486 3547 541 3604 9.
584 3545 652 3601 ln
686 3552 1069 3608 Hexaemeron.
1102 3553 1432 3609 Anastasius
1462 3551 1670 3609 Sinaita
1688 3551 1787 3608 lib.
1813 3567 1891 3607 vu
1926 3552 1985 3607 in
2007 3553 2372 3607 Hexaemeron
2397 3548 2541 3604 iuter
2589 3559 2685 3602 eos
2723 3542 2822 3614 qui
2846 3540 3131 3596 historiam
3157 3532 3453 3619 creationis
3486 3528 3699 3585 Mosai-

415 3657 534 3699 cam
557 3644 898 3714 expositione
923 3645 1139 3701 litterali
1170 3646 1507 3717 interpretati
1531 3657 1682 3714 suut,
1710 3647 1897 3703 laudat
1920 3645 2015 3702 τὸν
2035 3646 2215 3715 λόγοις
2241 3645 2337 3700 καὶ
2364 3644 2546 3717 ἔργοις
2569 3638 3041 3716 τρισμακάριστον
3074 3629 3416 3698 Ἐπιφόινιον.
3447 3624 3697 3679 Faune-

431 3734 467 3790 ν’
472 3736 560 3792 ide
588 3738 858 3807 snpra,ad
887 3755 943 3795 n.
970 3738 1008 3793 2
1034 3740 1102 3795 de
1122 3739 1247 3798 aliis
1279 3739 1618 3812 Epiphaniis.
1646 3740 1758 3797 Aut
1777 3751 1930 3798 estne
1953 3744 2080 3812 pars
2106 3741 2275 3798 libelli
2304 3739 2592 3812 Epiphanii
2628 3738 2912 3795 Constant.
2950 3730 3026 3785 De
3070 3724 3331 3781 mensuris
3363 3732 3411 3776 et
3460 3720 3523 3775 de
3562 3734 3698 3791 pon-

414 3831 627 3887 deribus
662 3833 833 3904 (part.
869 3851 927 3901 ιι,
954 3852 1077 3909 pag.
1107 3837 1209 3893 178
1241 3837 1329 3896 ed.
1364 3837 1544 3895 Paris.
1576 3837 1820 3897 Petam?
1849 3838 2027 3909 Atque
2051 3839 2346 3908 separatim
2369 3836 2575 3908 scripta
2601 3839 2780 3891 exstat
2806 3830 2862 3885 in
2892 3826 3015 3885 cod.
3039 3820 3352 3878 vindobon.
3385 3816 3474 3882 89,
3507 3833 3563 3871 ιι.
3594 3814 3688 3879 19,

416 3919 707 3993 Epiphanii
749 3923 914 3993 Cypri
971 3930 1219 3984 recensio
1256 3929 1445 3999 viginti
1479 3931 1716 3986 duorum
1769 3945 1999 4002 operum
2050 3927 2371 3985 Hexaemeri
2423 3924 2719 3983 creationis
2770 3916 2984 3976 mundi.
3008 3913 3075 3968 V.
3107 3909 3363 3966 Lambec.
3397 3905 3686 3961 Commeat.

418 4022 552 4067 tom.
586 4007 673 4075 lll,
709 4026 763 4081 p.
788 4010 912 4075 ⁴85.
944 4011 1128 4082 ibique
1159 4013 1385 4077 Kollarii
1411 4027 1595 4073 notam
1628 4019 1696 4072 A.
1720 4048 1792 4060 -—-
1819 4017 1952 4073 item
1984 4018 2040 4072 in
2064 4018 2189 4074 cod.
2221 4018 2343 4082 185,
2372 4017 2597 4072 Barocc.
2629 4012 2761 4070 bibl.
2787 4008 2942 4067 Bodl.
2971 4018 3025 4065 et
3045 4001 3380 4078 Epiphanius
3420 3999 3487 4054 in¹
3512 3995 3687 4052 Hexa-

415 4119 648 4169 emeron,
679 4102 930 4168 Arabice,
960 4104 1182 4172 ibidem,
1211 4124 1267 4161 n.
1300 4106 1462 4170 8511,
1496 4106 1640 4159 inter
1661 4105 1822 4159 codd.
1851 4104 1990 4159 Rob.
2021 4103 2383 4172 Huntington.
2421 4103 2595 4156 Hanc.

490 4194 579 4248 ¹0·
618 4193 792 4262 Λόγος
815 4195 897 4259 εἰς
926 4195 989 4250 τὸ
1014 4195 1241 4269 Πνεῦμα
1260 4197 1323 4252 τὸ
1354 4198 1532 4266 ἅγιον.
1568 4195 1813 4250 Andreas
1838 4194 2044 4250 Caesar.
2080 4193 2135 4246 in
2165 4190 2481 4262 Apocalyps.
2515 4206 2555 4256 ι,
2584 4204 2644 4260 p.
2670 4189 2725 4242 7.
2767 4186 2990 4241 Videtur
3013 4183 3160 4239 enim
3199 4182 3473 4237 diversum
3505 4176 3694 4247 utique

420 4294 612 4342 notare
643 4302 952 4345 sermonem
984 4291 1055 4347 ab
1079 4291 1148 4348 iis
1171 4306 1290 4364 quae
1328 4308 1394 4348 ex
1427 4292 1694 4348 Ancorato
1720 4288 2011 4361 Epiphanii
2053 4286 2246 4342 haeresi
2290 4299 2451 4341 mxxiv
2497 4293 2689 4340 contra
2736 4274 3270 4336 Pneumatomacbos
3325 4271 3691 4336 disseruntur,

422 4376 705 4443 quoniam,
733 4367 857 4446 qu‘ae
887 4376 1133 4436 Andreas
1159 4395 1227 4435 ex
1253 4380 1347 4435 tllo
1371 4380 1515 4452 λόγῳ
1544 4380 1612 4435 de
1635 4379 1840 4450 hymno
1864 4376 2164 4447 Seraphico
2194 4375 2370 4439 affert,
2402 4374 2474 4429 ibi
2505 4388 2615 4428 non
2644 4370 2884 4427 invenio.

497 4466 587 4522 11.
628 4468 788 4523 Κατὰ
812 4469 921 4524 τῶν
948 4471 1172 4527 εἰκόνων
1201 4470 1564 4545 σύγγραμμα,
1588 4469 1855 4540 Scriptum
1878 4468 2128 4524 adversus
2154 4468 2431 4538 imagines,
2461 4465 2606 4535 quod
2635 4467 2922 4524 memorat,
2957 4456 3052 4514 sed
3085 4463 3344 4526 tanquam
3374 4452 3686 4524 Epiphanio

420 4562 765 4631 suppositum
805 4562 982 4634 rejicit
1003 4561 1331 4620 Theodorus
1373 4553 1616 4621 Studites
1649 4564 1706 4619 in
1738 4561 2099 4618 Antii-rhetica
2129 4558 2390 4623 secundo,
2429 4566 2560 4613 tom.
2588 4554 2635 4610 V
2662 4551 2803 4626 Opp.
2835 4547 3134 4611 sirmondi,
3169 4563 3221 4618 p.
3257 4545 3394 4611 ¹30;
3428 4545 3554 4600 licet
3582 4545 3688 4601 du·

422 4649 602 4707 bitare
629 4654 802 4722 possis
837 4670 967 4709 num
1015 4652 1292 4726 singulare
1317 4652 1582 4724 scriptum
1610 4651 1898 4721 Epiphanii
1949 4649 2026 4705 ibi
2069 4648 2260 4704 innuat
2281 4644 2625 4709 Theodorus,
2651 4652 2707 4701 et
2751 4655 2861 4697 non
2906 4640 3111 4702 locum,
3134 4650 3259 4707 quo·
3290 4635 3554 4704 imagines
3581 4635 3689 4690 im-

420 4746 621 4817 probat
644 4746 699 4801 in
728 4744 986 4813 Panario,
1016 4747 1211 4803 haeresi
1248 4760 1415 4800 cxxix
1449 4743 1738 4811 disputans
1766 4741 2032 4796 adversus
2055 4738 2471 4810 CollyridianoS,
2505 4749 2668 4806 quem
2711 4731 3017 4804 Epiphanio
3058 4730 3320 4784 insertum
3349 4737 3404 4784 et
3426 4727 3684 4783 adulteri·

422 4857 553 4896 num
592 4855 716 4895 esse
740 4842 1019 4897 contendit
1034 4839 1086 4896 J.
1125 4840 1497 4896 Damascenus
1527 4846 1666 4893 orat.
1697 4835 1733 4890 2
1760 4836 1824 4891 de
1872 4834 2212 4906 imaginibus,
2247 4843 2305 4889 et
2331 4831 2598 4889 ieremias
2624 4828 2930 4902 patriarcha
2956 4825 3025 4881 ad
3055 4824 3454 4895 Tubingenses.
3475 4840 3527 4894 p.
3548 4823 3681 4890 246,

422 4930 739 4993 confutatus
768 4944 799 4983 a
828 4930 1289 5002 Tubingensibus,
1318 4946 1373 5003 p.
1401 4929 1529 4995 555,
1552 4930 1638 4985 vel
1662 4927 1842 4983 locum
1870 4926 2124 4990 alterum,
2156 4942 2186 4981 a
2215 4924 2468 4980 Patribus
2493 4922 2672 4994 quarti
2697 4918 2914 4978 concilii
2938 4917 3523 4989 constantinopolitani
3549 4918 3652 4971 alla
3670 4948 3686 4958 -

425 5036 539 5083 tum
563 5042 629 5082 ex
652 5024 876 5096 epistola
905 5026 975 5079 ad
1006 5025 1354 5081 Theodosium
1380 5028 1532 5097 imp„
1558 5024 1655 5097 qui
1680 5024 1931 5081 exstatin
1956 5023 2184 5093 septima
2222 5021 2431 5094 synodo
2464 5022 2578 5077 sive
2607 5019 2822 5076 Nicaena
2855 5018 3116 5083 secunda,
3145 5025 3254 5073 act.
3288 5014 3342 5077 6,
3375 5014 3617 5069 sectione
3633 5015 3687 5081 3,

422 5126 480 5170 et
506 5120 669 5186 quem
707 5115 890 5171 itidem
928 5115 1268 5185 suppositum
1294 5131 1414 5171 esse
1440 5116 1750 5171 clamarunt
1778 5112 1983 5168 Nicaeni
2016 5120 2147 5167 tom.
2183 5110 2250 5165 lll
2277 5109 2439 5175 ninii,
2475 5124 2598 5180 pag.
2628 5108 2755 5176 655,
2790 5108 2915 5174 654,
2951 5126 3090 5182 quos
3131 5107 3327 5164 refellit
3350 5105 3579 5163 Dallaeus
3613 5108 3687 5179 De

424 5203 764 5274 immunibus,
804 5221 925 5277 pag.
950 5203 1058 5258 212
1087 5219 1235 5273 seqq.
1268 5201 1470 5258 Eodem
1505 5204 1697 5276 synodi
1738 5202 1982 5272 septimae
2021 5201 2145 5256 loco
2185 5201 2332 5270 λόγοι
2377 5202 2429 5254 οἰ
2463 5199 2603 5254 κατὰ
2638 5190 2746 5254 ἑῶν
2791 5202 3012 5255 εἰκόνων
3065 5207 3120 5254 et
3163 5198 3334 5267 βίᾶλοι
3377 5196 3683 5268 Epiphanio

428 5298 724 5367 suppositae
762 5303 1157 5361 memorantur,
1196 5311 1319 5366 quse
1357 5308 1480 5349 mox
1519 5294 1725 5362 λογίδια
1764 5302 1818 5348 et
1854 5291 2167 5363 ψευδήγορα
2205 5293 2345 5346 κατὰ
2380 5291 2488 5346 τῶν
2528 5289 2739 5345 σεπτῶν
2777 5291 2999 5345 εἰκόνων
3037 5289 3443 5361 συγγράμματα
3497 5291 3684 5359 appel-

432 5388 574 5454 lant,
601 5399 656 5444 et
689 5389 1021 5460 paucissima
1060 5401 1250 5445 eorum
1293 5382 1621 5453 exemplaria
1652 5385 1868 5438 exstare
1915 5388 2205 5448 testantur,
2239 5397 2363 5437 cum
2406 5391 2600 5437 caetera
2649 5380 2939 5454 Epiphanii
2987 5382 3187 5451 scripta
3237 5394 3334 5450 per
3367 5380 3685 5437 universum

504 5567 582 5636 (a)
621 5564 823 5621 Praeter
879 5564 1161 5633 epistolam
1226 5562 1460 5617 Panario
1519 5558 1876 5630 praemissam.
1933 5560 2004 5613 ad
2108 5560 2366 5629 Apostolo
2398 5562 2730 5631 oppositum,
2757 5574 2919 5630 quem
2966 5557 3153 5615 Sixtus
3204 5557 3461 5615 Senensis
3503 5577 3689 5631 perpe-

435 5636 666 5692 Paulum
688 5645 737 5690 et
759 5635 1033 5699 Acacium,
1058 5642 1233 5689 exstat
1262 5635 1425 5687 etiam
1454 5631 1735 5701 Epiphanii
1761 5632 2003 5701 epistola,
2111 5632 2226 5686 ram
2256 5632 2587 5686 existimavit
2615 5631 2683 5684 ab
2714 5639 2938 5685 auctore
2966 5630 3284 5698 inscriptum
3328 5630 3497 5685 inisse
3528 5632 3686 5687 Pari·

433 5722 597 5776 quain
628 5707 681 5759 in
707 5706 961 5759 Arabiam
997 5705 1145 5757 misit
1176 5704 1438 5758 adversus
1467 5701 2004 5755 Antidicwhlariani·
2111 5712 2362 5766 mentum,
2395 5717 2519 5757 cunt
2555 5699 2891 5770 Epiphanius
2914 5707 3049 5753 tom.
3077 5699 3119 5762 1,
3201 5716 3283 5769 ag.
3313 5700 3438 5761 310,
3468 5711 3678 5757 tantum

436 5787 542 5842 taS,
579 5775 768 5831 haeresi
816 5789 1041 5837 Lxxxtu,
1069 5773 1105 5825 2
1136 5789 1274 5840 ετη..
1306 5781 1360 5825 ct
1386 5773 1496 5824 haec
1525 5780 1607 5825 est
1635 5786 1799 5839 quam
1829 5770 2004 5839 respi-
2111 5771 2254 5826 dicat
2302 5787 2364 5825 cx
2415 5771 2660 5843 pluribus
2690 5770 2804 5825 suis
2837 5769 3100 5824 adversus
3189 5770 3687 5836 arcioni-mobser-

436 5848 512 5902 cit
541 5863 725 5909 mxxix,
758 5847 805 5900 1.
856 5844 948 5900 Sic
977 5842 1166 5897 lncresi
1198 5857 1326 5902 xmt.
1359 5841 1415 5893 11
1467 5856 1643 5909 seqq„
1680 5841 1907 5895 inscruit
1941 5840 2005 5893 li·
2113 5842 2420 5898 rationibus
2453 5840 2664 5911 ὲδὰςιόν
2704 5858 2755 5894 τι
2789 5838 3090 5906 συντάξεως
3128 5856 3188 5896 se
3209 5841 3505 5909 collegisse.

437 5918 595 5975 bruni
640 5933 823 5985 suuni,
851 5912 1291 5984 corruptionibus
1328 5910 1619 5967 Marcionis
1663 5908 1717 5964 in
1764 5907 1913 5965 Luca
1953 5917 2007 5964 ct

3327 6044 3362 6064 ἢ

1743 6227 1977 6259 Α
