3850 6517
293 502 431 559 {129

1012 496 1379 557 ADVERSUS
1416 496 1751 555 nAERESES
1787 493 1915 552 Lm.
1954 494 2019 550 ll.
2060 494 2225 551 Tou.
2265 494 2306 551 Ι.
2349 524 2396 535 -
2436 494 2709 552 HAERES.
2747 494 2931 551 Lm.

3393 496 3531 554 tlt-3⁰

290 619 386 673 καὶ
428 616 540 674 άπὸ
578 615 690 671 τῶν
740 616 1071 689 σπερμάτων
1103 620 1200 673 καὶ
1234 617 1437 689 φυτῶν,
1483 617 1560 680 ὡ,-
1600 618 1658 670 ὲν
1698 617 1862 670 πᾶσιν
1890 618 1940 677 Α
1964 613 2220 670 deantur.
2255 612 2452 686 Aspice
2479 616 2708 679 semina,
2733 629 2855 685 quoe
2886 612 3032 669 nuda
3070 627 3135 668 ac
3164 627 3330 668 carne
3368 613 3536 669 ‹lesti-

287 711 474 774 αύτοζς
518 711 552 778 ἡ
595 708 897 773 ἀνάστασις
936 709 1382 779 καταγγέλλεται.
1422 707 1721 778 Κατάμαθε
1760 704 1868 777 γάρ

290 802 364 855 τὰ
389 800 702 872 σπέρματα,
739 800 859 865 πῶς
888 800 1095 872 γυμνά,
1136 801 1272 872 φησὶ
1290 802 1330 864 ¹,
1362 799 1456 854 καὶ
1487 799 1705 870 άσαρκα
1739 798 1870 869 βάλ-

295 890 447 945 λεται
478 893 560 953 είς
588 890 689 961 τὴν
713 889 841 959 γῆν,
866 890 962 944 καὶ
985 888 1462 960 τελεσφορούμενα
1488 886 1651 941 πάλιν
1680 884 1872 939 ἀποδί-

292 979 461 1034 δοται.
508 979 661 1033 Ἐπεὶ
701 980 751 1033 εἰ
794 978 1016 1050 θνήσκοι
1052 979 1151 1049 μὲν
1183 979 1277 1031 καὶ
1321 980 1545 1049 σήποιτο
1572 975 1642 1029 τά
1703 975 1872 1047 σπέρ-

298 1089 467 1144 ματα,
512 1071 578 1125 ὲκ
617 1069 677 1125 δὲ
713 1069 824 1124 τῶν
853 1069 1185 1141 σπερμάτων
1215 1068 1414 1140 μηκέτι
1444 1067 1505 1121 τὸ
1534 1067 1741 1138 άναζῇν
1776 1067 1872 1121 καὶ

295 1163 452 1231 φύειν
471 1163 711 1231 γένοιτο·
736 1161 819 1226 τίς
840 1160 1277 1235 ἠάποκλήρωσις
1303 1158 1377 1231 μὴ
1396 1159 1516 1229 οὐχὶ
1540 1158 1717 1213 πάντα
1742 1174 1873 1211 κατ-

294 1256 640 1326 αναλωθῆναι
668 1256 749 1317 εἰς
778 1253 839 1307 τὸ
862 1252 1145 1318 τεθνάναι;

364 1350 498 1403 ΑΠ’.
539 1345 700 1401 Ἀλλά
727 1345 836 1417 γὰρ
866 1346 996 1414 περὶ
1019 1344 1225 1398 τούτων
1262 1343 1430 1398 πλείω
1455 1342 1633 1412 λέγειν
1656 1343 1726 1397 τὰ
1753 1341 1871 1406 νῦν,

292 1434 342 1497 ὦ
372 1440 632 1513 κράτιστε
656 1435 904 1505 Θεόφιλε,
929 1435 1272 1507 παρήσομεν,
1298 1435 1392 1489 καὶ
1415 1437 1464 1489 οἱ
1492 1435 1669 1488 λοιποὶ
1690 1433 1873 1506 κριταὶ

296 1533 408 1588 τῶν
440 1532 636 1600 λόγων.
669 1528 939 1599 Δάόωμεν
964 1528 1023 1581 δὲ
1047 1527 1141 1581 καὶ
1169 1527 1239 1580 τὰ
1263 1526 1476 1590 τούτοις
1503 1525 1701 1597 ἐφεξῆς
1737 1524 1871 1578 άκό-

299 1622 485 1686 λουθα,
519 1620 595 1684 ὡς
621 1618 901 1688 ἀφέστηκε
945 1614 1041 1669 τοῦ
1070 1614 1281 1679 δέοντος
1309 1614 1524 1686 μακράν
1546 1614 1590 1667 ¹.
1646 1614 1703 1667 '0
1741 1610 1874 1675 Θεὸς

301 1714 412 1786 γὰρ
453 1710 601 1781 αὐτῷ
640 1709 799 1764 πάλιν
846 1705 1016 1771 αὑτάς
1051 1706 1155 1770 τὰς
1191 1704 1369 1778 ψυχὰς
1402 1706 1462 1759 ὲν
1500 1707 1568 1776 τῇ
1608 1703 1750 1758 κατὰ
1782 1702 1873 1757 τὸν

303 1803 591 1877 ἑξηκοστὸν
611 1800 828 1872 ψαλμὸν
853 1798 1162 1870 προφητείᾳ
1184 1799 1279 1852 καὶ
1313 1797 1560 1867 πέμπτον
1584 1793 1875 1866 βεδιασμέ-

305 1914 411 1959 νως
436 1894 601 1965 αὐτὴν
633 1891 728 1946 καὶ
766 1887 1048 1952 ἀνοικείως
1093 1887 1445 1959 ἐκτιθεμένῳ,
1485 1886 1562 1951 ὥς
1588 1903 1746 1958 φησι,
1773 1883 1875 1956 τὴν

1968 712 2083 759 tuta
2123 712 2282 759 terrae
2316 704 2663 769 mandantur,
2697 704 2895 760 dehinc
2922 701 3163 774 perfecta
3193 717 3537 757 consumma-

1969 803 2134 863 taque
2179 794 2504 849 redduntur.
2548 794 2686 849 Nam
2725 794 2772 850 si
2826 800 3169 849 morerentur
3204 792 3425 863 quidem
3471 807 3536 847 ac

1970 893 2348 955 putrescerent
2390 888 2598 940 semina
2619 922 2636 946 ‚
2665 900 2767 941 nec
2793 900 2858 942 ex
2890 885 2979 941 his
3017 883 3312 956 quidquam
3346 884 3539 939 revivi-

1968 985 2228 1032 secretae
2254 975 2542 1046 pullularet
2563 976 2741 1043 aliud;
2763 991 2884 1048 quai
2906 992 3027 1033 sors
3051 986 3196 1032 esset
3221 976 3327 1029 alia
3354 989 3536 1030 rerum

1968 1073 2134 1135 atque
2174 1065 2440 1132 conditio,
2479 1082 2642 1137 quam
2683 1080 2739 1122 ut
2773 1068 2954 1123 omnia
3001 1076 3177 1122 morte
3211 1074 3538 1137 consumpta

1969 1163 2186 1226 penitus
2215 1158 2563 1215 occiderent?

2041 1333 2326 1390 xxxvut.
2366 1333 2474 1391 Sed
2504 1335 2572 1393 de
2603 1337 2690 1393 his
2719 1338 2968 1408 pluribus
2999 1339 3301 1409 disputare,
3337 1340 3540 1411 optime

1972 1426 2293 1500 Tineophile,
2315 1444 2523 1500 vosque
2536 1430 2717 1487 caeteri
2734 1447 3044 1488 sermonum
3067 1443 3376 1488 nostrorum
3398 1434 3542 1489 arbi-

1978 1521 2071 1585 tri,
2125 1521 2181 1576 in
2232 1524 2518 1591 praesentia
2573 1523 3070 1594 supersedebimus.
3124 1525 3256 1592 Quae
3304 1541 3430 1582 vero
3472 1528 3540 1582 iis

1975 1618 2347 1665 consentanea
2369 1624 2434 1664 ac
2451 1611 2846 1681 consequentia
2868 1620 3017 1678 sunt,
3042 1614 3316 1683 quomodo
3335 1615 3543 1670 scilieet

1974 1701 2164 1770 procul
2192 1700 2261 1754 ab
2284 1716 2458 1771 scopo
2488 1702 2789 1767 aberrarit,
2819 1704 3079 1776 deinceps
3115 1705 3416 1763 videamus.
3443 1704 3542 1760 Eta

1975 1791 2119 1845 enim
2170 1791 2261 1847 ille
2299 1790 2367 1847 de
2413 1792 2614 1849 animis
2657 1792 2939 1851 disserens
2976 1798 3044 1852 ad
3095 1798 3364 1868 psalmum
3415 1814 3543 1867 ιεν,

1977 1896 2139 1951 quem
2187 1882 2424 1937 violenta
2477 1883 2712 1953 quadam
2766 1884 3211 1956 interpretatione
3261 1889 3545 1959 alienaque

302 1987 598 2041 ἀνάστασιν
626 1983 716 2038 ἐπὶ
740 1983 899 2054 μόνου
924 1980 1017 2036 τοῦ
1041 1980 1212 2045 εἴδους
1235 1979 1502 2045 σώζεσθαι
1529 1979 1611 2033 δεῖ
1637 1978 1868 2050 προσδο-
1899 1954 1944 2013 Β
1971 1974 2232 2038 declarat,
2252 1972 2752 2042 Resurrectionem,
2771 1977 2968 2047 inquit,
2980 1979 3081 2036 soli
3101 1979 3339 2037 hominis
3357 1981 3545 2038 formae

302 2078 425 2147 κᾷν.
459 2077 570 2131 Καὶ
601 2075 688 2129 ίνα
725 2072 799 2146 μὴ
840 2073 1020 2145 εἴπῃς,
1063 2073 1148 2126 ὅτι
1190 2071 1290 2127 οὐκ
1336 2072 1423 2124 ἀεὶ
1446 2070 1558 2140 (tl)
1604 2068 1866 2141 μανθάνει

302 2166 610 2230 σκοτεινῶς·
639 2167 845 2228 ἐκεῖνος
874 2165 983 2237 γάρ
1010 2163 1168 2218 τοῦτο
1203 2161 1467 2217 διέλαὸεν·
1516 2160 1657 2230 Ἐγὼ
1685 2160 1744 2214 δέ
1785 2176 1868 2213 σοι

300 2258 632 2330 σαφέστερον
668 2251 772 2312 ὧδε
797 2258 888 2312 τὸν
920 2256 1045 2311 νοῦν
1090 2254 1280 2309 τοῦτον
1321 2254 1680 2324 ἐξηγήσομαι.
1728 2250 1868 2321 Ἤδη

302 2350 406 2421 γὰρ
438 2350 655 2411 πάντως
681 2348 931 2418 ἑώρακας
950 2348 1127 2418 δέρμα
1151 2345 1313 2409 ζὼου,
1343 2346 1377 2416 ἢ
1405 2345 1534 2400 ἄλλο
1553 2362 1604 2397 τι
1630 2341 1870 2396 τοιοῦτον

299 2438 562 2510 γεμισθὲν
588 2437 800 2501 ὓδατος,
832 2438 1000 2501 ὅπως,
1028 2436 1125 2489 ἐὰν
1152 2437 1289 2506 πρὸς
1315 2437 1495 2504 ὀλίγον
1523 2434 1867 2505 κενούμενον,

301 2531 437 2602 πρὸς
459 2529 639 2599 ὀλίγον
670 2529 949 2601 πληροῖτο,
982 2528 1070 2581 άεὶ
1092 2526 1154 2580 τὸ
1181 2523 1319 2590 εἶδος
1339 2526 1399 2579 τδ
1422 2526 1553 2580 αὐτὸ
1580 2525 1868 2580 δείκνυσιν.

299 2618 426 2676 Οἷον
447 2620 557 2691 γάρ
582 2620 650 2675 ἂν
684 2615 721 2694 ᾖ
748 2619 810 2673 τὸ
834 2617 1111 2689 περιέχον,
1137 2616 1359 2687 ἀνάγκη·
1378 2616 1517 2690 πρὸς
1541 2614 1672 2670 αὐτὸ
1696 2614 1874 2670 καὶτὸ

299 2715 449 2778 ἐντὸς
478 2711 929 2785 σχηματίζεσθαι.
952 2711 1091 2782 Φέρε
1110 2711 1218 2783 γὰρ
1241 2708 1602 2781 ύπεκρὲοντος
1628 2707 1723 2762 τοῦ
1753 2706 1875 2761 ὓδα-

246 2868 265 2875 ,
297 2823 410 2868 τος,
452 2805 507 2858 εί
540 2822 625 2869 τις
652 2803 983 2876 προσόάλλει
1010 2802 1284 2869 τοσοῦτον,
1322 2803 1447 2856 ὅσον
1490 2803 1750 2871 ἐκχεῖται,
1796 2798 1874 2871 μὴ

302 2896 407 2949 ἑῶν
438 2895 531 2950 τόν
558 2893 727 2949 άσκδν
749 2893 968 2967 ἀθρόως
993 2893 1299 2965 κενωθῆναι
1323 2892 1420 2947 τοῦ
1457 2892 1670 2955 ὓδατος,
1710 2891 1761 2944 εί
1796 2890 1873 2962 μὴ

300 2987 515 3059 ἀνάγκη
541 2987 750 3042 τοιοῦτο
773 2985 1061 3058 φαίνεσθαι
1091 2986 1154 3040 τὸ
1179 2984 1622 3059 προστιθέμενον,
1646 2977 1758 3036 οἷον
1778 2981 1875 3036 καὶ

299 3079 520 3145 τόπᾶν,
558 3079 645 3133 διὰ
674 3080 738 3133 τὸ
769 3077 1029 3133 εἶναικαὶ
1054 3078 1117 3132 τὸ
1145 3077 1400 3149 περιέχον
1422 3075 1486 3130 τὸ
1513 3074 1647 3129 αὐτὸ
1665 3074 1688 3107 ⁸
1719 3091 1876 3146 περι-

296 3170 433 3238 θεὶς,
472 3175 559 3244 ῥεῖ
580 3172 676 3226 καὶ
706 3171 942 3245 άπορῤεἴ
974 3170 1037 3226 τὸ
1074 3170 1238 3243 ὕδωρ.
1283 3163 1298 3173 ’

368 3350 559 3422 Καὶδὴ
596 3352 780 3407 καὶτὸ
817 3350 977 3423 σῶμα
1012 3349 1220 3415 τούτοις
1252 3351 1282 3403 ὀ
1318 3348 1520 3404 ἐθέλων
1556 3346 1876 3411 ἀπεικάζειν

296 3442 398 3496 οὐκ
446 3442 844 3515 αίδεσθήσεται.
908 3441 1181 3506 Ὡσαύτως
1231 3439 1342 3513 γὰρ
1367 3439 1460 3494 καὶ
1510 3437 1580 3492 τὰ
1622 3438 1732 3493 άπὸ
1775 3436 1878 3507 τῆς

295 3534 500 3608 τροφῆς
532 3535 963 3607 ἁντεισαγόμενα
987 3534 1108 3588 άντὶ
1152 3533 1263 3587 τῶν
1291 3530 1703 3599 ὑπεξεωθεισῶν
1749 3546 1879 3601 σαρ-

298 3624 410 3680 κῶν
438 3626 518 3688 είς
550 3624 612 3678 τὸ
653 3625 842 3693 σχῆμα
884 3622 982 3675 τοῦ
1027 3622 1374 3690 περιέχοντος
1419 3620 1593 3681 εἴδους
1644 3618 1879 3688 μεταδα-

296 3715 539 3768 λοῦνται.
576 3711 689 3762 Καὶ
725 3709 922 3759 ὁπόσον
966 3706 1066 3775 μὲν
1101 3706 1170 3758 ἂν
1215 3706 1357 3758 κατὰ
1399 3706 1526 3771 τοὺς
1566 3706 1878 3780 ὀφθαλμοὺς

300 3800 553 3870 δια-χυθῇ,
591 3800 705 3862 τοίς
737 3794 1035 3867 ὀφθαλμοῖς
1080 3795 1284 3851 ἔοικεν·
1314 3797 1509 3852 ὀπόσον
1552 3798 1610 3853 δὲ
1645 3800 1787 3857 κατὰ
1815 3800 1879 3855 τὸ

305 3890 613 3961 πρόσωπον,
638 3884 716 3957 τῷ
762 3884 1040 3958 προσώπῳ
1058 3903 1072 3918 ·
1099 3886 1297 3947 ὀπόσον
1329 3886 1387 3941 δὲ
1418 3889 1559 3942 κατὰ
1596 3888 1665 3943 τὰ
1690 3889 1874 3963 ἔτερα,

305 3978 534 4044 τούτοις.
567 3980 730 4033 Ὥστε
754 3978 847 4034 τὸν
872 3977 1036 4032 αὐτὸν
1070 3979 1300 4034 ἕκαστον
1326 3979 1631 4051 φαίνεσθαι,
1656 3982 1756 4035 ούκ
1782 3982 1877 4037 ού-

307 4070 416 4125 σῶν
436 4069 543 4124 τῶν
572 4068 789 4144 σαρκῶν
814 4072 872 4124 ὲν
897 4069 1076 4142 ταυτῷ
1100 4070 1208 4124 τῶν
1231 4069 1465 4142 πρώτων
1482 4072 1873 4145 ὑποκειμένων,

305 4162 441 4217 άλλά
471 4160 565 4215 τοῦ
589 4161 781 4226 εἴδους,
804 4160 937 4216 καθό
960 4159 1349 4217 είδοποιοῧνται
1368 4160 1435 4217 τά
1455 4165 1873 4236 προσ-γινόμενα.

306 4254 425 4327 Καὶ,
443 4252 621 4307 τοίνυν
661 4254 710 4306 εί
764 4253 838 4325 μή
871 4254 1037 4325 ἐσμεν
1081 4254 1132 4307 οἰ
1179 4253 1353 4319 αὐτοὶ,
1391 4254 1497 4309 κᾶν
1550 4255 1646 4310 ἐπὶ
1688 4256 1877 4327 ὀλίγας

306 4345 547 4417 ἡμέρας,
578 4345 657 4415 τῷ
693 4342 928 4415 σώματι,
968 4342 1106 4397 ἀλλὰ
1143 4344 1223 4415 τῷ
1263 4346 1395 4399 εἴδει
1438 4348 1499 4400 ὲν
1542 4347 1621 4419 τῷ
1662 4347 1875 4419 σώματι

304 4435 482 4507 (τοῦτο
509 4433 617 4509 γάρ
644 4435 803 4506 μόνον
830 4433 1059 4506 ἔστηκεν
1085 4432 1195 4489 άπὸ
1224 4435 1514 4504 γενέσεακ)
1531 4454 1547 4469 ·
1571 4437 1751 4509 πολλῷ
1780 4432 1875 4492 οὖν

305 4528 506 4599 μᾶλλον
544 4525 664 4592 οὐδὲ
717 4524 838 4580 τότε
875 4525 925 4577 οἱ
964 4524 1117 4581 αὐτοὶ
1150 4527 1289 4598 μετὰ
1332 4526 1433 4599 τὴν
1476 4526 1643 4600 αὐτὴν
1695 4529 1875 4599 σάρκα

1971 2064 2267 2121 convenire
2291 2065 2594 2135 putandum
2618 2076 2723 2124 est.
2747 2069 2825 2124 Ac
2849 2085 2919 2125 ne
2943 2070 3076 2126 illud
3104 2070 3335 2130 fortasse
3358 2074 3540 2138 dicas,

1968 2157 2207 2211 obscure
2231 2154 2388 2227 561,
2421 2156 2588 2212 istum
2621 2158 2883 2215 discenda
2911 2160 3000 2216 illa
3039 2164 3411 2234 proposuisse,
3441 2166 3546 2220 hoe

1971 2247 2149 2315 ipsum
2178 2246 2270 2304 ille
2296 2248 2616 2318 disputavit.
2644 2248 2757 2321 Ego
2782 2265 2918 2307 vero
2946 2252 3150 2307 clarius
3172 2254 3390 2310 illorum
3415 2272 3539 2312 ver·

1971 2337 2168 2392 borum
2187 2354 2410 2395 sensum
2431 2338 2648 2396 nuncin
2664 2341 2886 2397 modum
2899 2345 3174 2413 aperiam:
3197 2345 3413 2412 Vidisti,
3434 2353 3549 2422 opi·

1971 2442 2095 2491 nor,
2132 2429 2427 2499 aliquando
2450 2432 2643 2500 pellem
2670 2432 2942 2498 animalis,
2983 2438 3269 2494 autsimile
3285 2440 3543 2510 quiddam

1973 2535 2114 2590 aqna
2128 2521 2416 2592 repletum.
2437 2520 2552 2578 Hoc
2568 2524 2615 2580 si
2636 2525 2893 2594 paulatim
2918 2527 3252 2585 exinanitum
3283 2531 3543 2602 paulatim

1973 2611 2283 2681 impleatur,
2307 2612 2554 2669 eamdem
2579 2624 2842 2687 perpetuo
2863 2613 3093 2674 sormam
3111 2622 3330 2677 retinet.
3355 2624 3546 2694 Cujus·

1974 2702 2119 2757 modi
2147 2703 2293 2758 enim
2317 2710 2402 2758 est
2427 2703 2478 2758 id
2503 2706 2648 2774 quod
2673 2708 2940 2772 continet,
2966 2725 3195 2768 necesse
3217 2722 3302 2769 est
3321 2715 3370 2770 ei
3396 2717 3544 2786 quod

1978 2792 2128 2847 intus
2161 2802 2247 2849 est
2271 2793 2626 2851 conformari.
2657 2796 2771 2868 Age
2791 2800 2968 2866 enim,
2994 2818 3121 2866 cum
3151 2819 3292 2877 aqua
3314 2806 3505 2864 diffluit
3526 2851 3542 2870 ,

1975 2884 2022 2939 si
2074 2887 2202 2955 quis
2234 2887 2570 2943 tantumdem
2653 2888 2923 2962 effundat,
2975 2904 3236 2965 quantum
3288 2899 3543 2962 elabitur,

1976 2991 2155 3047 neque
2208 2985 2380 3034 utrem
2427 2993 2584 3049 aquae
2624 2981 2915 3039 confertim
2947 2985 3223 3043 exhauriri
3271 2991 3510 3060 patiatur
3526 3033 3543 3057 ,

1974 3082 2202 3124 necesse
2214 3070 2421 3126 esttale
2439 3070 2610 3126 videri
2632 3073 2774 3145 quod
2797 3074 3034 3142 additur,
3055 3079 3217 3148 quale
3237 3087 3320 3136 est
3342 3088 3541 3151 totum,

1975 3175 2041 3215 eo
2062 3160 2203 3230 quod
2229 3161 2527 3229 idem-illud
2555 3163 2733 3235 ipsum
2757 3174 2860 3232 est,
2883 3167 3029 3239 qnod
3053 3172 3317 3242 continet,
3341 3172 3541 3231 fluente

1898 3280 1946 3343 c
1977 3265 2041 3307 ac
2070 3250 2348 3308 diffluente
2374 3252 2608 3325 liquore.

2045 3344 2149 3413 Qui
2203 3346 2366 3418 igitur
2418 3362 2616 3419 corpus
2655 3364 2780 3404 cum
2835 3350 2922 3407 his
2965 3353 3129 3410 rebus
3175 3355 3423 3412 conferre
3449 3372 3543 3411 vo·

1978 3439 2178 3503 luerit,
2229 3441 2368 3495 citra
2421 3442 2680 3513 pudorem
2721 3443 2890 3498 ullum
2942 3445 3046 3502 hoc
3099 3445 3283 3504 saciet.
3338 3447 3540 3505 Eodem

1976 3531 2175 3602 quippe
2203 3532 2364 3587 modo
2392 3534 2729 3600 alimentum,
2757 3536 2901 3605 quod
2932 3538 3256 3595 amissarum
3295 3541 3541 3597 carnium

1978 3622 2100 3677 loco
2153 3622 2551 3689 substituitur,
2610 3625 2667 3679 in
2706 3628 3041 3685 continentis
3092 3629 3280 3686 sorrnae
3316 3633 3541 3705 figuram

1977 3701 2321 3784 speciemque
2353 3723 2618 3770 mutatur.
2650 3714 2731 3770 Ex
2782 3732 2891 3787 quo
2934 3718 3199 3791 quidquid
3249 3721 3304 3778 in
3352 3726 3544 3781 oculos

1976 3803 2327 3875 diffunditur,
2359 3808 2642 3864 oculorum
2681 3808 2742 3864 lit
2769 3810 2980 3880 simile,
3011 3823 3072 3869 ut
3099 3824 3155 3871 et
3188 3818 3370 3875 vultus
3397 3822 3542 3891 quod

1978 3895 2034 3952 in
2064 3898 2273 3952 vultum
2298 3898 2683 3973 dispergitur:
2722 3916 2788 3959 ae
2823 3912 3143 3962 caeterorum
3183 3909 3385 3965 similia
3416 3911 3544 3969 red·

1977 3987 2182 4043 duntur
2213 3987 2317 4043 hoe
2357 3990 2556 4055 modo,
2602 4006 2723 4063 quae
2771 4008 2870 4063 per
2919 3995 3009 4050 illa
3052 3996 3414 4070 dissipantur.
3461 4002 3541 4059 Ex

1976 4095 2085 4151 quo
2117 4079 2196 4145 lit,
2218 4089 2280 4135 ut
2310 4081 2452 4138 idem
2477 4097 2601 4140 esse
2629 4084 2852 4143 cuilibet
2879 4088 3144 4157 videatur,
3179 4108 3303 4148 cum
3326 4094 3540 4151 interim

1974 4186 2194 4236 carnes,
2220 4188 2342 4244 quae
2368 4174 2541 4243 prima
2570 4183 2689 4230 erat
2715 4178 2962 4248 corporis
2987 4182 3234 4245 materia.
3259 4199 3369 4240 non
3394 4202 3543 4242 eum·

1976 4263 2097 4321 dem
2136 4272 2337 4322 statum
2365 4268 2677 4333 retineant,
2709 4267 2804 4323 sed
2847 4268 3018 4325 forma
3043 4270 3343 4342 duntaxat,
3376 4290 3408 4329 a
3434 4293 3543 4347 qua

1976 4371 2040 4412 ea
2087 4357 2536 4428 configurantur,
2576 4374 2698 4430 quae
2748 4359 2815 4415 ad
2849 4376 3050 4433 eorpus
3099 4365 3385 4423 accedunt.
3419 4368 3541 4426 Jam

1976 4460 2106 4500 vero
2161 4446 2209 4502 si
2258 4447 2326 4501 ad
2364 4449 2727 4520 paucissimos
2773 4450 2891 4508 dies
2926 4470 3036 4510 nnn
3069 4454 3267 4526 iidem,
3301 4460 3446 4531 quod
3473 4463 3540 4518 ad

1976 4552 2178 4609 corpus
2213 4538 2440 4606 attinet,
2471 4556 2789 4600 maneamus
2809 4585 2825 4609 ,
2856 4547 2951 4602 sed
3000 4548 3118 4602 sola
3168 4566 3291 4620 quae
3324 4554 3540 4624 corpori

304 4617 558 4689 ἐσόμεθα,
597 4615 734 4670 ἀλλὰ
774 4614 916 4669 κατὰ
947 4614 1009 4669 τὸ
1035 4612 1174 4680 εἶδος
1211 4617 1271 4671 τὸ
1295 4618 1391 4671 καὶ
1414 4616 1511 4672 νῦν
1547 4618 1636 4672 ἀεὶ
1676 4619 1873 4673 &ww-
1903 4617 1948 4675 D
1975 4627 2177 4684 insidet
2206 4627 2377 4683 forma
2404 4649 2417 4684 ε
2448 4630 2500 4685 id
2541 4632 2687 4685 enim
2720 4647 2890 4688 unum
2930 4633 3001 4689 ab
3036 4644 3160 4692 ortu
3190 4647 3450 4698 constans
3476 4656 3542 4696 ac

303 4708 530 4779 ζόμενον
566 4708 624 4759 ὲν
661 4707 794 4777 ἡμῖν
843 4704 940 4759 καὶ
983 4706 1158 4777 μένον.
1190 4709 1255 4762 ’0
1285 4708 1394 4781 γὰρ
1418 4712 1536 4763 ἐκεῖ
1571 4709 1634 4764 τὸ
1671 4711 1873 4786 δέρμα,

300 4796 460 4850 τοῦτο
489 4793 552 4848 τὸ
602 4791 742 4858 εἶδος
773 4794 991 4869 ἐνθάδε·
1019 4794 1050 4849 δ
1089 4796 1146 4851 δὲ
1191 4797 1309 4852 ἐκεῖ
1351 4798 1414 4853 τὸ
1461 4800 1606 4873 ὕδωρ
1645 4804 1738 4857 ἐπὶ
1772 4804 1875 4876 τῆς

302 4887 540 4953 εἰκόνος,
566 4886 725 4941 τοῦτο
753 4887 986 4942 ἐνταῦθα
1013 4885 1076 4941 τὸ
1101 4890 1522 4961 προσγινόμενον
1555 4893 1647 4947 καὶ
1678 4893 1875 4965 άτιογι-

302 4980 546 5050 νόμενον.
579 4978 790 5050 Ὠσπερ
816 4974 909 5032 οὗν
928 4979 1024 5033 νῦν
1054 4980 1150 5033 τοῦ
1194 4979 1445 5053 σώματος
1471 4983 1573 5037 οὐκ
1598 4984 1751 5050 ὄντος
1777 4985 1871 5039 τοῦ

301 5068 491 5131 αὑτοῦ,
519 5068 669 5137 ὅμως
695 5070 725 5122 ὀ
746 5068 1030 5140 χαρακτὴρ
1053 5069 1083 5121 ὀ
1108 5070 1247 5124 κατὰ
1275 5073 1375 5143 τὴν
1398 5073 1567 5145 αὐτὴν
1600 5075 1814 5148 μορφὴν
1842 5076 1872 5130 ὀ

304 5160 468 5223 αὐτὸς
498 5158 754 5223 σώζεται·
777 5159 948 5224 οὔτως
980 5159 1029 5212 εί
1060 5161 1156 5214 καὶ
1179 5161 1331 5226 ὄντος
1359 5163 1453 5217 τοῦ
1502 5164 1752 5237 σώματος
1773 5167 1868 5222 τοῦ

306 5250 490 5318 αὐτοῦ,
515 5251 596 5316 είς
616 5250 678 5304 τὸ
702 5250 1035 5322 ἐνδοξότερον
1057 5251 1120 5307 τὸ
1146 5249 1285 5319 εἶδος
1315 5254 1568 5327 αύξηθὲν,
1602 5258 1785 5313 οὐκέτι
1806 5259 1868 5313 ἐν

305 5340 545 5413 φθαρτῷ,
579 5340 694 5396 ἀλλ’
717 5343 777 5394 ἐν
806 5341 1005 5394 άπαθεῖ
1028 5342 1122 5398 καὶ
1148 5344 1501 5417 πνευματικῷ
1528 5346 1866 5419 δειχθήσεται

305 5432 538 5506 σώματι.
571 5436 779 5509 ’,Ὠσπερ
823 5431 934 5489 οἷον
967 5433 1046 5507 τῷ
1077 5436 1249 5508 Ἰησοῦ
1292 5438 1434 5493 κατὰ
1463 5437 1559 5509 τὴν
1590 5439 1867 5511 μεταμόρ-

1977 4719 2172 4774 stabile
2214 4732 2494 4781 remanet:
2525 4728 2697 4784 multo
2732 4730 2907 4803 magis
2933 4747 3041 4789 non
3073 4733 3268 4798 iidem.
3300 4736 3443 4807 quod
3470 4739 3542 4793 ad

1975 4822 2196 4865 carnem
2235 4820 2486 4882 spectat,
2525 4815 2618 4872 illo
2649 4824 2894 4889 tempore
2921 4836 3047 4879 esse
3074 4826 3403 4895 poterimus,
3445 4828 3542 4883 sed

1975 4896 2149 4954 forma
2181 4905 2394 4959 tantum
2416 4942 2434 4963 .
2464 4920 2585 4976 quae
2610 4906 2669 4964 in
2701 4909 2860 4968 nohIs
2887 4924 3150 4986 perpetuo
3198 4916 3359 4972 modo
3402 4932 3540 4974 con·

1978 4996 2231 5047 servatur
2272 5007 2338 5050 ae
2391 4998 2653 5066 persistit.
2699 4998 2837 5057 Nam
2869 5005 3013 5076 quod
3060 5005 3114 5060 in
3151 5007 3417 5078 superiori
3447 5008 3538 5065 illa

1977 5077 2335 5139 similitudine
2377 5084 2534 5153 pellis
2577 5094 2663 5144 est
2687 5127 2704 5153 ‚
2744 5088 2888 5146 idem
2921 5099 3006 5148 est
3043 5092 3148 5148 hoc
3176 5092 3299 5149 loco
3327 5094 3537 5152 forma:

1975 5171 2122 5240 quod
2150 5182 2329 5229 autem
2360 5176 2472 5231 illic
2499 5193 2664 5251 aqua,
2694 5179 2932 5253 idipsum
2957 5183 3012 5238 in
3045 5185 3323 5256 proposito
3349 5194 3542 5243 nostro

1973 5263 2106 5319 illud
2137 5274 2259 5329 est,
2293 5268 2453 5338 cuius
2504 5271 2752 5329 accessio
2799 5273 2858 5329 fit
2910 5284 3005 5331 aut
3049 5275 3316 5333 decessio.
3360 5277 3541 5345 Quare

1973 5358 2462 5428 quemadmodum,
2495 5361 2598 5418 etsi
2650 5379 2758 5419 non
2807 5365 2945 5422 idem
2983 5368 3145 5424 modo
3186 5384 3388 5441 corpus
3429 5379 3536 5434 est.

1971 5445 2161 5503 eadem
2190 5449 2544 5509 nihilominus
2565 5451 2752 5512 lormae
2783 5458 2995 5528 species
3032 5473 3097 5515 ac
3128 5458 3296 5532 figura
3341 5463 3538 5519 retinc-

377 5610 398 5647 ί
432 5609 493 5667 Ρ.
531 5612 710 5684 φύσει.
783 5616 1047 5673 'Mutilus
1084 5616 1257 5675 locus.
1335 5618 1497 5675 ⁸Vox
1543 5620 1635 5676 illa
1684 5621 1969 5679 mendosa.

373 5784 484 5855 (Η)
506 5785 616 5842 Kat
653 5786 754 5843 ἵνα
775 5787 862 5860 μὴ
890 5790 1088 5860 statne,
1118 5790 1208 5845 ὅτι
1240 5794 1353 5849 οὐκ
1377 5790 1488 5849 ἀεί.
1526 5792 1730 5852 Desunt
1784 5799 2063 5856 nonnulla.
2115 5800 2194 5855 Ac
2227 5800 2366 5859 torte
2415 5803 2490 5859 ita
2526 5805 2932 5864 rescribendum
2975 5810 3058 5865 ὅτι
3098 5811 3189 5867 ἀεὶ
3237 5806 3539 5881 διαλαμδά·

304 5873 383 5912 νει
415 5856 717 5922 σκοτεινῶς.

622 5952 889 6011 varnos.
939 5951 1054 6013 Gn.
1116 5951 1279 6017 xLl.

3164 5968 3242 6028 36
