<?xml version="1.0" encoding="UTF-8"?>
<!DOCTYPE html PUBLIC "-//W3C//DTD XHTML 1.0 Transitional//EN"
    "http://www.w3.org/TR/xhtml1/DTD/xhtml1-transitional.dtd">
<html xmlns="http://www.w3.org/1999/xhtml" xml:lang="en" lang="en">
 <head>
  <title>
</title>
<meta http-equiv="Content-Type" content="text/html;charset=utf-8" />
  <meta name='ocr-system' content='tesseract 3.04.00' />
  <meta name='ocr-capabilities' content='ocr_page ocr_carea ocr_par ocr_line ocrx_word'/>
</head>
<body>
  <div class='ocr_page' id='page_1' title='image "./patrologicursus108migngoog_0055.png"; bbox 0 0 3850 6517; ppageno 0'>
   <div class='ocr_carea' id='block_1_1' title="bbox 294 418 3537 519">
    <p class='ocr_par' dir='ltr' id='par_1_1' title="bbox 294 418 3537 519">
     <span class='ocr_line' id='line_1_1' title="bbox 294 418 3537 519; baseline -0.014 -2"><span class='ocrx_word' id='word_1_1' title='bbox 294 443 362 498; x_wconf 85' lang='lat'>⁰⁷</span> <span class='ocrx_word' id='word_1_2' title='bbox 727 509 736 519; x_wconf 81' lang='grc'>,</span> <span class='ocrx_word' id='word_1_3' title='bbox 1587 441 1641 493; x_wconf 73' lang='lat' dir='ltr'>S.</span> <span class='ocrx_word' id='word_1_4' title='bbox 1679 439 2019 494; x_wconf 70' lang='grc' dir='ltr'>ΕΡιΡιιΑΜι</span> <span class='ocrx_word' id='word_1_5' title='bbox 2062 441 2239 496; x_wconf 73' lang='lat' dir='ltr'>vm.</span> <span class='ocrx_word' id='word_1_6' title='bbox 2552 418 2560 424; x_wconf 86' lang='lat'>&#39;</span> <span class='ocrx_word' id='word_1_7' title='bbox 3466 450 3537 503; x_wconf 61' lang='lat'>03</span> 
     </span>
    </p>
   </div>
   <div class='ocr_carea' id='block_1_2' title="bbox 294 558 3532 637">
    <p class='ocr_par' dir='ltr' id='par_1_2' title="bbox 294 558 3532 637">
     <span class='ocr_line' id='line_1_2' title="bbox 294 558 3532 637; baseline 0 -18"><span class='ocrx_word' id='word_1_8' title='bbox 294 563 448 619; x_wconf 84' lang='lat' dir='ltr'>sione</span> <span class='ocrx_word' id='word_1_9' title='bbox 491 560 609 615; x_wconf 81' lang='lat' dir='ltr'><strong>Filii</strong></span> <span class='ocrx_word' id='word_1_10' title='bbox 663 559 775 614; x_wconf 77' lang='lat' dir='ltr'>Dei.</span> <span class='ocrx_word' id='word_1_11' title='bbox 815 558 947 613; x_wconf 81' lang='lat' dir='ltr'>Eum</span> <span class='ocrx_word' id='word_1_12' title='bbox 982 559 1235 612; x_wconf 75' lang='lat' dir='ltr'>dicebant</span> <span class='ocrx_word' id='word_1_13' title='bbox 1285 559 1453 613; x_wconf 82' lang='lat' dir='ltr'>fnisse</span> <span class='ocrx_word' id='word_1_14' title='bbox 1479 570 1694 628; x_wconf 83' lang='lat' dir='ltr'>captum</span> <span class='ocrx_word' id='word_1_15' title='bbox 1729 576 1852 613; x_wconf 85' lang='lat' dir='ltr'>eum</span> <span class='ocrx_word' id='word_1_16' title='bbox 1885 571 1927 624; x_wconf 79' lang='grc' dir='ltr'>Α</span> <span class='ocrx_word' id='word_1_17' title='bbox 1959 558 2324 630; x_wconf 69' lang='grc' dir='ltr'>τυρῆσαι.“Ην</span> <span class='ocrx_word' id='word_1_18' title='bbox 2355 561 2408 614; x_wconf 81' lang='grc' dir='ltr'>δὲ</span> <span class='ocrx_word' id='word_1_19' title='bbox 2438 562 2497 614; x_wconf 85' lang='grc' dir='ltr'>τὸ</span> <span class='ocrx_word' id='word_1_20' title='bbox 2544 563 2601 614; x_wconf 87' lang='grc' dir='ltr'>ὲν</span> <span class='ocrx_word' id='word_1_21' title='bbox 2644 566 2920 632; x_wconf 70' lang='grc' dir='ltr'>γεννητοῖς</span> <span class='ocrx_word' id='word_1_22' title='bbox 2953 564 3025 636; x_wconf 85' lang='grc' dir='ltr'>(ιι)</span> <span class='ocrx_word' id='word_1_23' title='bbox 3078 563 3238 618; x_wconf 83' lang='grc' dir='ltr'>αὐτοῦ</span> <span class='ocrx_word' id='word_1_24' title='bbox 3267 565 3435 637; x_wconf 70' lang='grc' dir='ltr'>ὄνομα</span> <span class='ocrx_word' id='word_1_25' title='bbox 3470 572 3532 620; x_wconf 79' lang='grc' dir='ltr'>τὸ</span> 
     </span>
    </p>
   </div>
   <div class='ocr_carea' id='block_1_3' title="bbox 291 649 1861 1445">
    <p class='ocr_par' dir='ltr' id='par_1_3' title="bbox 291 649 1861 1445">
     <span class='ocr_line' id='line_1_3' title="bbox 293 649 1856 722; baseline -0.003 -13"><span class='ocrx_word' id='word_1_26' title='bbox 293 653 507 709; x_wconf 80' lang='lat' dir='ltr'>Gelasio</span> <span class='ocrx_word' id='word_1_27' title='bbox 540 652 795 722; x_wconf 86' lang='lat' dir='ltr'>episcopo</span> <span class='ocrx_word' id='word_1_28' title='bbox 827 651 1062 705; x_wconf 79' lang='lat' dir='ltr'>civitatis</span> <span class='ocrx_word' id='word_1_29' title='bbox 1093 649 1513 702; x_wconf 81' lang='lat' dir='ltr'>Salaminiorum</span> <span class='ocrx_word' id='word_1_30' title='bbox 1543 650 1608 703; x_wconf 89' lang='lat' dir='ltr'>ad</span> <span class='ocrx_word' id='word_1_31' title='bbox 1648 650 1770 714; x_wconf 88' lang='lat' dir='ltr'>hoc,</span> <span class='ocrx_word' id='word_1_32' title='bbox 1795 658 1856 704; x_wconf 88' lang='lat' dir='ltr'>ut</span> 
     </span>
     <span class='ocr_line' id='line_1_4' title="bbox 293 739 1855 813; baseline -0.001 -18"><span class='ocrx_word' id='word_1_33' title='bbox 293 751 476 796; x_wconf 78' lang='lat' dir='ltr'>essent</span> <span class='ocrx_word' id='word_1_34' title='bbox 507 749 789 813; x_wconf 78' lang='lat' dir='ltr'>martyres.</span> <span class='ocrx_word' id='word_1_35' title='bbox 817 739 944 792; x_wconf 85' lang='lat' dir='ltr'>Erat</span> <span class='ocrx_word' id='word_1_36' title='bbox 973 751 1152 793; x_wconf 87' lang='lat' dir='ltr'>autem</span> <span class='ocrx_word' id='word_1_37' title='bbox 1178 740 1226 791; x_wconf 80' lang='lat' dir='ltr'>ei</span> <span class='ocrx_word' id='word_1_38' title='bbox 1261 753 1457 791; x_wconf 83' lang='lat' dir='ltr'>nomen</span> <span class='ocrx_word' id='word_1_39' title='bbox 1484 740 1552 792; x_wconf 88' lang='lat' dir='ltr'>ab</span> <span class='ocrx_word' id='word_1_40' title='bbox 1569 741 1694 793; x_wconf 84' lang='lat' dir='ltr'>‘ortu</span> <span class='ocrx_word' id='word_1_41' title='bbox 1717 739 1855 809; x_wconf 86' lang='lat' dir='ltr'>Pap·</span> 
     </span>
     <span class='ocr_line' id='line_1_5' title="bbox 292 827 1857 901; baseline -0.003 -16"><span class='ocrx_word' id='word_1_42' title='bbox 292 847 415 901; x_wconf 90' lang='lat' dir='ltr'>pus,</span> <span class='ocrx_word' id='word_1_43' title='bbox 451 831 543 901; x_wconf 89' lang='lat' dir='ltr'>qui</span> <span class='ocrx_word' id='word_1_44' title='bbox 577 831 692 899; x_wconf 89' lang='lat' dir='ltr'>ipse</span> <span class='ocrx_word' id='word_1_45' title='bbox 721 843 937 899; x_wconf 86' lang='lat' dir='ltr'>qnoque</span> <span class='ocrx_word' id='word_1_46' title='bbox 963 835 1081 881; x_wconf 87' lang='lat' dir='ltr'>erat</span> <span class='ocrx_word' id='word_1_47' title='bbox 1105 842 1230 883; x_wconf 87' lang='lat' dir='ltr'>enm</span> <span class='ocrx_word' id='word_1_48' title='bbox 1255 827 1544 896; x_wconf 77' lang='lat' dir='ltr'>episcopis.</span> <span class='ocrx_word' id='word_1_49' title='bbox 1582 827 1717 882; x_wconf 87' lang='lat' dir='ltr'>Eum</span> <span class='ocrx_word' id='word_1_50' title='bbox 1741 829 1857 897; x_wconf 88' lang='lat' dir='ltr'>epi·</span> 
     </span>
     <span class='ocr_line' id='line_1_6' title="bbox 292 918 1858 990; baseline -0.002 -14"><span class='ocrx_word' id='word_1_51' title='bbox 292 923 439 990; x_wconf 89' lang='lat' dir='ltr'>scopi</span> <span class='ocrx_word' id='word_1_52' title='bbox 468 937 658 977; x_wconf 82' lang='lat' dir='ltr'>omnes</span> <span class='ocrx_word' id='word_1_53' title='bbox 695 920 963 974; x_wconf 88' lang='lat' dir='ltr'>habebant</span> <span class='ocrx_word' id='word_1_54' title='bbox 1016 927 1074 972; x_wconf 89' lang='lat' dir='ltr'>nt</span> <span class='ocrx_word' id='word_1_55' title='bbox 1125 927 1353 987; x_wconf 88' lang='lat' dir='ltr'>patrem,</span> <span class='ocrx_word' id='word_1_56' title='bbox 1390 929 1610 989; x_wconf 87' lang='lat' dir='ltr'>propter</span> <span class='ocrx_word' id='word_1_57' title='bbox 1643 918 1858 974; x_wconf 82' lang='lat' dir='ltr'>conses-</span> 
     </span>
     <span class='ocr_line' id='line_1_7' title="bbox 293 1009 1851 1079; baseline -0.001 -12"><span class='ocrx_word' id='word_1_58' title='bbox 293 1015 500 1068; x_wconf 85' lang='lat' dir='ltr'>sionem</span> <span class='ocrx_word' id='word_1_59' title='bbox 548 1013 602 1066; x_wconf 92' lang='lat' dir='ltr'>in</span> <span class='ocrx_word' id='word_1_60' title='bbox 650 1010 891 1074; x_wconf 89' lang='lat' dir='ltr'>Christo,</span> <span class='ocrx_word' id='word_1_61' title='bbox 921 1018 977 1063; x_wconf 84' lang='lat' dir='ltr'>et</span> <span class='ocrx_word' id='word_1_62' title='bbox 1021 1018 1241 1078; x_wconf 87' lang='lat' dir='ltr'>propter</span> <span class='ocrx_word' id='word_1_63' title='bbox 1270 1024 1443 1063; x_wconf 87' lang='lat' dir='ltr'>annos</span> <span class='ocrx_word' id='word_1_64' title='bbox 1483 1009 1851 1079; x_wconf 84' lang='lat' dir='ltr'>episcopatus.</span> 
     </span>
     <span class='ocr_line' id='line_1_8' title="bbox 292 1098 1861 1170; baseline -0.002 -12"><span class='ocrx_word' id='word_1_65' title='bbox 292 1105 461 1160; x_wconf 67' lang='lat' dir='ltr'>Porro</span> <span class='ocrx_word' id='word_1_66' title='bbox 496 1105 544 1158; x_wconf 90' lang='lat' dir='ltr'>is</span> <span class='ocrx_word' id='word_1_67' title='bbox 575 1102 809 1157; x_wconf 88' lang='lat' dir='ltr'>habehat</span> <span class='ocrx_word' id='word_1_68' title='bbox 833 1098 997 1156; x_wconf 72' lang='lat' dir='ltr'>etiam</span> <span class='ocrx_word' id='word_1_69' title='bbox 1025 1100 1117 1155; x_wconf 86' lang='lat' dir='ltr'>Dei</span> <span class='ocrx_word' id='word_1_70' title='bbox 1144 1101 1563 1170; x_wconf 85' lang='lat' dir='ltr'>praescientiam.</span> <span class='ocrx_word' id='word_1_71' title='bbox 1600 1099 1666 1155; x_wconf 89' lang='lat' dir='ltr'>Et</span> <span class='ocrx_word' id='word_1_72' title='bbox 1713 1116 1861 1155; x_wconf 80' lang='lat' dir='ltr'>reve-</span> 
     </span>
     <span class='ocr_line' id='line_1_9' title="bbox 292 1189 1859 1261; baseline -0.003 -12"><span class='ocrx_word' id='word_1_73' title='bbox 292 1198 458 1249; x_wconf 85' lang='lat' dir='ltr'>latum</span> <span class='ocrx_word' id='word_1_74' title='bbox 491 1194 567 1248; x_wconf 84' lang='lat' dir='ltr'>illi</span> <span class='ocrx_word' id='word_1_75' title='bbox 604 1192 781 1247; x_wconf 84' lang='lat' dir='ltr'>suerat</span> <span class='ocrx_word' id='word_1_76' title='bbox 825 1192 892 1247; x_wconf 92' lang='lat' dir='ltr'>de</span> <span class='ocrx_word' id='word_1_77' title='bbox 934 1191 1259 1261; x_wconf 86' lang='lat' dir='ltr'>Epiphanio,</span> <span class='ocrx_word' id='word_1_78' title='bbox 1292 1201 1352 1245; x_wconf 87' lang='lat' dir='ltr'>nt</span> <span class='ocrx_word' id='word_1_79' title='bbox 1378 1192 1725 1246; x_wconf 83' lang='lat' dir='ltr'>ordinaretur</span> <span class='ocrx_word' id='word_1_80' title='bbox 1760 1189 1859 1245; x_wconf 88' lang='lat' dir='ltr'>Sa·</span> 
     </span>
     <span class='ocr_line' id='line_1_10' title="bbox 292 1279 1857 1352; baseline -0.002 -13"><span class='ocrx_word' id='word_1_81' title='bbox 292 1285 636 1340; x_wconf 88' lang='lat' dir='ltr'>laminiorum</span> <span class='ocrx_word' id='word_1_82' title='bbox 660 1282 913 1338; x_wconf 71' lang='lat' dir='ltr'>Ecclesitc</span> <span class='ocrx_word' id='word_1_83' title='bbox 943 1282 1249 1352; x_wconf 88' lang='lat' dir='ltr'>episcopus.</span> <span class='ocrx_word' id='word_1_84' title='bbox 1278 1279 1407 1335; x_wconf 90' lang='lat' dir='ltr'>Erat</span> <span class='ocrx_word' id='word_1_85' title='bbox 1437 1290 1615 1335; x_wconf 88' lang='lat' dir='ltr'>autem</span> <span class='ocrx_word' id='word_1_86' title='bbox 1645 1288 1857 1350; x_wconf 85' lang='lat' dir='ltr'>tempus</span> 
     </span>
     <span class='ocr_line' id='line_1_11' title="bbox 291 1371 1856 1445; baseline -0.003 -14"><span class='ocrx_word' id='word_1_87' title='bbox 291 1378 560 1442; x_wconf 53' lang='lat' dir='ltr'>aistivum,</span> <span class='ocrx_word' id='word_1_88' title='bbox 591 1375 731 1445; x_wconf 87' lang='lat' dir='ltr'>quod</span> <span class='ocrx_word' id='word_1_89' title='bbox 762 1389 894 1429; x_wconf 75' lang='lat' dir='ltr'>uvas</span> <span class='ocrx_word' id='word_1_90' title='bbox 930 1380 1174 1429; x_wconf 85' lang='lat' dir='ltr'>maturas</span> <span class='ocrx_word' id='word_1_91' title='bbox 1202 1373 1316 1443; x_wconf 80' lang='lat' dir='ltr'>jam</span> <span class='ocrx_word' id='word_1_92' title='bbox 1370 1372 1683 1443; x_wconf 77' lang='lat' dir='ltr'><strong>perurebat.</strong></span> <span class='ocrx_word' id='word_1_93' title='bbox 1719 1371 1856 1427; x_wconf 87' lang='lat' dir='ltr'>Cum</span> 
     </span>
    </p>
   </div>
   <div class='ocr_carea' id='block_1_4' title="bbox 292 1462 1919 1536">
    <p class='ocr_par' dir='ltr' id='par_1_4' title="bbox 292 1462 1919 1536">
     <span class='ocr_line' id='line_1_12' title="bbox 292 1462 1919 1536; baseline -0.002 -15"><span class='ocrx_word' id='word_1_94' title='bbox 292 1482 422 1536; x_wconf 83' lang='lat' dir='ltr'>ergo</span> <span class='ocrx_word' id='word_1_95' title='bbox 459 1467 738 1521; x_wconf 74' lang='lat' dir='ltr'>statuisset</span> <span class='ocrx_word' id='word_1_96' title='bbox 762 1464 1101 1534; x_wconf 81' lang='lat' dir='ltr'>Epiphanius</span> <span class='ocrx_word' id='word_1_97' title='bbox 1125 1465 1378 1531; x_wconf 77' lang='lat' dir='ltr'>navigare</span> <span class='ocrx_word' id='word_1_98' title='bbox 1402 1479 1430 1517; x_wconf 90' lang='lat' dir='ltr'>a</span> <span class='ocrx_word' id='word_1_99' title='bbox 1455 1463 1672 1518; x_wconf 82' lang='lat' dir='ltr'>civitate</span> <span class='ocrx_word' id='word_1_100' title='bbox 1702 1462 1859 1518; x_wconf 60' lang='lat' dir='ltr'>Sala«</span> <span class='ocrx_word' id='word_1_101' title='bbox 1890 1469 1919 1484; x_wconf 70' lang='grc'>“’</span> 
     </span>
    </p>
   </div>
   <div class='ocr_carea' id='block_1_5' title="bbox 276 1557 1863 1903">
    <p class='ocr_par' dir='ltr' id='par_1_5' title="bbox 276 1557 1863 1903">
     <span class='ocr_line' id='line_1_13' title="bbox 292 1557 1859 1630; baseline -0.001 -15"><span class='ocrx_word' id='word_1_102' title='bbox 292 1562 609 1624; x_wconf 83' lang='lat' dir='ltr'>miniorum,</span> <span class='ocrx_word' id='word_1_103' title='bbox 638 1558 777 1614; x_wconf 83' lang='lat' dir='ltr'>dixit</span> <span class='ocrx_word' id='word_1_104' title='bbox 813 1557 948 1613; x_wconf 83' lang='lat' dir='ltr'>mihi</span> <span class='ocrx_word' id='word_1_105' title='bbox 998 1566 1053 1613; x_wconf 91' lang='lat' dir='ltr'>et</span> <span class='ocrx_word' id='word_1_106' title='bbox 1095 1557 1323 1630; x_wconf 81' lang='lat' dir='ltr'>Polybio</span> <span class='ocrx_word' id='word_1_107' title='bbox 1357 1577 1371 1613; x_wconf 73' lang='grc' dir='ltr'>ε</span> <span class='ocrx_word' id='word_1_108' title='bbox 1404 1557 1629 1622; x_wconf 87' lang='lat' dir='ltr'>Eamus,</span> <span class='ocrx_word' id='word_1_109' title='bbox 1657 1558 1774 1625; x_wconf 83' lang='lat' dir='ltr'>filii,</span> <span class='ocrx_word' id='word_1_110' title='bbox 1804 1560 1859 1614; x_wconf 87' lang='lat' dir='ltr'>in</span> 
     </span>
     <span class='ocr_line' id='line_1_14' title="bbox 276 1648 1859 1719; baseline -0.001 -13"><span class='ocrx_word' id='word_1_111' title='bbox 276 1651 493 1716; x_wconf 68' lang='lat' dir='ltr'>sorum,</span> <span class='ocrx_word' id='word_1_112' title='bbox 526 1659 581 1706; x_wconf 90' lang='lat' dir='ltr'>et</span> <span class='ocrx_word' id='word_1_113' title='bbox 629 1665 874 1705; x_wconf 90' lang='lat' dir='ltr'>emamus</span> <span class='ocrx_word' id='word_1_114' title='bbox 914 1664 1071 1704; x_wconf 80' lang='lat' dir='ltr'>uvas.</span> <span class='ocrx_word' id='word_1_115' title='bbox 1100 1648 1348 1719; x_wconf 81' lang='lat' dir='ltr'>Cumque</span> <span class='ocrx_word' id='word_1_116' title='bbox 1371 1665 1402 1706; x_wconf 88' lang='lat' dir='ltr'>e</span> <span class='ocrx_word' id='word_1_117' title='bbox 1433 1649 1556 1704; x_wconf 75' lang='lat' dir='ltr'>navi</span> <span class='ocrx_word' id='word_1_118' title='bbox 1591 1650 1646 1704; x_wconf 93' lang='lat' dir='ltr'>in</span> <span class='ocrx_word' id='word_1_119' title='bbox 1679 1650 1859 1705; x_wconf 82' lang='lat' dir='ltr'>sorum</span> 
     </span>
     <span class='ocr_line' id='line_1_15' title="bbox 292 1740 1860 1813; baseline 0.001 -17"><span class='ocrx_word' id='word_1_120' title='bbox 292 1743 639 1805; x_wconf 84' lang='lat' dir='ltr'>abiissemus‚</span> <span class='ocrx_word' id='word_1_121' title='bbox 672 1749 726 1796; x_wconf 92' lang='lat' dir='ltr'>et</span> <span class='ocrx_word' id='word_1_122' title='bbox 767 1740 1103 1796; x_wconf 84' lang='lat' dir='ltr'>venditorem</span> <span class='ocrx_word' id='word_1_123' title='bbox 1149 1742 1590 1809; x_wconf 82' lang='lat' dir='ltr'>conveniremus,</span> <span class='ocrx_word' id='word_1_124' title='bbox 1623 1741 1860 1813; x_wconf 88' lang='lat' dir='ltr'>Epipha-</span> 
     </span>
     <span class='ocr_line' id='line_1_16' title="bbox 295 1832 1863 1903; baseline 0.003 -17"><span class='ocrx_word' id='word_1_125' title='bbox 295 1835 438 1897; x_wconf 83' lang='lat' dir='ltr'>nius,</span> <span class='ocrx_word' id='word_1_126' title='bbox 481 1833 723 1903; x_wconf 82' lang='lat' dir='ltr'>acceptis</span> <span class='ocrx_word' id='word_1_127' title='bbox 773 1833 988 1888; x_wconf 90' lang='lat' dir='ltr'>duobus</span> <span class='ocrx_word' id='word_1_128' title='bbox 1041 1832 1215 1890; x_wconf 91' lang='lat' dir='ltr'>botris</span> <span class='ocrx_word' id='word_1_129' title='bbox 1263 1833 1686 1903; x_wconf 82' lang='lat' dir='ltr'>pulcherrimis,</span> <span class='ocrx_word' id='word_1_130' title='bbox 1728 1835 1863 1891; x_wconf 84' lang='lat' dir='ltr'>dixit</span> 
     </span>
    </p>
   </div>
   <div class='ocr_carea' id='block_1_6' title="bbox 291 1910 1937 1996">
    <p class='ocr_par' dir='ltr' id='par_1_6' title="bbox 291 1910 1937 1996">
     <span class='ocr_line' id='line_1_17' title="bbox 291 1910 1937 1996; baseline 0.001 -14"><span class='ocrx_word' id='word_1_131' title='bbox 291 1927 559 1982; x_wconf 84' lang='lat' dir='ltr'>v·nditori</span> <span class='ocrx_word' id='word_1_132' title='bbox 588 1945 602 1977; x_wconf 81' lang='lat' dir='ltr'>t</span> <span class='ocrx_word' id='word_1_133' title='bbox 627 1925 766 1993; x_wconf 83' lang='lat' dir='ltr'>Quid</span> <span class='ocrx_word' id='word_1_134' title='bbox 797 1927 880 1981; x_wconf 79' lang='lat' dir='ltr'>vis</span> <span class='ocrx_word' id='word_1_135' title='bbox 911 1925 1011 1980; x_wconf 89' lang='lat' dir='ltr'>tibi</span> <span class='ocrx_word' id='word_1_136' title='bbox 1039 1927 1161 1981; x_wconf 90' lang='lat' dir='ltr'>dem</span> <span class='ocrx_word' id='word_1_137' title='bbox 1192 1941 1291 1996; x_wconf 92' lang='lat' dir='ltr'>pro</span> <span class='ocrx_word' id='word_1_138' title='bbox 1317 1927 1404 1983; x_wconf 89' lang='lat' dir='ltr'>his</span> <span class='ocrx_word' id='word_1_139' title='bbox 1423 1927 1638 1983; x_wconf 73' lang='lat' dir='ltr'>duobus</span> <span class='ocrx_word' id='word_1_140' title='bbox 1661 1929 1864 1985; x_wconf 84' lang='lat' dir='ltr'>botris?</span> <span class='ocrx_word' id='word_1_141' title='bbox 1894 1910 1937 1964; x_wconf 78' lang='grc' dir='ltr'>Β</span> 
     </span>
    </p>
   </div>
   <div class='ocr_carea' id='block_1_7' title="bbox 290 2014 1871 4537">
    <p class='ocr_par' dir='ltr' id='par_1_7' title="bbox 290 2014 1871 4537">
     <span class='ocr_line' id='line_1_18' title="bbox 291 2014 1863 2086; baseline 0.001 -14"><span class='ocrx_word' id='word_1_142' title='bbox 291 2014 593 2086; x_wconf 84' lang='lat' dir='ltr'>Epiphanio</span> <span class='ocrx_word' id='word_1_143' title='bbox 632 2024 814 2072; x_wconf 88' lang='lat' dir='ltr'>antem</span> <span class='ocrx_word' id='word_1_144' title='bbox 846 2030 968 2072; x_wconf 90' lang='lat' dir='ltr'>mos</span> <span class='ocrx_word' id='word_1_145' title='bbox 1000 2024 1119 2070; x_wconf 90' lang='lat' dir='ltr'>erat</span> <span class='ocrx_word' id='word_1_146' title='bbox 1148 2030 1255 2070; x_wconf 91' lang='lat' dir='ltr'>non</span> <span class='ocrx_word' id='word_1_147' title='bbox 1292 2018 1688 2074; x_wconf 82' lang='lat' dir='ltr'>contradicere.</span> <span class='ocrx_word' id='word_1_148' title='bbox 1724 2017 1863 2074; x_wconf 90' lang='lat' dir='ltr'>Cum</span> 
     </span>
     <span class='ocr_line' id='line_1_19' title="bbox 291 2104 1864 2176; baseline 0.003 -16"><span class='ocrx_word' id='word_1_149' title='bbox 291 2121 419 2161; x_wconf 80' lang='lat' dir='ltr'>vero</span> <span class='ocrx_word' id='word_1_150' title='bbox 449 2106 699 2161; x_wconf 76' lang='lat' dir='ltr'>venditor</span> <span class='ocrx_word' id='word_1_151' title='bbox 728 2104 957 2161; x_wconf 85' lang='lat' dir='ltr'>dixisset</span> <span class='ocrx_word' id='word_1_152' title='bbox 981 2105 1215 2175; x_wconf 87' lang='lat' dir='ltr'>pretium</span> <span class='ocrx_word' id='word_1_153' title='bbox 1249 2120 1500 2170; x_wconf 84' lang='lat' dir='ltr'>uvarum,</span> <span class='ocrx_word' id='word_1_154' title='bbox 1528 2106 1864 2176; x_wconf 79' lang='lat' dir='ltr'>Epiphanius</span> 
     </span>
     <span class='ocr_line' id='line_1_20' title="bbox 291 2192 1864 2275; baseline 0.001 -25"><span class='ocrx_word' id='word_1_155' title='bbox 291 2196 498 2275; x_wconf 84' lang='lat' dir='ltr'>accepit</span> <span class='ocrx_word' id='word_1_156' title='bbox 528 2194 836 2265; x_wconf 85' lang='lat' dir='ltr'>pecuniam,</span> <span class='ocrx_word' id='word_1_157' title='bbox 867 2202 929 2248; x_wconf 91' lang='lat' dir='ltr'>ut</span> <span class='ocrx_word' id='word_1_158' title='bbox 966 2192 1203 2249; x_wconf 82' lang='lat' dir='ltr'>solveret</span> <span class='ocrx_word' id='word_1_159' title='bbox 1252 2193 1538 2250; x_wconf 79' lang='lat' dir='ltr'>venditori.</span> <span class='ocrx_word' id='word_1_160' title='bbox 1574 2194 1728 2251; x_wconf 86' lang='lat' dir='ltr'>Tunc</span> <span class='ocrx_word' id='word_1_161' title='bbox 1772 2210 1864 2252; x_wconf 84' lang='lat' dir='ltr'>ac-</span> 
     </span>
     <span class='ocr_line' id='line_1_21' title="bbox 291 2281 1861 2354; baseline 0.001 -17"><span class='ocrx_word' id='word_1_162' title='bbox 291 2285 431 2339; x_wconf 86' lang='lat' dir='ltr'>cedit</span> <span class='ocrx_word' id='word_1_163' title='bbox 465 2292 688 2339; x_wconf 88' lang='lat' dir='ltr'>sanetus</span> <span class='ocrx_word' id='word_1_164' title='bbox 716 2281 956 2354; x_wconf 83' lang='lat' dir='ltr'>Pappns,</span> <span class='ocrx_word' id='word_1_165' title='bbox 983 2283 1241 2338; x_wconf 77' lang='lat' dir='ltr'>suffultus</span> <span class='ocrx_word' id='word_1_166' title='bbox 1269 2298 1298 2337; x_wconf 87' lang='lat' dir='ltr'>a</span> <span class='ocrx_word' id='word_1_167' title='bbox 1318 2284 1548 2339; x_wconf 79' lang='lat' dir='ltr'>&#39;duobus</span> <span class='ocrx_word' id='word_1_168' title='bbox 1591 2284 1861 2340; x_wconf 86' lang='lat' dir='ltr'>diaconis.</span> 
     </span>
     <span class='ocr_line' id='line_1_22' title="bbox 291 2373 1862 2443; baseline 0.001 -15"><span class='ocrx_word' id='word_1_169' title='bbox 291 2373 457 2430; x_wconf 88' lang='lat' dir='ltr'>Erant</span> <span class='ocrx_word' id='word_1_170' title='bbox 502 2382 679 2429; x_wconf 87' lang='lat' dir='ltr'>autem</span> <span class='ocrx_word' id='word_1_171' title='bbox 727 2381 838 2429; x_wconf 85' lang='lat' dir='ltr'>tres</span> <span class='ocrx_word' id='word_1_172' title='bbox 882 2387 1101 2442; x_wconf 83' lang='lat' dir='ltr'>quoque</span> <span class='ocrx_word' id='word_1_173' title='bbox 1147 2387 1271 2427; x_wconf 81' lang='lat' dir='ltr'>curn</span> <span class='ocrx_word' id='word_1_174' title='bbox 1314 2373 1432 2443; x_wconf 91' lang='lat' dir='ltr'>ipso</span> <span class='ocrx_word' id='word_1_175' title='bbox 1461 2375 1722 2443; x_wconf 84' lang='lat' dir='ltr'>episcopi.</span> <span class='ocrx_word' id='word_1_176' title='bbox 1758 2373 1862 2440; x_wconf 82' lang='lat' dir='ltr'>Qui</span> 
     </span>
     <span class='ocr_line' id='line_1_23' title="bbox 290 2461 1862 2534; baseline 0.001 -15"><span class='ocrx_word' id='word_1_177' title='bbox 290 2479 414 2519; x_wconf 89' lang='lat' dir='ltr'>cum</span> <span class='ocrx_word' id='word_1_178' title='bbox 440 2463 968 2534; x_wconf 78' lang='lat' dir='ltr'>appropinquassent</span> <span class='ocrx_word' id='word_1_179' title='bbox 983 2462 1308 2532; x_wconf 85' lang='lat' dir='ltr'>Epiphanio,</span> <span class='ocrx_word' id='word_1_180' title='bbox 1331 2461 1662 2532; x_wconf 82' lang='lat' dir='ltr'>Epiphanius</span> <span class='ocrx_word' id='word_1_181' title='bbox 1680 2465 1862 2520; x_wconf 86' lang='lat' dir='ltr'>botros</span> 
     </span>
     <span class='ocr_line' id='line_1_24' title="bbox 293 2552 1864 2621; baseline -0.001 -13"><span class='ocrx_word' id='word_1_182' title='bbox 293 2555 524 2610; x_wconf 87' lang='lat' dir='ltr'>habebat</span> <span class='ocrx_word' id='word_1_183' title='bbox 576 2554 631 2608; x_wconf 90' lang='lat' dir='ltr'>in</span> <span class='ocrx_word' id='word_1_184' title='bbox 677 2553 948 2616; x_wconf 78' lang='lat' dir='ltr'>manibuS,</span> <span class='ocrx_word' id='word_1_185' title='bbox 979 2561 1032 2608; x_wconf 89' lang='lat' dir='ltr'>et</span> <span class='ocrx_word' id='word_1_186' title='bbox 1075 2566 1266 2607; x_wconf 81' lang='lat' dir='ltr'>eorum</span> <span class='ocrx_word' id='word_1_187' title='bbox 1313 2552 1565 2621; x_wconf 87' lang='lat' dir='ltr'>pretinm.</span> <span class='ocrx_word' id='word_1_188' title='bbox 1602 2552 1864 2608; x_wconf 86' lang='lat' dir='ltr'>Dixerunt</span> 
     </span>
     <span class='ocr_line' id='line_1_25' title="bbox 293 2643 1863 2715; baseline -0.001 -15"><span class='ocrx_word' id='word_1_189' title='bbox 293 2657 470 2700; x_wconf 82' lang='lat' dir='ltr'>autem</span> <span class='ocrx_word' id='word_1_190' title='bbox 504 2644 726 2715; x_wconf 85' lang='lat' dir='ltr'>quidam</span> <span class='ocrx_word' id='word_1_191' title='bbox 755 2655 821 2699; x_wconf 84' lang='lat' dir='ltr'>ex</span> <span class='ocrx_word' id='word_1_192' title='bbox 851 2643 1159 2698; x_wconf 87' lang='lat' dir='ltr'>astantibus</span> <span class='ocrx_word' id='word_1_193' title='bbox 1196 2661 1210 2697; x_wconf 77' lang='lat' dir='ltr'>t</span> <span class='ocrx_word' id='word_1_194' title='bbox 1248 2643 1387 2698; x_wconf 84' lang='lat' dir='ltr'>Eece</span> <span class='ocrx_word' id='word_1_195' title='bbox 1418 2644 1507 2699; x_wconf 91' lang='lat' dir='ltr'>hic</span> <span class='ocrx_word' id='word_1_196' title='bbox 1533 2645 1732 2700; x_wconf 80' lang='lat' dir='ltr'>adsunt</span> <span class='ocrx_word' id='word_1_197' title='bbox 1750 2646 1863 2714; x_wconf 79' lang='lat' dir='ltr'>epi-</span> 
     </span>
     <span class='ocr_line' id='line_1_26' title="bbox 293 2733 1858 2807; baseline -0.001 -16"><span class='ocrx_word' id='word_1_198' title='bbox 293 2737 465 2807; x_wconf 89' lang='lat' dir='ltr'>scopi.</span> <span class='ocrx_word' id='word_1_199' title='bbox 496 2735 770 2806; x_wconf 81' lang='lat' dir='ltr'>incipiens</span> <span class='ocrx_word' id='word_1_200' title='bbox 820 2745 1000 2790; x_wconf 88' lang='lat' dir='ltr'>autem</span> <span class='ocrx_word' id='word_1_201' title='bbox 1049 2733 1294 2804; x_wconf 72' lang='lat' dir='ltr'>pappus,</span> <span class='ocrx_word' id='word_1_202' title='bbox 1326 2734 1461 2789; x_wconf 85' lang='lat' dir='ltr'>dixit</span> <span class='ocrx_word' id='word_1_203' title='bbox 1507 2733 1814 2805; x_wconf 84' lang='lat' dir='ltr'>Epiphanio</span> <span class='ocrx_word' id='word_1_204' title='bbox 1846 2755 1858 2790; x_wconf 74' lang='grc' dir='ltr'>ι</span> 
     </span>
     <span class='ocr_line' id='line_1_27' title="bbox 294 2824 1864 2894; baseline -0.001 -12"><span class='ocrx_word' id='word_1_205' title='bbox 294 2828 531 2892; x_wconf 84' lang='lat' dir='ltr'>Dimitte,</span> <span class='ocrx_word' id='word_1_206' title='bbox 567 2841 600 2882; x_wconf 95' lang='grc' dir='ltr'>ο</span> <span class='ocrx_word' id='word_1_207' title='bbox 645 2827 806 2892; x_wconf 82' lang='lat' dir='ltr'>abba,</span> <span class='ocrx_word' id='word_1_208' title='bbox 848 2827 1035 2882; x_wconf 81' lang='lat' dir='ltr'>botros</span> <span class='ocrx_word' id='word_1_209' title='bbox 1080 2824 1224 2894; x_wconf 84' lang='lat' dir='ltr'>apud</span> <span class='ocrx_word' id='word_1_210' title='bbox 1272 2824 1629 2891; x_wconf 73' lang='lat' dir='ltr'>venditorem,</span> <span class='ocrx_word' id='word_1_211' title='bbox 1679 2835 1733 2879; x_wconf 90' lang='lat' dir='ltr'>et</span> <span class='ocrx_word' id='word_1_212' title='bbox 1780 2840 1864 2880; x_wconf 85' lang='lat' dir='ltr'>sc-</span> 
     </span>
     <span class='ocr_line' id='line_1_28' title="bbox 294 2914 1863 2988; baseline -0.003 -16"><span class='ocrx_word' id='word_1_213' title='bbox 294 2935 460 2988; x_wconf 81' lang='lat' dir='ltr'>quere</span> <span class='ocrx_word' id='word_1_214' title='bbox 492 2933 592 2973; x_wconf 91' lang='lat' dir='ltr'>nos</span> <span class='ocrx_word' id='word_1_215' title='bbox 619 2919 672 2972; x_wconf 90' lang='lat' dir='ltr'>in</span> <span class='ocrx_word' id='word_1_216' title='bbox 709 2916 1022 2973; x_wconf 88' lang='lat' dir='ltr'>ecclesiam.</span> <span class='ocrx_word' id='word_1_217' title='bbox 1058 2914 1395 2971; x_wconf 86' lang='lat' dir='ltr'>Recordatus</span> <span class='ocrx_word' id='word_1_218' title='bbox 1431 2928 1557 2969; x_wconf 82' lang='lat' dir='ltr'>vero</span> <span class='ocrx_word' id='word_1_219' title='bbox 1581 2915 1733 2969; x_wconf 74' lang='lat' dir='ltr'>verbi</span> <span class='ocrx_word' id='word_1_220' title='bbox 1782 2915 1863 2968; x_wconf 90' lang='lat' dir='ltr'>di-</span> 
     </span>
     <span class='ocr_line' id='line_1_29' title="bbox 294 3005 1862 3079; baseline 0 -18"><span class='ocrx_word' id='word_1_221' title='bbox 294 3010 404 3064; x_wconf 70' lang='lat' dir='ltr'>vini</span> <span class='ocrx_word' id='word_1_222' title='bbox 435 3009 576 3079; x_wconf 81' lang='lat' dir='ltr'>quod</span> <span class='ocrx_word' id='word_1_223' title='bbox 599 3009 733 3064; x_wconf 90' lang='lat' dir='ltr'>dicit</span> <span class='ocrx_word' id='word_1_224' title='bbox 764 3018 819 3064; x_wconf 89' lang='lat' dir='ltr'>et</span> <span class='ocrx_word' id='word_1_225' title='bbox 852 3007 1126 3078; x_wconf 85' lang='lat' dir='ltr'>eloquitur</span> <span class='ocrx_word' id='word_1_226' title='bbox 1153 3023 1167 3061; x_wconf 91' lang='lat'><strong>:</strong></span> <span class='ocrx_word' id='word_1_227' title='bbox 1201 3005 1436 3061; x_wconf 72' lang='lat' dir='ltr'>Loetatus</span> <span class='ocrx_word' id='word_1_228' title='bbox 1462 3023 1576 3060; x_wconf 77' lang='lat' dir='ltr'>sum</span> <span class='ocrx_word' id='word_1_229' title='bbox 1609 3008 1749 3061; x_wconf 75' lang='lat' dir='ltr'>iniis</span> <span class='ocrx_word' id='word_1_230' title='bbox 1775 3011 1862 3078; x_wconf 70' lang='lat' dir='ltr'>qui</span> 
     </span>
     <span class='ocr_line' id='line_1_30' title="bbox 296 3101 1866 3160; baseline -0.001 0"><span class='ocrx_word' id='word_1_231' title='bbox 296 3107 541 3160; x_wconf 74' lang='lat' dir='ltr'>dixerunt</span> <span class='ocrx_word' id='word_1_232' title='bbox 584 3106 710 3160; x_wconf 79' lang='lat' dir='ltr'>mihi</span> <span class='ocrx_word' id='word_1_233' title='bbox 741 3119 759 3158; x_wconf 92' lang='lat'>.·</span> <span class='ocrx_word' id='word_1_234' title='bbox 793 3101 861 3159; x_wconf 79' lang='grc' dir='ltr'>1η</span> <span class='ocrx_word' id='word_1_235' title='bbox 893 3105 1106 3158; x_wconf 79' lang='lat' dir='ltr'>domum</span> <span class='ocrx_word' id='word_1_236' title='bbox 1158 3102 1372 3157; x_wconf 83' lang='lat' dir='ltr'>Domini</span> <span class='ocrx_word' id='word_1_237' title='bbox 1403 3104 1632 3157; x_wconf 76' lang='lat' dir='ltr'>ibimus&#39;</span> <span class='ocrx_word' id='word_1_238' title='bbox 1667 3122 1680 3153; x_wconf 71' lang='grc' dir='ltr'><strong><em>ε</em></strong></span> <span class='ocrx_word' id='word_1_239' title='bbox 1709 3119 1866 3159; x_wconf 72' lang='lat' dir='ltr'>seeu-</span> 
     </span>
     <span class='ocr_line' id='line_1_31' title="bbox 297 3195 1860 3272; baseline -0.003 -17"><span class='ocrx_word' id='word_1_240' title='bbox 297 3210 383 3257; x_wconf 89' lang='lat' dir='ltr'>tus</span> <span class='ocrx_word' id='word_1_241' title='bbox 413 3210 495 3258; x_wconf 86' lang='lat' dir='ltr'>est</span> <span class='ocrx_word' id='word_1_242' title='bbox 543 3199 596 3254; x_wconf 84' lang='lat' dir='ltr'>in</span> <span class='ocrx_word' id='word_1_243' title='bbox 653 3199 961 3255; x_wconf 87' lang='lat' dir='ltr'>ecclesiam.</span> <span class='ocrx_word' id='word_1_244' title='bbox 994 3197 1210 3267; x_wconf 84' lang='lat' dir='ltr'>Pappus</span> <span class='ocrx_word' id='word_1_245' title='bbox 1241 3207 1419 3252; x_wconf 89' lang='lat' dir='ltr'>autem</span> <span class='ocrx_word' id='word_1_246' title='bbox 1453 3196 1589 3251; x_wconf 80' lang='lat' dir='ltr'>dixit</span> <span class='ocrx_word' id='word_1_247' title='bbox 1619 3195 1860 3272; x_wconf 83' lang='lat' dir='ltr'>Epipha-</span> 
     </span>
     <span class='ocr_line' id='line_1_32' title="bbox 292 3288 1860 3357; baseline -0.003 -11"><span class='ocrx_word' id='word_1_248' title='bbox 292 3293 386 3346; x_wconf 87' lang='lat' dir='ltr'>nio</span> <span class='ocrx_word' id='word_1_249' title='bbox 423 3313 436 3347; x_wconf 89' lang='lat'>:</span> <span class='ocrx_word' id='word_1_250' title='bbox 471 3288 580 3348; x_wconf 85' lang='lat' dir='ltr'>Fac</span> <span class='ocrx_word' id='word_1_251' title='bbox 611 3291 933 3354; x_wconf 87' lang='lat' dir='ltr'>orationem,</span> <span class='ocrx_word' id='word_1_252' title='bbox 965 3306 997 3345; x_wconf 95' lang='lat' dir='ltr'>o</span> <span class='ocrx_word' id='word_1_253' title='bbox 1023 3290 1202 3345; x_wconf 89' lang='lat' dir='ltr'>Pater.</span> <span class='ocrx_word' id='word_1_254' title='bbox 1227 3288 1382 3356; x_wconf 88' lang='lat' dir='ltr'>Quod</span> <span class='ocrx_word' id='word_1_255' title='bbox 1412 3289 1624 3344; x_wconf 82' lang='lat' dir='ltr'>dicebat</span> <span class='ocrx_word' id='word_1_256' title='bbox 1647 3288 1860 3357; x_wconf 58' lang='lat' dir='ltr'>Pappus</span> 
     </span>
     <span class='ocr_line' id='line_1_33' title="bbox 295 3378 1860 3454; baseline -0.004 -16"><span class='ocrx_word' id='word_1_257' title='bbox 295 3382 620 3454; x_wconf 79' lang='lat' dir='ltr'>Epiphanio,</span> <span class='ocrx_word' id='word_1_258' title='bbox 659 3392 719 3436; x_wconf 89' lang='lat' dir='ltr'>ut</span> <span class='ocrx_word' id='word_1_259' title='bbox 769 3397 828 3437; x_wconf 91' lang='lat' dir='ltr'>se</span> <span class='ocrx_word' id='word_1_260' title='bbox 877 3381 1211 3451; x_wconf 84' lang='lat' dir='ltr'>significaret</span> <span class='ocrx_word' id='word_1_261' title='bbox 1241 3381 1519 3436; x_wconf 84' lang='lat' dir='ltr'>clericum.</span> <span class='ocrx_word' id='word_1_262' title='bbox 1550 3378 1730 3448; x_wconf 87' lang='lat' dir='ltr'>Pappo</span> <span class='ocrx_word' id='word_1_263' title='bbox 1759 3394 1860 3432; x_wconf 88' lang='lat' dir='ltr'>an·</span> 
     </span>
     <span class='ocr_line' id='line_1_34' title="bbox 293 3468 1858 3544; baseline -0.006 -15"><span class='ocrx_word' id='word_1_264' title='bbox 293 3483 402 3529; x_wconf 88' lang='lat' dir='ltr'>tem</span> <span class='ocrx_word' id='word_1_265' title='bbox 449 3473 585 3528; x_wconf 81' lang='lat' dir='ltr'>dixit</span> <span class='ocrx_word' id='word_1_266' title='bbox 629 3471 964 3544; x_wconf 86' lang='lat' dir='ltr'>Epiphanius</span> <span class='ocrx_word' id='word_1_267' title='bbox 996 3488 1009 3526; x_wconf 74' lang='grc' dir='ltr'><strong>ε</strong></span> <span class='ocrx_word' id='word_1_268' title='bbox 1041 3469 1264 3542; x_wconf 83' lang='lat' dir='ltr'>Ignosce</span> <span class='ocrx_word' id='word_1_269' title='bbox 1313 3471 1470 3534; x_wconf 88' lang='lat' dir='ltr'>mihi,</span> <span class='ocrx_word' id='word_1_270' title='bbox 1513 3468 1672 3523; x_wconf 65' lang='lat' dir='ltr'>Palm·</span> <span class='ocrx_word' id='word_1_271' title='bbox 1704 3487 1716 3521; x_wconf 89' lang='lat'>:</span> <span class='ocrx_word' id='word_1_272' title='bbox 1754 3482 1858 3521; x_wconf 89' lang='lat' dir='ltr'>non</span> 
     </span>
     <span class='ocr_line' id='line_1_35' title="bbox 295 3559 1859 3632; baseline -0.003 -14"><span class='ocrx_word' id='word_1_273' title='bbox 295 3578 416 3618; x_wconf 84' lang='lat' dir='ltr'>snm</span> <span class='ocrx_word' id='word_1_274' title='bbox 449 3562 594 3617; x_wconf 89' lang='lat' dir='ltr'>enim</span> <span class='ocrx_word' id='word_1_275' title='bbox 634 3562 691 3616; x_wconf 91' lang='lat' dir='ltr'>in</span> <span class='ocrx_word' id='word_1_276' title='bbox 721 3562 889 3618; x_wconf 83' lang='lat' dir='ltr'>clero.</span> <span class='ocrx_word' id='word_1_277' title='bbox 919 3561 1065 3617; x_wconf 83' lang='lat' dir='ltr'>Dixit</span> <span class='ocrx_word' id='word_1_278' title='bbox 1089 3559 1308 3632; x_wconf 84' lang='lat' dir='ltr'>Pappus</span> <span class='ocrx_word' id='word_1_279' title='bbox 1337 3560 1642 3631; x_wconf 90' lang='lat' dir='ltr'>Epiphanio</span> <span class='ocrx_word' id='word_1_280' title='bbox 1669 3579 1682 3616; x_wconf 91' lang='lat'>:</span> <span class='ocrx_word' id='word_1_281' title='bbox 1707 3559 1859 3624; x_wconf 84' lang='lat' dir='ltr'>Vide,</span> 
     </span>
     <span class='ocr_line' id='line_1_36' title="bbox 293 3650 1864 3724; baseline -0.002 -17"><span class='ocrx_word' id='word_1_282' title='bbox 293 3670 328 3707; x_wconf 90' lang='lat' dir='ltr'>o</span> <span class='ocrx_word' id='word_1_283' title='bbox 353 3651 449 3718; x_wconf 78' lang='lat' dir='ltr'>illi,</span> <span class='ocrx_word' id='word_1_284' title='bbox 481 3668 548 3707; x_wconf 87' lang='lat' dir='ltr'>ne</span> <span class='ocrx_word' id='word_1_285' title='bbox 579 3667 744 3724; x_wconf 81' lang='lat' dir='ltr'>neges</span> <span class='ocrx_word' id='word_1_286' title='bbox 789 3667 970 3708; x_wconf 88' lang='lat' dir='ltr'>coram</span> <span class='ocrx_word' id='word_1_287' title='bbox 1011 3661 1088 3708; x_wconf 93' lang='lat' dir='ltr'>tot</span> <span class='ocrx_word' id='word_1_288' title='bbox 1115 3652 1319 3708; x_wconf 89' lang='lat' dir='ltr'>sanctis</span> <span class='ocrx_word' id='word_1_289' title='bbox 1353 3650 1626 3717; x_wconf 84' lang='lat' dir='ltr'>Patribus,</span> <span class='ocrx_word' id='word_1_290' title='bbox 1651 3661 1704 3706; x_wconf 89' lang='lat' dir='ltr'>et</span> <span class='ocrx_word' id='word_1_291' title='bbox 1732 3666 1864 3706; x_wconf 90' lang='lat' dir='ltr'>con·</span> 
     </span>
     <span class='ocr_line' id='line_1_37' title="bbox 294 3741 1862 3815; baseline -0.004 -16"><span class='ocrx_word' id='word_1_292' title='bbox 294 3745 589 3810; x_wconf 84' lang='lat' dir='ltr'>demneris,</span> <span class='ocrx_word' id='word_1_293' title='bbox 616 3746 790 3815; x_wconf 89' lang='lat' dir='ltr'>utqui</span> <span class='ocrx_word' id='word_1_294' title='bbox 822 3745 1105 3804; x_wconf 83' lang='lat' dir='ltr'>abscondit</span> <span class='ocrx_word' id='word_1_295' title='bbox 1133 3745 1412 3800; x_wconf 82' lang='lat' dir='ltr'>talentum.</span> <span class='ocrx_word' id='word_1_296' title='bbox 1450 3742 1700 3813; x_wconf 85' lang='lat' dir='ltr'>Dixitque</span> <span class='ocrx_word' id='word_1_297' title='bbox 1734 3741 1862 3810; x_wconf 91' lang='lat' dir='ltr'>Epi·</span> 
     </span>
     <span class='ocr_line' id='line_1_38' title="bbox 294 3830 1866 3906; baseline -0.003 -18"><span class='ocrx_word' id='word_1_298' title='bbox 294 3833 530 3906; x_wconf 89' lang='lat' dir='ltr'>phanius</span> <span class='ocrx_word' id='word_1_299' title='bbox 563 3852 576 3890; x_wconf 75' lang='grc' dir='ltr'><strong><em>ε</em></strong></span> <span class='ocrx_word' id='word_1_300' title='bbox 608 3833 746 3901; x_wconf 88' lang='lat' dir='ltr'>Non,</span> <span class='ocrx_word' id='word_1_301' title='bbox 781 3831 960 3900; x_wconf 88' lang='lat' dir='ltr'>Pater,</span> <span class='ocrx_word' id='word_1_302' title='bbox 1004 3848 1113 3890; x_wconf 86' lang='lat' dir='ltr'>non</span> <span class='ocrx_word' id='word_1_303' title='bbox 1165 3849 1285 3890; x_wconf 88' lang='lat' dir='ltr'>sum</span> <span class='ocrx_word' id='word_1_304' title='bbox 1312 3834 1563 3889; x_wconf 77' lang='lat' dir='ltr'>clericus,</span> <span class='ocrx_word' id='word_1_305' title='bbox 1597 3830 1722 3887; x_wconf 78' lang='lat' dir='ltr'>flaec</span> <span class='ocrx_word' id='word_1_306' title='bbox 1767 3846 1866 3885; x_wconf 83' lang='lat' dir='ltr'>au·</span> 
     </span>
     <span class='ocr_line' id='line_1_39' title="bbox 299 3921 1861 3994; baseline -0.003 -16"><span class='ocrx_word' id='word_1_307' title='bbox 299 3935 406 3979; x_wconf 87' lang='lat' dir='ltr'>tem</span> <span class='ocrx_word' id='word_1_308' title='bbox 433 3939 556 3979; x_wconf 89' lang='lat' dir='ltr'>eum</span> <span class='ocrx_word' id='word_1_309' title='bbox 581 3924 809 3979; x_wconf 82' lang='lat' dir='ltr'>dixisset</span> <span class='ocrx_word' id='word_1_310' title='bbox 830 3922 1189 3994; x_wconf 86' lang='lat' dir='ltr'>Epiphanius,</span> <span class='ocrx_word' id='word_1_311' title='bbox 1217 3921 1434 3994; x_wconf 82' lang='lat' dir='ltr'>Pappus</span> <span class='ocrx_word' id='word_1_312' title='bbox 1479 3922 1628 3978; x_wconf 86' lang='lat' dir='ltr'>dedit</span> <span class='ocrx_word' id='word_1_313' title='bbox 1653 3936 1861 3992; x_wconf 87' lang='lat' dir='ltr'>pacem.</span> 
     </span>
     <span class='ocr_line' id='line_1_40' title="bbox 295 4013 1864 4084; baseline -0.003 -14"><span class='ocrx_word' id='word_1_314' title='bbox 295 4013 451 4071; x_wconf 85' lang='lat' dir='ltr'>Unus</span> <span class='ocrx_word' id='word_1_315' title='bbox 473 4029 602 4069; x_wconf 81' lang='lat' dir='ltr'>vero</span> <span class='ocrx_word' id='word_1_316' title='bbox 628 4029 697 4069; x_wconf 89' lang='lat' dir='ltr'>ex</span> <span class='ocrx_word' id='word_1_317' title='bbox 724 4014 994 4081; x_wconf 85' lang='lat' dir='ltr'>diaconis,</span> <span class='ocrx_word' id='word_1_318' title='bbox 1037 4013 1212 4083; x_wconf 86' lang='lat' dir='ltr'>capite</span> <span class='ocrx_word' id='word_1_319' title='bbox 1255 4014 1594 4084; x_wconf 82' lang='lat' dir='ltr'>apprehenso</span> <span class='ocrx_word' id='word_1_320' title='bbox 1623 4013 1864 4083; x_wconf 83' lang='lat' dir='ltr'>Epipha-</span> 
     </span>
     <span class='ocr_line' id='line_1_41' title="bbox 297 4102 1869 4175; baseline -0.001 -16"><span class='ocrx_word' id='word_1_321' title='bbox 297 4108 408 4172; x_wconf 88' lang='lat' dir='ltr'>uio,</span> <span class='ocrx_word' id='word_1_322' title='bbox 442 4120 567 4161; x_wconf 88' lang='lat' dir='ltr'>eum</span> <span class='ocrx_word' id='word_1_323' title='bbox 619 4105 673 4159; x_wconf 78' lang='lat' dir='ltr'>vi</span> <span class='ocrx_word' id='word_1_324' title='bbox 719 4104 879 4160; x_wconf 86' lang='lat' dir='ltr'>duxit</span> <span class='ocrx_word' id='word_1_325' title='bbox 929 4103 996 4159; x_wconf 91' lang='lat' dir='ltr'>ad</span> <span class='ocrx_word' id='word_1_326' title='bbox 1045 4102 1291 4175; x_wconf 82' lang='lat' dir='ltr'>Pappum</span> <span class='ocrx_word' id='word_1_327' title='bbox 1324 4103 1391 4159; x_wconf 89' lang='lat' dir='ltr'>ad</span> <span class='ocrx_word' id='word_1_328' title='bbox 1426 4104 1614 4166; x_wconf 87' lang='lat' dir='ltr'>altare,</span> <span class='ocrx_word' id='word_1_329' title='bbox 1646 4103 1780 4157; x_wconf 83' lang='lat' dir='ltr'>adeo</span> <span class='ocrx_word' id='word_1_330' title='bbox 1808 4111 1869 4157; x_wconf 84' lang='lat' dir='ltr'>ut</span> 
     </span>
     <span class='ocr_line' id='line_1_42' title="bbox 298 4184 1867 4266; baseline -0.003 -15"><span class='ocrx_word' id='word_1_331' title='bbox 298 4197 455 4251; x_wconf 90' lang='lat' dir='ltr'>multi</span> <span class='ocrx_word' id='word_1_332' title='bbox 483 4208 698 4266; x_wconf 87' lang='lat' dir='ltr'>quoque</span> <span class='ocrx_word' id='word_1_333' title='bbox 724 4196 817 4250; x_wconf 90' lang='lat' dir='ltr'>alii</span> <span class='ocrx_word' id='word_1_334' title='bbox 841 4196 1211 4259; x_wconf 84' lang='lat' dir='ltr'>convenerint,</span> <span class='ocrx_word' id='word_1_335' title='bbox 1242 4203 1304 4249; x_wconf 89' lang='lat' dir='ltr'>ut</span> <span class='ocrx_word' id='word_1_336' title='bbox 1333 4208 1458 4249; x_wconf 90' lang='lat' dir='ltr'>eum</span> <span class='ocrx_word' id='word_1_337' title='bbox 1492 4184 1769 4248; x_wconf 75' lang='lat' dir='ltr'>servarent</span> <span class='ocrx_word' id='word_1_338' title='bbox 1799 4193 1867 4247; x_wconf 86' lang='lat' dir='ltr'>ad</span> 
     </span>
     <span class='ocr_line' id='line_1_43' title="bbox 299 4284 1871 4356; baseline -0.003 -14"><span class='ocrx_word' id='word_1_339' title='bbox 299 4288 489 4344; x_wconf 89' lang='lat' dir='ltr'>altare.</span> <span class='ocrx_word' id='word_1_340' title='bbox 516 4285 651 4340; x_wconf 88' lang='lat' dir='ltr'>Eum</span> <span class='ocrx_word' id='word_1_341' title='bbox 679 4287 863 4356; x_wconf 86' lang='lat' dir='ltr'>itaque</span> <span class='ocrx_word' id='word_1_342' title='bbox 891 4286 1105 4341; x_wconf 88' lang='lat' dir='ltr'>ordinat</span> <span class='ocrx_word' id='word_1_343' title='bbox 1136 4284 1458 4352; x_wconf 87' lang='lat' dir='ltr'>diaconnm;</span> <span class='ocrx_word' id='word_1_344' title='bbox 1486 4293 1540 4340; x_wconf 90' lang='lat' dir='ltr'>et</span> <span class='ocrx_word' id='word_1_345' title='bbox 1564 4300 1756 4340; x_wconf 89' lang='lat' dir='ltr'>rursus</span> <span class='ocrx_word' id='word_1_346' title='bbox 1776 4286 1871 4338; x_wconf 91' lang='lat' dir='ltr'>dat</span> 
     </span>
     <span class='ocr_line' id='line_1_44' title="bbox 299 4374 1871 4448; baseline -0.001 -16"><span class='ocrx_word' id='word_1_347' title='bbox 299 4378 350 4432; x_wconf 83' lang='lat' dir='ltr'>ei</span> <span class='ocrx_word' id='word_1_348' title='bbox 381 4393 586 4445; x_wconf 83' lang='lat' dir='ltr'>pacem,</span> <span class='ocrx_word' id='word_1_349' title='bbox 618 4388 673 4431; x_wconf 88' lang='lat' dir='ltr'>et</span> <span class='ocrx_word' id='word_1_350' title='bbox 699 4377 877 4447; x_wconf 91' lang='lat' dir='ltr'>ipsum</span> <span class='ocrx_word' id='word_1_351' title='bbox 911 4376 1128 4431; x_wconf 89' lang='lat' dir='ltr'>ordinat</span> <span class='ocrx_word' id='word_1_352' title='bbox 1152 4376 1546 4448; x_wconf 86' lang='lat' dir='ltr'>presbyterum.</span> <span class='ocrx_word' id='word_1_353' title='bbox 1573 4374 1787 4430; x_wconf 83' lang='lat' dir='ltr'>Rursus</span> <span class='ocrx_word' id='word_1_354' title='bbox 1811 4374 1871 4430; x_wconf 85' lang='lat' dir='ltr'>nt</span> 
     </span>
     <span class='ocr_line' id='line_1_45' title="bbox 301 4463 1869 4537; baseline -0.001 -16"><span class='ocrx_word' id='word_1_355' title='bbox 301 4467 710 4537; x_wconf 85' lang='lat' dir='ltr'>consequentia,</span> <span class='ocrx_word' id='word_1_356' title='bbox 737 4475 794 4521; x_wconf 88' lang='lat' dir='ltr'>et</span> <span class='ocrx_word' id='word_1_357' title='bbox 837 4481 962 4522; x_wconf 89' lang='lat' dir='ltr'>eum</span> <span class='ocrx_word' id='word_1_358' title='bbox 1020 4466 1235 4521; x_wconf 85' lang='lat' dir='ltr'>ordinat</span> <span class='ocrx_word' id='word_1_359' title='bbox 1264 4467 1600 4537; x_wconf 87' lang='lat' dir='ltr'>episcopum.</span> <span class='ocrx_word' id='word_1_360' title='bbox 1627 4464 1759 4523; x_wconf 86' lang='lat' dir='ltr'>Post</span> <span class='ocrx_word' id='word_1_361' title='bbox 1787 4463 1869 4521; x_wconf 91' lang='lat' dir='ltr'>di-</span> 
     </span>
    </p>
   </div>
   <div class='ocr_carea' id='block_1_8' title="bbox 301 4557 1942 4627">
    <p class='ocr_par' dir='ltr' id='par_1_8' title="bbox 301 4557 1942 4627">
     <span class='ocr_line' id='line_1_46' title="bbox 301 4557 1942 4627; baseline -0.001 -15"><span class='ocrx_word' id='word_1_362' title='bbox 301 4557 618 4613; x_wconf 89' lang='lat' dir='ltr'>missionem</span> <span class='ocrx_word' id='word_1_363' title='bbox 657 4563 838 4613; x_wconf 88' lang='lat' dir='ltr'>autem</span> <span class='ocrx_word' id='word_1_364' title='bbox 887 4558 955 4612; x_wconf 89' lang='lat' dir='ltr'>ab</span> <span class='ocrx_word' id='word_1_365' title='bbox 1004 4558 1254 4622; x_wconf 83' lang='lat' dir='ltr'>ecclesia,</span> <span class='ocrx_word' id='word_1_366' title='bbox 1282 4559 1631 4614; x_wconf 88' lang='lat' dir='ltr'>ascendimus</span> <span class='ocrx_word' id='word_1_367' title='bbox 1660 4559 1715 4613; x_wconf 91' lang='lat' dir='ltr'>in</span> <span class='ocrx_word' id='word_1_368' title='bbox 1749 4558 1865 4627; x_wconf 85' lang='lat' dir='ltr'>epi·</span> <span class='ocrx_word' id='word_1_369' title='bbox 1898 4565 1942 4620; x_wconf 82' lang='lat' dir='ltr'>n</span> 
     </span>
    </p>
   </div>
   <div class='ocr_carea' id='block_1_9' title="bbox 302 4645 1870 5261">
    <p class='ocr_par' dir='ltr' id='par_1_9' title="bbox 302 4645 1870 5261">
     <span class='ocr_line' id='line_1_47' title="bbox 303 4645 1866 4718; baseline -0.002 -16"><span class='ocrx_word' id='word_1_370' title='bbox 303 4647 762 4718; x_wconf 87' lang='lat' dir='ltr'>scopatum.Dix·it</span> <span class='ocrx_word' id='word_1_371' title='bbox 784 4658 963 4702; x_wconf 86' lang='lat' dir='ltr'>autem</span> <span class='ocrx_word' id='word_1_372' title='bbox 992 4645 1208 4717; x_wconf 83' lang='lat' dir='ltr'>Pappus</span> <span class='ocrx_word' id='word_1_373' title='bbox 1237 4645 1538 4718; x_wconf 87' lang='lat' dir='ltr'>Epiphanio</span> <span class='ocrx_word' id='word_1_374' title='bbox 1567 4663 1582 4700; x_wconf 74' lang='grc' dir='ltr'>ε</span> <span class='ocrx_word' id='word_1_375' title='bbox 1615 4647 1744 4716; x_wconf 82' lang='lat' dir='ltr'>Age,</span> <span class='ocrx_word' id='word_1_376' title='bbox 1767 4645 1866 4710; x_wconf 84' lang='lat' dir='ltr'>fili,</span> 
     </span>
     <span class='ocr_line' id='line_1_48' title="bbox 303 4737 1869 4807; baseline -0.001 -15"><span class='ocrx_word' id='word_1_377' title='bbox 303 4740 591 4794; x_wconf 77' lang='lat' dir='ltr'>adhortare</span> <span class='ocrx_word' id='word_1_378' title='bbox 644 4739 850 4807; x_wconf 84' lang='lat' dir='ltr'>Patres,</span> <span class='ocrx_word' id='word_1_379' title='bbox 886 4747 947 4793; x_wconf 89' lang='lat' dir='ltr'>ut</span> <span class='ocrx_word' id='word_1_380' title='bbox 993 4737 1241 4792; x_wconf 78' lang='lat' dir='ltr'>fruamur</span> <span class='ocrx_word' id='word_1_381' title='bbox 1288 4747 1336 4791; x_wconf 87' lang='lat' dir='ltr'>et</span> <span class='ocrx_word' id='word_1_382' title='bbox 1391 4739 1636 4792; x_wconf 82' lang='lat' dir='ltr'>laetemur</span> <span class='ocrx_word' id='word_1_383' title='bbox 1678 4738 1744 4792; x_wconf 92' lang='lat' dir='ltr'>de</span> <span class='ocrx_word' id='word_1_384' title='bbox 1774 4746 1869 4791; x_wconf 91' lang='lat' dir='ltr'>tua</span> 
     </span>
     <span class='ocr_line' id='line_1_49' title="bbox 303 4825 1870 4900; baseline -0.002 -15"><span class='ocrx_word' id='word_1_385' title='bbox 303 4831 641 4900; x_wconf 87' lang='lat' dir='ltr'>paternitate.</span> <span class='ocrx_word' id='word_1_386' title='bbox 671 4828 808 4884; x_wconf 84' lang='lat' dir='ltr'>Cum</span> <span class='ocrx_word' id='word_1_387' title='bbox 837 4830 944 4885; x_wconf 86' lang='lat' dir='ltr'>hoc</span> <span class='ocrx_word' id='word_1_388' title='bbox 979 4829 1215 4899; x_wconf 77' lang='lat' dir='ltr'>graviter</span> <span class='ocrx_word' id='word_1_389' title='bbox 1239 4827 1402 4883; x_wconf 80' lang='lat' dir='ltr'>l&#39;erret</span> <span class='ocrx_word' id='word_1_390' title='bbox 1435 4825 1790 4896; x_wconf 87' lang='lat' dir='ltr'>Epiphanius,</span> <span class='ocrx_word' id='word_1_391' title='bbox 1815 4835 1870 4882; x_wconf 86' lang='lat' dir='ltr'>et</span> 
     </span>
     <span class='ocr_line' id='line_1_50' title="bbox 302 4915 1870 4991; baseline -0.003 -16"><span class='ocrx_word' id='word_1_392' title='bbox 302 4930 591 4991; x_wconf 78' lang='lat' dir='ltr'>angeretur</span> <span class='ocrx_word' id='word_1_393' title='bbox 636 4919 821 4973; x_wconf 84' lang='lat' dir='ltr'>animo</span> <span class='ocrx_word' id='word_1_394' title='bbox 846 4927 902 4974; x_wconf 91' lang='lat' dir='ltr'>et</span> <span class='ocrx_word' id='word_1_395' title='bbox 927 4918 1099 4983; x_wconf 84' lang='lat' dir='ltr'>fleret,</span> <span class='ocrx_word' id='word_1_396' title='bbox 1125 4917 1264 4972; x_wconf 81' lang='lat' dir='ltr'>dixit</span> <span class='ocrx_word' id='word_1_397' title='bbox 1286 4915 1501 4986; x_wconf 84' lang='lat' dir='ltr'>Pappus</span> <span class='ocrx_word' id='word_1_398' title='bbox 1531 4933 1545 4972; x_wconf 74' lang='grc' dir='ltr'>ε</span> <span class='ocrx_word' id='word_1_399' title='bbox 1575 4915 1870 4987; x_wconf 82' lang='lat' dir='ltr'>Oportebat</span> 
     </span>
     <span class='ocr_line' id='line_1_51' title="bbox 303 5005 1867 5080; baseline -0.001 -17"><span class='ocrx_word' id='word_1_400' title='bbox 303 5011 520 5080; x_wconf 76' lang='lat' dir='ltr'>quidem</span> <span class='ocrx_word' id='word_1_401' title='bbox 550 5023 648 5064; x_wconf 89' lang='lat' dir='ltr'>nos</span> <span class='ocrx_word' id='word_1_402' title='bbox 675 5016 873 5072; x_wconf 87' lang='lat' dir='ltr'>tacere,</span> <span class='ocrx_word' id='word_1_403' title='bbox 902 5021 936 5062; x_wconf 91' lang='lat' dir='ltr'>o</span> <span class='ocrx_word' id='word_1_404' title='bbox 961 5007 1037 5062; x_wconf 81' lang='lat' dir='ltr'>fili</span> <span class='ocrx_word' id='word_1_405' title='bbox 1065 5005 1500 5078; x_wconf 66' lang='lat' dir='ltr'>EpiphanieAEio</span> <span class='ocrx_word' id='word_1_406' title='bbox 1521 5019 1722 5074; x_wconf 89' lang='lat' dir='ltr'>autem,</span> <span class='ocrx_word' id='word_1_407' title='bbox 1744 5023 1867 5063; x_wconf 88' lang='lat' dir='ltr'>cum</span> 
     </span>
     <span class='ocr_line' id='line_1_52' title="bbox 303 5097 1869 5170; baseline -0.001 -15"><span class='ocrx_word' id='word_1_408' title='bbox 303 5114 404 5169; x_wconf 80' lang='lat' dir='ltr'>ego</span> <span class='ocrx_word' id='word_1_409' title='bbox 439 5109 489 5155; x_wconf 88' lang='lat' dir='ltr'>te</span> <span class='ocrx_word' id='word_1_410' title='bbox 521 5100 637 5170; x_wconf 89' lang='lat' dir='ltr'>ipse</span> <span class='ocrx_word' id='word_1_411' title='bbox 661 5098 992 5169; x_wconf 82' lang='lat' dir='ltr'>quaesierim,</span> <span class='ocrx_word' id='word_1_412' title='bbox 1026 5099 1309 5169; x_wconf 89' lang='lat' dir='ltr'>insipiens.</span> <span class='ocrx_word' id='word_1_413' title='bbox 1335 5097 1469 5154; x_wconf 85' lang='lat' dir='ltr'>Nam</span> <span class='ocrx_word' id='word_1_414' title='bbox 1515 5114 1639 5154; x_wconf 91' lang='lat' dir='ltr'>cum</span> <span class='ocrx_word' id='word_1_415' title='bbox 1683 5097 1869 5155; x_wconf 82' lang='lat' dir='ltr'>Patres</span> 
     </span>
     <span class='ocr_line' id='line_1_53' title="bbox 306 5187 1870 5261; baseline 0.001 -17"><span class='ocrx_word' id='word_1_416' title='bbox 306 5190 396 5244; x_wconf 90' lang='lat' dir='ltr'>hic</span> <span class='ocrx_word' id='word_1_417' title='bbox 430 5200 610 5245; x_wconf 81' lang='lat' dir='ltr'>essent</span> <span class='ocrx_word' id='word_1_418' title='bbox 641 5190 973 5261; x_wconf 78' lang='lat' dir='ltr'>congregati,</span> <span class='ocrx_word' id='word_1_419' title='bbox 1010 5187 1102 5242; x_wconf 86' lang='lat' dir='ltr'>Dei</span> <span class='ocrx_word' id='word_1_420' title='bbox 1139 5189 1416 5245; x_wconf 81' lang='lat' dir='ltr'>voluntate</span> <span class='ocrx_word' id='word_1_421' title='bbox 1449 5190 1581 5245; x_wconf 89' lang='lat' dir='ltr'>mihi</span> <span class='ocrx_word' id='word_1_422' title='bbox 1608 5191 1870 5246; x_wconf 86' lang='lat' dir='ltr'>dederunt</span> 
     </span>
    </p>
   </div>
   <div class='ocr_carea' id='block_1_10' title="bbox 306 5280 1947 5352">
    <p class='ocr_par' dir='ltr' id='par_1_10' title="bbox 306 5280 1947 5352">
     <span class='ocr_line' id='line_1_54' title="bbox 306 5280 1947 5352; baseline 0 -17"><span class='ocrx_word' id='word_1_423' title='bbox 306 5281 411 5336; x_wconf 88' lang='lat' dir='ltr'>hoc</span> <span class='ocrx_word' id='word_1_424' title='bbox 449 5282 721 5352; x_wconf 80' lang='lat' dir='ltr'>negotium</span> <span class='ocrx_word' id='word_1_425' title='bbox 769 5282 838 5336; x_wconf 88' lang='lat' dir='ltr'>ad</span> <span class='ocrx_word' id='word_1_426' title='bbox 891 5280 1304 5352; x_wconf 78' lang='lat' dir='ltr'>significandum</span> <span class='ocrx_word' id='word_1_427' title='bbox 1349 5282 1687 5351; x_wconf 88' lang='lat' dir='ltr'>episcopum.</span> <span class='ocrx_word' id='word_1_428' title='bbox 1722 5281 1870 5352; x_wconf 85' lang='lat' dir='ltr'>lique</span> <span class='ocrx_word' id='word_1_429' title='bbox 1944 5337 1947 5341; x_wconf 73' lang='grc'>,</span> 
     </span>
    </p>
   </div>
   <div class='ocr_carea' id='block_1_11' title="bbox 305 5371 1868 5606">
    <p class='ocr_par' dir='ltr' id='par_1_11' title="bbox 305 5371 1868 5606">
     <span class='ocr_line' id='line_1_55' title="bbox 305 5371 1867 5443; baseline 0.001 -18"><span class='ocrx_word' id='word_1_430' title='bbox 305 5386 495 5426; x_wconf 85' lang='lat' dir='ltr'>omnes</span> <span class='ocrx_word' id='word_1_431' title='bbox 548 5372 680 5426; x_wconf 87' lang='lat' dir='ltr'>mihi</span> <span class='ocrx_word' id='word_1_432' title='bbox 728 5372 1058 5428; x_wconf 82' lang='lat' dir='ltr'>exhibebant</span> <span class='ocrx_word' id='word_1_433' title='bbox 1101 5372 1404 5443; x_wconf 77' lang='lat' dir='ltr'>negotium,</span> <span class='ocrx_word' id='word_1_434' title='bbox 1449 5371 1691 5426; x_wconf 73' lang='lat' dir='ltr'>dicentes</span> <span class='ocrx_word' id='word_1_435' title='bbox 1734 5372 1867 5426; x_wconf 91' lang='lat' dir='ltr'>mihi</span> 
     </span>
     <span class='ocr_line' id='line_1_56' title="bbox 305 5459 1868 5533; baseline 0.001 -18"><span class='ocrx_word' id='word_1_436' title='bbox 305 5461 578 5530; x_wconf 71' lang='lat' dir='ltr'>pecc-tori</span> <span class='ocrx_word' id='word_1_437' title='bbox 606 5478 619 5514; x_wconf 72' lang='grc' dir='ltr'>ι</span> <span class='ocrx_word' id='word_1_438' title='bbox 652 5459 760 5516; x_wconf 85' lang='lat' dir='ltr'>Ora</span> <span class='ocrx_word' id='word_1_439' title='bbox 789 5472 1043 5533; x_wconf 85' lang='lat' dir='ltr'>prompto</span> <span class='ocrx_word' id='word_1_440' title='bbox 1074 5471 1128 5519; x_wconf 87' lang='lat' dir='ltr'>et</span> <span class='ocrx_word' id='word_1_441' title='bbox 1157 5461 1322 5518; x_wconf 89' lang='lat' dir='ltr'>alacri</span> <span class='ocrx_word' id='word_1_442' title='bbox 1356 5461 1562 5525; x_wconf 89' lang='lat' dir='ltr'>animo,</span> <span class='ocrx_word' id='word_1_443' title='bbox 1583 5470 1634 5516; x_wconf 88' lang='lat' dir='ltr'>et</span> <span class='ocrx_word' id='word_1_444' title='bbox 1660 5460 1756 5516; x_wconf 92' lang='lat' dir='ltr'>tibi</span> <span class='ocrx_word' id='word_1_445' title='bbox 1785 5476 1868 5517; x_wconf 89' lang='lat' dir='ltr'>re-</span> 
     </span>
     <span class='ocr_line' id='line_1_57' title="bbox 307 5551 593 5606; baseline 0.003 -2"><span class='ocrx_word' id='word_1_446' title='bbox 307 5551 593 5606; x_wconf 70' lang='lat' dir='ltr'>velabitur.</span> 
     </span>
    </p>
   </div>
   <div class='ocr_carea' id='block_1_12' title="bbox 376 5662 848 5729">
    <p class='ocr_par' dir='ltr' id='par_1_12' title="bbox 376 5662 848 5729">
     <span class='ocr_line' id='line_1_58' title="bbox 376 5662 848 5729; baseline 0.002 -14"><span class='ocrx_word' id='word_1_447' title='bbox 376 5664 395 5694; x_wconf 74' lang='lat'>&#39;</span> <span class='ocrx_word' id='word_1_448' title='bbox 436 5662 577 5718; x_wconf 86' lang='lat' dir='ltr'>Psal.</span> <span class='ocrx_word' id='word_1_449' title='bbox 610 5679 760 5729; x_wconf 78' lang='lat' dir='ltr'>cxxi,</span> <span class='ocrx_word' id='word_1_450' title='bbox 801 5665 848 5716; x_wconf 82' lang='lat' dir='ltr'>l.</span> 
     </span>
    </p>
   </div>
   <div class='ocr_carea' id='block_1_13' title="bbox 383 5794 1032 5867">
    <p class='ocr_par' dir='ltr' id='par_1_13' title="bbox 383 5794 1032 5867">
     <span class='ocr_line' id='line_1_59' title="bbox 383 5794 1032 5867; baseline 0.006 -19"><span class='ocrx_word' id='word_1_451' title='bbox 383 5796 455 5862; x_wconf 81' lang='lat' dir='ltr'>(a)</span> <span class='ocrx_word' id='word_1_452' title='bbox 497 5794 677 5862; x_wconf 80' lang='lat' dir='ltr'>Forte,</span> <span class='ocrx_word' id='word_1_453' title='bbox 706 5798 770 5851; x_wconf 85' lang='grc' dir='ltr'>ὲκ</span> <span class='ocrx_word' id='word_1_454' title='bbox 795 5798 1032 5867; x_wconf 79' lang='grc' dir='ltr'><strong>γενετῆς.</strong></span> 
     </span>
    </p>
   </div>
   <div class='ocr_carea' id='block_1_14' title="bbox 1957 651 3590 5604">
    <p class='ocr_par' dir='ltr' id='par_1_14' title="bbox 1957 651 3590 5604">
     <span class='ocr_line' id='line_1_60' title="bbox 1957 651 3533 728; baseline 0.004 -23"><span class='ocrx_word' id='word_1_455' title='bbox 1957 652 2062 705; x_wconf 79' lang='grc' dir='ltr'>ὑπὸ</span> <span class='ocrx_word' id='word_1_456' title='bbox 2089 651 2196 705; x_wconf 83' lang='grc' dir='ltr'>τῶν</span> <span class='ocrx_word' id='word_1_457' title='bbox 2225 653 2426 720; x_wconf 79' lang='grc' dir='ltr'>γονέων</span> <span class='ocrx_word' id='word_1_458' title='bbox 2454 652 2763 724; x_wconf 79' lang='grc' dir='ltr'>τεθειμένον</span> <span class='ocrx_word' id='word_1_459' title='bbox 2793 655 3041 721; x_wconf 84' lang='grc' dir='ltr'>Πάππος,</span> <span class='ocrx_word' id='word_1_460' title='bbox 3072 656 3129 720; x_wconf 83' lang='grc' dir='ltr'>ὃς</span> <span class='ocrx_word' id='word_1_461' title='bbox 3157 653 3223 728; x_wconf 77' lang='grc' dir='ltr'>ἦν</span> <span class='ocrx_word' id='word_1_462' title='bbox 3251 657 3344 709; x_wconf 75' lang='grc' dir='ltr'>καὶ</span> <span class='ocrx_word' id='word_1_463' title='bbox 3370 657 3533 721; x_wconf 77' lang='grc' dir='ltr'>αὐτὸς</span> 
     </span>
     <span class='ocr_line' id='line_1_61' title="bbox 1962 740 3531 815; baseline 0.003 -19"><span class='ocrx_word' id='word_1_464' title='bbox 1962 743 2098 812; x_wconf 79' lang='grc' dir='ltr'>μετὰ</span> <span class='ocrx_word' id='word_1_465' title='bbox 2124 742 2245 796; x_wconf 85' lang='grc' dir='ltr'>τῶν</span> <span class='ocrx_word' id='word_1_466' title='bbox 2277 742 2605 795; x_wconf 78' lang='grc' dir='ltr'>ἐπισκόπων.</span> <span class='ocrx_word' id='word_1_467' title='bbox 2639 743 2839 797; x_wconf 88' lang='grc' dir='ltr'>Τοῦτον</span> <span class='ocrx_word' id='word_1_468' title='bbox 2881 740 3023 815; x_wconf 72' lang='grc' dir='ltr'>εἶχον</span> <span class='ocrx_word' id='word_1_469' title='bbox 3069 746 3303 810; x_wconf 76' lang='grc' dir='ltr'>ἅπαντες</span> <span class='ocrx_word' id='word_1_470' title='bbox 3330 750 3377 800; x_wconf 75' lang='lat' dir='ltr'>oi</span> <span class='ocrx_word' id='word_1_471' title='bbox 3409 747 3531 800; x_wconf 77' lang='grc' dir='ltr'>ἐπί-</span> 
     </span>
     <span class='ocr_line' id='line_1_62' title="bbox 1959 834 3530 910; baseline 0.003 -24"><span class='ocrx_word' id='word_1_472' title='bbox 1959 851 2150 888; x_wconf 75' lang='grc' dir='ltr'>σκοποί</span> <span class='ocrx_word' id='word_1_473' title='bbox 2200 836 2276 897; x_wconf 88' lang='grc' dir='ltr'>ὡς</span> <span class='ocrx_word' id='word_1_474' title='bbox 2312 836 2540 907; x_wconf 79' lang='grc' dir='ltr'>πατέρα,</span> <span class='ocrx_word' id='word_1_475' title='bbox 2574 834 2663 888; x_wconf 85' lang='grc' dir='ltr'>διά</span> <span class='ocrx_word' id='word_1_476' title='bbox 2690 852 2747 889; x_wconf 88' lang='grc' dir='ltr'>τε</span> <span class='ocrx_word' id='word_1_477' title='bbox 2772 836 2869 907; x_wconf 77' lang='grc' dir='ltr'>τὴν</span> <span class='ocrx_word' id='word_1_478' title='bbox 2898 838 2955 889; x_wconf 88' lang='grc' dir='ltr'>ὲν</span> <span class='ocrx_word' id='word_1_479' title='bbox 2980 839 3198 909; x_wconf 79' lang='grc' dir='ltr'><strong>Χριστῷ</strong></span> <span class='ocrx_word' id='word_1_480' title='bbox 3222 838 3530 910; x_wconf 76' lang='grc' dir='ltr'>ὁμολογίαν.</span> 
     </span>
     <span class='ocr_line' id='line_1_63' title="bbox 1958 921 3533 998; baseline 0.001 -19"><span class='ocrx_word' id='word_1_481' title='bbox 1958 927 2052 979; x_wconf 79' lang='grc' dir='ltr'>καὶ</span> <span class='ocrx_word' id='word_1_482' title='bbox 2076 925 2165 979; x_wconf 75' lang='grc' dir='ltr'>διὰ</span> <span class='ocrx_word' id='word_1_483' title='bbox 2196 925 2263 978; x_wconf 80' lang='grc' dir='ltr'>τά</span> <span class='ocrx_word' id='word_1_484' title='bbox 2292 925 2386 995; x_wconf 79' lang='grc' dir='ltr'>ἐτη</span> <span class='ocrx_word' id='word_1_485' title='bbox 2418 926 2517 996; x_wconf 82' lang='grc' dir='ltr'>τῆς</span> <span class='ocrx_word' id='word_1_486' title='bbox 2550 921 2982 997; x_wconf 64' lang='grc' dir='ltr'>ὲπισκοπῆς.*Ην</span> <span class='ocrx_word' id='word_1_487' title='bbox 3017 927 3073 980; x_wconf 82' lang='grc' dir='ltr'>δὲ</span> <span class='ocrx_word' id='word_1_488' title='bbox 3107 929 3198 980; x_wconf 79' lang='grc' dir='ltr'>καὶ</span> <span class='ocrx_word' id='word_1_489' title='bbox 3225 929 3533 998; x_wconf 74' lang='grc' dir='ltr'>πρόγνωσιν</span> 
     </span>
     <span class='ocr_line' id='line_1_64' title="bbox 1957 1012 3528 1089; baseline 0.003 -23"><span class='ocrx_word' id='word_1_490' title='bbox 1957 1012 2092 1067; x_wconf 81' lang='grc' dir='ltr'>Θεοῦ</span> <span class='ocrx_word' id='word_1_491' title='bbox 2141 1013 2299 1085; x_wconf 77' lang='grc' dir='ltr'>ἔχων.</span> <span class='ocrx_word' id='word_1_492' title='bbox 2344 1014 2528 1086; x_wconf 86' lang='grc' dir='ltr'>Τούτῳ</span> <span class='ocrx_word' id='word_1_493' title='bbox 2581 1016 2935 1087; x_wconf 83' lang='grc' dir='ltr'>ἀπεκαλύφθη</span> <span class='ocrx_word' id='word_1_494' title='bbox 2996 1018 3123 1089; x_wconf 73' lang='grc' dir='ltr'>περὶ</span> <span class='ocrx_word' id='word_1_495' title='bbox 3164 1018 3479 1087; x_wconf 82' lang='grc' dir='ltr'>Ἑπιφανίου</span> <span class='ocrx_word' id='word_1_496' title='bbox 3512 1060 3528 1082; x_wconf 88' lang='grc'>,</span> 
     </span>
     <span class='ocr_line' id='line_1_65' title="bbox 1958 1105 3533 1180; baseline 0.003 -23"><span class='ocrx_word' id='word_1_497' title='bbox 1958 1105 2105 1168; x_wconf 85' lang='grc' dir='ltr'>ὅπως</span> <span class='ocrx_word' id='word_1_498' title='bbox 2150 1106 2493 1178; x_wconf 78' lang='grc' dir='ltr'>χειροτονηθῇ</span> <span class='ocrx_word' id='word_1_499' title='bbox 2540 1107 2632 1160; x_wconf 73' lang='grc' dir='ltr'>ἐπὶ</span> <span class='ocrx_word' id='word_1_500' title='bbox 2678 1110 2776 1179; x_wconf 84' lang='grc' dir='ltr'>τῆς</span> <span class='ocrx_word' id='word_1_501' title='bbox 2817 1108 3177 1180; x_wconf 81' lang='grc' dir='ltr'>Σαλαμηνέων</span> <span class='ocrx_word' id='word_1_502' title='bbox 3210 1109 3533 1180; x_wconf 82' lang='grc' dir='ltr'>Ἐκκλησίας</span> 
     </span>
     <span class='ocr_line' id='line_1_66' title="bbox 1959 1193 3562 1272; baseline 0.005 -26"><span class='ocrx_word' id='word_1_503' title='bbox 1959 1193 2390 1259; x_wconf 80' lang='grc' dir='ltr'>ἐπίσκοπος.Ἧν</span> <span class='ocrx_word' id='word_1_504' title='bbox 2410 1197 2466 1250; x_wconf 84' lang='grc' dir='ltr'>δὲ</span> <span class='ocrx_word' id='word_1_505' title='bbox 2491 1199 2518 1250; x_wconf 85' lang='grc' dir='ltr'>ό</span> <span class='ocrx_word' id='word_1_506' title='bbox 2551 1198 2740 1269; x_wconf 83' lang='grc' dir='ltr'>καιρὸς</span> <span class='ocrx_word' id='word_1_507' title='bbox 2765 1194 2971 1270; x_wconf 79' lang='grc' dir='ltr'>θερίνὸς</span> <span class='ocrx_word' id='word_1_508' title='bbox 2998 1200 3301 1272; x_wconf 80' lang='grc' dir='ltr'>πρόδρομος</span> <span class='ocrx_word' id='word_1_509' title='bbox 3329 1219 3533 1270; x_wconf 74' lang='grc' dir='ltr'>σταφυ·</span> <span class='ocrx_word' id='word_1_510' title='bbox 3557 1264 3562 1270; x_wconf 36' lang='grc'><strong>,</strong></span> 
     </span>
     <span class='ocr_line' id='line_1_67' title="bbox 1959 1284 3531 1362; baseline 0.006 -26"><span class='ocrx_word' id='word_1_511' title='bbox 1959 1284 2084 1338; x_wconf 85' lang='grc' dir='ltr'>λῶν.</span> <span class='ocrx_word' id='word_1_512' title='bbox 2103 1287 2190 1350; x_wconf 82' lang='grc' dir='ltr'>Ὦς</span> <span class='ocrx_word' id='word_1_513' title='bbox 2222 1284 2313 1340; x_wconf 77' lang='grc' dir='ltr'>οὗν</span> <span class='ocrx_word' id='word_1_514' title='bbox 2339 1287 2549 1359; x_wconf 76' lang='grc' dir='ltr'>ἔκρινεν</span> <span class='ocrx_word' id='word_1_515' title='bbox 2595 1289 2905 1358; x_wconf 82' lang='grc' dir='ltr'>Ἐπιφάνιος</span> <span class='ocrx_word' id='word_1_516' title='bbox 2933 1291 3027 1344; x_wconf 87' lang='grc' dir='ltr'>τοῦ</span> <span class='ocrx_word' id='word_1_517' title='bbox 3061 1291 3353 1345; x_wconf 82' lang='grc' dir='ltr'>ἀποπλέειν</span> <span class='ocrx_word' id='word_1_518' title='bbox 3382 1294 3531 1362; x_wconf 76' lang='grc' dir='ltr'>ἡμᾶς</span> 
     </span>
     <span class='ocr_line' id='line_1_68' title="bbox 1960 1375 3533 1451; baseline 0.004 -23"><span class='ocrx_word' id='word_1_519' title='bbox 1960 1375 2069 1428; x_wconf 82' lang='grc' dir='ltr'>ἀπὸ</span> <span class='ocrx_word' id='word_1_520' title='bbox 2086 1376 2186 1447; x_wconf 78' lang='grc' dir='ltr'>τῆς</span> <span class='ocrx_word' id='word_1_521' title='bbox 2204 1377 2563 1449; x_wconf 82' lang='grc' dir='ltr'>Σαλαμηνέων</span> <span class='ocrx_word' id='word_1_522' title='bbox 2582 1377 2807 1442; x_wconf 84' lang='grc' dir='ltr'>πόλεως,</span> <span class='ocrx_word' id='word_1_523' title='bbox 2829 1375 2982 1432; x_wconf 73' lang='grc' dir='ltr'>εἶπεν</span> <span class='ocrx_word' id='word_1_524' title='bbox 3007 1379 3143 1449; x_wconf 80' lang='grc' dir='ltr'>πρὸς</span> <span class='ocrx_word' id='word_1_525' title='bbox 3172 1381 3240 1449; x_wconf 82' lang='grc' dir='ltr'>μὲ</span> <span class='ocrx_word' id='word_1_526' title='bbox 3279 1382 3372 1434; x_wconf 73' lang='grc' dir='ltr'>καὶ</span> <span class='ocrx_word' id='word_1_527' title='bbox 3396 1382 3533 1451; x_wconf 78' lang='grc' dir='ltr'>πρὸς</span> 
     </span>
     <span class='ocr_line' id='line_1_69' title="bbox 1970 1465 3530 1540; baseline 0.003 -22"><span class='ocrx_word' id='word_1_528' title='bbox 1970 1466 2049 1519; x_wconf 76' lang='grc' dir='ltr'>τὸν</span> <span class='ocrx_word' id='word_1_529' title='bbox 2095 1465 2391 1521; x_wconf 80' lang='grc' dir='ltr'>Πολύόιον·</span> <span class='ocrx_word' id='word_1_530' title='bbox 2420 1469 2680 1539; x_wconf 77' lang='grc' dir='ltr'>Ἀγομεν,</span> <span class='ocrx_word' id='word_1_531' title='bbox 2726 1468 2935 1530; x_wconf 82' lang='grc' dir='ltr'>τέκνον,</span> <span class='ocrx_word' id='word_1_532' title='bbox 2968 1469 3061 1522; x_wconf 70' lang='grc' dir='ltr'>ἐπὶ</span> <span class='ocrx_word' id='word_1_533' title='bbox 3103 1468 3197 1522; x_wconf 86' lang='grc' dir='ltr'>τοῦ</span> <span class='ocrx_word' id='word_1_534' title='bbox 3241 1471 3530 1540; x_wconf 77' lang='grc' dir='ltr'>ἐμπορίου,</span> 
     </span>
     <span class='ocr_line' id='line_1_70' title="bbox 1961 1554 3534 1628; baseline 0.003 -20"><span class='ocrx_word' id='word_1_535' title='bbox 1961 1554 2280 1627; x_wconf 82' lang='grc' dir='ltr'>ὠνησόμεθα</span> <span class='ocrx_word' id='word_1_536' title='bbox 2323 1557 2596 1625; x_wconf 87' lang='grc' dir='ltr'>σταφυλάς</span> <span class='ocrx_word' id='word_1_537' title='bbox 2631 1557 2688 1609; x_wconf 85' lang='grc' dir='ltr'>ὲν</span> <span class='ocrx_word' id='word_1_538' title='bbox 2719 1554 2796 1626; x_wconf 78' lang='grc' dir='ltr'>τῷ</span> <span class='ocrx_word' id='word_1_539' title='bbox 2838 1556 3227 1628; x_wconf 82' lang='grc' dir='ltr'>πλοίῳ.Ἠμῶν</span> <span class='ocrx_word' id='word_1_540' title='bbox 3264 1558 3320 1611; x_wconf 84' lang='grc' dir='ltr'>δὲ</span> <span class='ocrx_word' id='word_1_541' title='bbox 3353 1559 3534 1612; x_wconf 79' lang='grc' dir='ltr'>ἐλθόν-</span> 
     </span>
     <span class='ocr_line' id='line_1_71' title="bbox 1962 1645 3533 1720; baseline 0.002 -20"><span class='ocrx_word' id='word_1_542' title='bbox 1962 1665 2069 1700; x_wconf 88' lang='grc' dir='ltr'>των</span> <span class='ocrx_word' id='word_1_543' title='bbox 2116 1648 2208 1701; x_wconf 72' lang='grc' dir='ltr'>ἐπὶ</span> <span class='ocrx_word' id='word_1_544' title='bbox 2255 1645 2352 1701; x_wconf 82' lang='grc' dir='ltr'>τοῦ</span> <span class='ocrx_word' id='word_1_545' title='bbox 2396 1647 2680 1718; x_wconf 73' lang='grc' dir='ltr'>ἐμπορίου,</span> <span class='ocrx_word' id='word_1_546' title='bbox 2716 1647 2807 1700; x_wconf 76' lang='grc' dir='ltr'>καὶ</span> <span class='ocrx_word' id='word_1_547' title='bbox 2855 1647 3283 1717; x_wconf 81' lang='grc' dir='ltr'>συμφωνούντων</span> <span class='ocrx_word' id='word_1_548' title='bbox 3325 1651 3416 1703; x_wconf 74' lang='grc' dir='ltr'>ἐπὶ</span> <span class='ocrx_word' id='word_1_549' title='bbox 3454 1649 3533 1720; x_wconf 83' lang='grc' dir='ltr'>τῷ</span> 
     </span>
     <span class='ocr_line' id='line_1_72' title="bbox 1964 1736 3531 1819; baseline 0.003 -29"><span class='ocrx_word' id='word_1_550' title='bbox 1964 1737 2498 1810; x_wconf 82' lang='grc' dir='ltr'>πράτῃ,Ἐπιφάνιος</span> <span class='ocrx_word' id='word_1_551' title='bbox 2553 1736 2731 1791; x_wconf 87' lang='grc' dir='ltr'>λα6ὼν</span> <span class='ocrx_word' id='word_1_552' title='bbox 2781 1736 2875 1790; x_wconf 86' lang='grc' dir='ltr'>δύο</span> <span class='ocrx_word' id='word_1_553' title='bbox 2923 1736 3153 1810; x_wconf 82' lang='grc' dir='ltr'>βότρυας</span> <span class='ocrx_word' id='word_1_554' title='bbox 3184 1740 3531 1819; x_wconf 67' lang='grc' dir='ltr'>καλλίστους,</span> 
     </span>
     <span class='ocr_line' id='line_1_73' title="bbox 1966 1828 3533 1904; baseline 0.003 -23"><span class='ocrx_word' id='word_1_555' title='bbox 1966 1829 2129 1901; x_wconf 76' lang='grc' dir='ltr'>φησὶν</span> <span class='ocrx_word' id='word_1_556' title='bbox 2173 1828 2252 1900; x_wconf 84' lang='grc' dir='ltr'>τῷ</span> <span class='ocrx_word' id='word_1_557' title='bbox 2295 1830 2504 1901; x_wconf 85' lang='grc' dir='ltr'>πράτῃ·</span> <span class='ocrx_word' id='word_1_558' title='bbox 2539 1831 2604 1884; x_wconf 88' lang='grc' dir='ltr'>Τί</span> <span class='ocrx_word' id='word_1_559' title='bbox 2643 1834 2999 1904; x_wconf 81' lang='grc' dir='ltr'>προστάσσεις</span> <span class='ocrx_word' id='word_1_560' title='bbox 3031 1831 3185 1885; x_wconf 79' lang='grc' dir='ltr'>δώσω</span> <span class='ocrx_word' id='word_1_561' title='bbox 3214 1850 3294 1885; x_wconf 90' lang='grc' dir='ltr'>σοι</span> <span class='ocrx_word' id='word_1_562' title='bbox 3321 1833 3412 1886; x_wconf 85' lang='grc' dir='ltr'>δύο</span> <span class='ocrx_word' id='word_1_563' title='bbox 3442 1832 3533 1902; x_wconf 78' lang='grc' dir='ltr'>βο·</span> 
     </span>
     <span class='ocr_line' id='line_1_74' title="bbox 1965 1916 3533 1994; baseline 0.001 -21"><span class='ocrx_word' id='word_1_564' title='bbox 1965 1920 2179 1990; x_wconf 86' lang='grc' dir='ltr'>τρύων;</span> <span class='ocrx_word' id='word_1_565' title='bbox 2212 1916 2320 1974; x_wconf 85' lang='grc' dir='ltr'>Ἦν</span> <span class='ocrx_word' id='word_1_566' title='bbox 2369 1920 2424 1974; x_wconf 86' lang='grc' dir='ltr'>δὲ</span> <span class='ocrx_word' id='word_1_567' title='bbox 2476 1919 2594 1984; x_wconf 81' lang='grc' dir='ltr'>ἔθος</span> <span class='ocrx_word' id='word_1_568' title='bbox 2638 1922 2936 1994; x_wconf 78' lang='grc' dir='ltr'>Ἐπιφανίῳ</span> <span class='ocrx_word' id='word_1_569' title='bbox 2969 1922 3041 1993; x_wconf 75' lang='grc' dir='ltr'>μὴ</span> <span class='ocrx_word' id='word_1_570' title='bbox 3072 1921 3388 1989; x_wconf 84' lang='grc' dir='ltr'>ἀντιλέγειν.</span> <span class='ocrx_word' id='word_1_571' title='bbox 3426 1920 3533 1975; x_wconf 84' lang='grc' dir='ltr'>Τοῦ</span> 
     </span>
     <span class='ocr_line' id='line_1_75' title="bbox 1963 2009 3535 2086; baseline 0 -22"><span class='ocrx_word' id='word_1_572' title='bbox 1963 2011 2019 2064; x_wconf 85' lang='grc' dir='ltr'>δὲ</span> <span class='ocrx_word' id='word_1_573' title='bbox 2066 2009 2276 2080; x_wconf 88' lang='grc' dir='ltr'>πράτου</span> <span class='ocrx_word' id='word_1_574' title='bbox 2333 2013 2574 2076; x_wconf 80' lang='grc' dir='ltr'>εἰπόντος</span> <span class='ocrx_word' id='word_1_575' title='bbox 2616 2013 2715 2083; x_wconf 76' lang='grc' dir='ltr'>τὴν</span> <span class='ocrx_word' id='word_1_576' title='bbox 2767 2016 2930 2086; x_wconf 73' lang='grc' dir='ltr'>τιμὴν</span> <span class='ocrx_word' id='word_1_577' title='bbox 2966 2015 3045 2084; x_wconf 82' lang='grc' dir='ltr'>τῷ</span> <span class='ocrx_word' id='word_1_578' title='bbox 3085 2013 3384 2083; x_wconf 77' lang='grc' dir='ltr'>Ἐπιφανίῳ</span> <span class='ocrx_word' id='word_1_579' title='bbox 3425 2014 3535 2067; x_wconf 80' lang='grc' dir='ltr'>τῶν</span> 
     </span>
     <span class='ocr_line' id='line_1_76' title="bbox 1965 2094 3537 2172; baseline 0.006 -27"><span class='ocrx_word' id='word_1_580' title='bbox 1965 2094 2274 2163; x_wconf 82' lang='grc' dir='ltr'>σταφυλῶν,</span> <span class='ocrx_word' id='word_1_581' title='bbox 2309 2096 2497 2150; x_wconf 78' lang='grc' dir='ltr'>ἐλαόεν</span> <span class='ocrx_word' id='word_1_582' title='bbox 2521 2099 2581 2151; x_wconf 86' lang='grc' dir='ltr'>τὸ</span> <span class='ocrx_word' id='word_1_583' title='bbox 2607 2101 2865 2172; x_wconf 81' lang='grc' dir='ltr'>ἀργύριον</span> <span class='ocrx_word' id='word_1_584' title='bbox 2894 2103 2985 2155; x_wconf 75' lang='grc' dir='ltr'>ἐπὶ</span> <span class='ocrx_word' id='word_1_585' title='bbox 3020 2101 3081 2154; x_wconf 81' lang='grc' dir='ltr'>τὸ</span> <span class='ocrx_word' id='word_1_586' title='bbox 3117 2102 3437 2171; x_wconf 79' lang='grc' dir='ltr'>μεταλαὸεῖν</span> <span class='ocrx_word' id='word_1_587' title='bbox 3460 2102 3537 2172; x_wconf 77' lang='grc' dir='ltr'>τῷ</span> 
     </span>
     <span class='ocr_line' id='line_1_77' title="bbox 1966 2180 3538 2260; baseline 0.003 -23"><span class='ocrx_word' id='word_1_588' title='bbox 1966 2185 2165 2257; x_wconf 83' lang='grc' dir='ltr'>πράτῃ.</span> <span class='ocrx_word' id='word_1_589' title='bbox 2185 2185 2242 2237; x_wconf 84' lang='lat'>⁰0</span> <span class='ocrx_word' id='word_1_590' title='bbox 2273 2180 2365 2237; x_wconf 76' lang='grc' dir='ltr'>οὗν</span> <span class='ocrx_word' id='word_1_591' title='bbox 2396 2186 2540 2248; x_wconf 82' lang='grc' dir='ltr'>ὅσιος</span> <span class='ocrx_word' id='word_1_592' title='bbox 2570 2189 2799 2253; x_wconf 81' lang='grc' dir='ltr'>Πάππος</span> <span class='ocrx_word' id='word_1_593' title='bbox 2846 2189 3203 2260; x_wconf 83' lang='grc' dir='ltr'>παραγίνεται</span> <span class='ocrx_word' id='word_1_594' title='bbox 3236 2189 3538 2260; x_wconf 78' lang='grc' dir='ltr'>ὑποτηρού-</span> 
     </span>
     <span class='ocr_line' id='line_1_78' title="bbox 1967 2275 3537 2352; baseline 0.004 -26"><span class='ocrx_word' id='word_1_595' title='bbox 1967 2291 2124 2343; x_wconf 84' lang='grc' dir='ltr'>μενος</span> <span class='ocrx_word' id='word_1_596' title='bbox 2157 2275 2261 2328; x_wconf 78' lang='grc' dir='ltr'>ὑπὸ</span> <span class='ocrx_word' id='word_1_597' title='bbox 2290 2275 2383 2328; x_wconf 88' lang='grc' dir='ltr'>δύο</span> <span class='ocrx_word' id='word_1_598' title='bbox 2414 2278 2694 2333; x_wconf 85' lang='grc' dir='ltr'>διακόνων.</span> <span class='ocrx_word' id='word_1_599' title='bbox 2714 2276 2892 2334; x_wconf 80' lang='grc' dir='ltr'>’Ἦσαν</span> <span class='ocrx_word' id='word_1_600' title='bbox 2925 2282 2981 2334; x_wconf 76' lang='grc' dir='ltr'>δὲ</span> <span class='ocrx_word' id='word_1_601' title='bbox 3014 2282 3106 2334; x_wconf 72' lang='grc' dir='ltr'>καὶ</span> <span class='ocrx_word' id='word_1_602' title='bbox 3137 2284 3284 2352; x_wconf 84' lang='grc' dir='ltr'>τρεῖς</span> <span class='ocrx_word' id='word_1_603' title='bbox 3318 2281 3537 2333; x_wconf 77' lang='grc' dir='ltr'>ἐπίσκο-</span> 
     </span>
     <span class='ocr_line' id='line_1_79' title="bbox 1966 2367 3538 2447; baseline 0.007 -29"><span class='ocrx_word' id='word_1_604' title='bbox 1966 2383 2054 2419; x_wconf 85' lang='grc' dir='ltr'>ποι</span> <span class='ocrx_word' id='word_1_605' title='bbox 2092 2370 2206 2424; x_wconf 77' lang='grc' dir='ltr'>μετ’</span> <span class='ocrx_word' id='word_1_606' title='bbox 2239 2369 2529 2435; x_wconf 85' lang='grc' dir='ltr'>αύτοῦ.Ὠς</span> <span class='ocrx_word' id='word_1_607' title='bbox 2556 2367 2648 2426; x_wconf 72' lang='grc' dir='ltr'>οὖν</span> <span class='ocrx_word' id='word_1_608' title='bbox 2681 2374 2912 2444; x_wconf 73' lang='grc' dir='ltr'>ἤγγισαν</span> <span class='ocrx_word' id='word_1_609' title='bbox 2951 2376 3267 2447; x_wconf 76' lang='grc' dir='ltr'>Ἐπιφανίῳ,</span> <span class='ocrx_word' id='word_1_610' title='bbox 3292 2369 3359 2446; x_wconf 80' lang='grc' dir='ltr'>ἦν</span> <span class='ocrx_word' id='word_1_611' title='bbox 3390 2376 3538 2429; x_wconf 76' lang='grc' dir='ltr'>Ἑπι-</span> 
     </span>
     <span class='ocr_line' id='line_1_80' title="bbox 1966 2455 3540 2538; baseline 0.007 -30"><span class='ocrx_word' id='word_1_612' title='bbox 1966 2455 2152 2524; x_wconf 83' lang='grc' dir='ltr'>φάνιος</span> <span class='ocrx_word' id='word_1_613' title='bbox 2187 2459 2325 2529; x_wconf 78' lang='grc' dir='ltr'>ἔχων</span> <span class='ocrx_word' id='word_1_614' title='bbox 2360 2461 2495 2530; x_wconf 85' lang='grc' dir='ltr'>μετά</span> <span class='ocrx_word' id='word_1_615' title='bbox 2525 2466 2714 2534; x_wconf 85' lang='grc' dir='ltr'>χεῖρας</span> <span class='ocrx_word' id='word_1_616' title='bbox 2744 2466 2870 2528; x_wconf 74' lang='grc' dir='ltr'>τοὺς</span> <span class='ocrx_word' id='word_1_617' title='bbox 2899 2463 3151 2538; x_wconf 85' lang='grc' dir='ltr'>βότρυας,</span> <span class='ocrx_word' id='word_1_618' title='bbox 3176 2469 3270 2521; x_wconf 71' lang='grc' dir='ltr'>καὶ</span> <span class='ocrx_word' id='word_1_619' title='bbox 3295 2467 3353 2520; x_wconf 75' lang='grc' dir='ltr'>τὸ</span> <span class='ocrx_word' id='word_1_620' title='bbox 3379 2466 3540 2538; x_wconf 80' lang='grc' dir='ltr'>τίμη·</span> 
     </span>
     <span class='ocr_line' id='line_1_81' title="bbox 1968 2549 3538 2631; baseline 0.009 -30"><span class='ocrx_word' id='word_1_621' title='bbox 1968 2565 2044 2619; x_wconf 87' lang='grc' dir='ltr'>μα</span> <span class='ocrx_word' id='word_1_622' title='bbox 2071 2551 2291 2605; x_wconf 88' lang='grc' dir='ltr'>τούτων.</span> <span class='ocrx_word' id='word_1_623' title='bbox 2339 2549 2505 2608; x_wconf 78' lang='grc' dir='ltr'>Εἶπον</span> <span class='ocrx_word' id='word_1_624' title='bbox 2551 2555 2608 2609; x_wconf 79' lang='grc' dir='ltr'>δέ</span> <span class='ocrx_word' id='word_1_625' title='bbox 2640 2575 2783 2622; x_wconf 85' lang='grc' dir='ltr'>τινες</span> <span class='ocrx_word' id='word_1_626' title='bbox 2810 2558 2919 2612; x_wconf 82' lang='grc' dir='ltr'>τῶν</span> <span class='ocrx_word' id='word_1_627' title='bbox 2966 2560 3328 2631; x_wconf 78' lang='grc' dir='ltr'>παρεστώτων</span> <span class='ocrx_word' id='word_1_628' title='bbox 3350 2575 3366 2591; x_wconf 89' lang='grc'><em>·</em></span> <span class='ocrx_word' id='word_1_629' title='bbox 3405 2561 3538 2614; x_wconf 68' lang='grc' dir='ltr'>Ἰδοὺ</span> 
     </span>
     <span class='ocr_line' id='line_1_82' title="bbox 1962 2640 3541 2724; baseline 0.012 -33"><span class='ocrx_word' id='word_1_630' title='bbox 1962 2641 2011 2692; x_wconf 76' lang='lat' dir='ltr'>oi</span> <span class='ocrx_word' id='word_1_631' title='bbox 2058 2641 2344 2697; x_wconf 79' lang='grc' dir='ltr'>ἐπίσκοποι</span> <span class='ocrx_word' id='word_1_632' title='bbox 2390 2648 2642 2716; x_wconf 86' lang='grc' dir='ltr'>πάρεισιν</span> <span class='ocrx_word' id='word_1_633' title='bbox 2686 2643 2809 2707; x_wconf 85' lang='grc' dir='ltr'>ὧδε.</span> <span class='ocrx_word' id='word_1_634' title='bbox 2842 2647 3010 2705; x_wconf 81' lang='grc' dir='ltr'>Εἶπεν</span> <span class='ocrx_word' id='word_1_635' title='bbox 3046 2653 3101 2705; x_wconf 87' lang='grc' dir='ltr'>δὲ</span> <span class='ocrx_word' id='word_1_636' title='bbox 3146 2654 3374 2715; x_wconf 86' lang='grc' dir='ltr'>Πάππος</span> <span class='ocrx_word' id='word_1_637' title='bbox 3404 2640 3541 2724; x_wconf 61' lang='grc' dir='ltr'>πρὸς</span> 
     </span>
     <span class='ocr_line' id='line_1_83' title="bbox 1977 2730 3539 2811; baseline 0.013 -29"><span class='ocrx_word' id='word_1_638' title='bbox 1977 2730 2315 2800; x_wconf 81' lang='grc' dir='ltr'>Ἐπιφάνιον·</span> <span class='ocrx_word' id='word_1_639' title='bbox 2359 2737 2815 2804; x_wconf 78' lang='grc' dir='ltr'>Ἀπόθου,”Α66ἇ,</span> <span class='ocrx_word' id='word_1_640' title='bbox 2856 2744 2983 2807; x_wconf 80' lang='grc' dir='ltr'>τοὺς</span> <span class='ocrx_word' id='word_1_641' title='bbox 3030 2744 3257 2811; x_wconf 73' lang='grc' dir='ltr'>βότρυας</span> <span class='ocrx_word' id='word_1_642' title='bbox 3286 2740 3361 2804; x_wconf 73' lang='grc' dir='ltr'>τῷ</span> <span class='ocrx_word' id='word_1_643' title='bbox 3393 2742 3539 2803; x_wconf 62' lang='grc' dir='ltr'>πρά·</span> 
     </span>
     <span class='ocr_line' id='line_1_84' title="bbox 1962 2822 3534 2900; baseline -0.001 -23"><span class='ocrx_word' id='word_1_644' title='bbox 1962 2837 2053 2892; x_wconf 79' lang='grc' dir='ltr'>τῃ.</span> <span class='ocrx_word' id='word_1_645' title='bbox 2087 2825 2179 2876; x_wconf 73' lang='grc' dir='ltr'>καὶ</span> <span class='ocrx_word' id='word_1_646' title='bbox 2214 2826 2576 2899; x_wconf 86' lang='grc' dir='ltr'>ἀκολούθησον</span> <span class='ocrx_word' id='word_1_647' title='bbox 2618 2833 2747 2900; x_wconf 78' lang='grc' dir='ltr'>ἡμῖν</span> <span class='ocrx_word' id='word_1_648' title='bbox 2793 2835 2852 2883; x_wconf 84' lang='grc' dir='ltr'>ὲν</span> <span class='ocrx_word' id='word_1_649' title='bbox 2896 2835 2960 2898; x_wconf 83' lang='grc' dir='ltr'>τῇ</span> <span class='ocrx_word' id='word_1_650' title='bbox 3008 2827 3285 2893; x_wconf 74' lang='grc' dir='ltr'>ἐκκλησίᾳ.</span> <span class='ocrx_word' id='word_1_651' title='bbox 3324 2822 3426 2874; x_wconf 86' lang='grc' dir='ltr'>Τοῦ</span> <span class='ocrx_word' id='word_1_652' title='bbox 3474 2823 3534 2876; x_wconf 82' lang='grc' dir='ltr'>δὲ</span> 
     </span>
     <span class='ocr_line' id='line_1_85' title="bbox 1968 2912 3536 2984; baseline 0.001 -21"><span class='ocrx_word' id='word_1_653' title='bbox 1968 2914 2436 2982; x_wconf 84' lang='grc' dir='ltr'>μνημονεύσαντος</span> <span class='ocrx_word' id='word_1_654' title='bbox 2457 2917 2551 2969; x_wconf 88' lang='grc' dir='ltr'>τοῦ</span> <span class='ocrx_word' id='word_1_655' title='bbox 2584 2917 2727 2968; x_wconf 90' lang='grc' dir='ltr'>θείου</span> <span class='ocrx_word' id='word_1_656' title='bbox 2782 2918 2937 2983; x_wconf 86' lang='grc' dir='ltr'>λόγου</span> <span class='ocrx_word' id='word_1_657' title='bbox 2969 2918 3060 2968; x_wconf 88' lang='grc' dir='ltr'>τοῦ</span> <span class='ocrx_word' id='word_1_658' title='bbox 3092 2912 3536 2984; x_wconf 63' lang='grc' dir='ltr'>προσφωνοῦντος</span> 
     </span>
     <span class='ocr_line' id='line_1_86' title="bbox 1965 3002 3537 3073; baseline 0.003 -21"><span class='ocrx_word' id='word_1_659' title='bbox 1965 3002 2058 3053; x_wconf 80' lang='grc' dir='ltr'>καὶ</span> <span class='ocrx_word' id='word_1_660' title='bbox 2082 3002 2329 3069; x_wconf 83' lang='grc' dir='ltr'>λέγοντος</span> <span class='ocrx_word' id='word_1_661' title='bbox 2349 3020 2361 3032; x_wconf 90' lang='grc'><em>·</em></span> <span class='ocrx_word' id='word_1_662' title='bbox 2398 3003 2758 3071; x_wconf 58' lang='lat' dir='ltr'>Eogepctronr</span> <span class='ocrx_word' id='word_1_663' title='bbox 2779 3005 2877 3056; x_wconf 80' lang='grc' dir='ltr'>ἐπὶ</span> <span class='ocrx_word' id='word_1_664' title='bbox 2916 3004 3037 3070; x_wconf 79' lang='grc' dir='ltr'>τοῖς</span> <span class='ocrx_word' id='word_1_665' title='bbox 3064 3005 3371 3073; x_wconf 74' lang='grc' dir='ltr'>εἰρηκόσιν</span> <span class='ocrx_word' id='word_1_666' title='bbox 3396 3019 3498 3072; x_wconf 82' lang='grc' dir='ltr'>μοι</span> <span class='ocrx_word' id='word_1_667' title='bbox 3521 3019 3537 3036; x_wconf 93' lang='grc'><em>·</em></span> 
     </span>
     <span class='ocr_line' id='line_1_87' title="bbox 1964 3089 3540 3168; baseline 0.002 -23"><span class='ocrx_word' id='word_1_668' title='bbox 1964 3093 2069 3157; x_wconf 80' lang='grc' dir='ltr'>Εἰς</span> <span class='ocrx_word' id='word_1_669' title='bbox 2094 3089 2260 3145; x_wconf 74' lang='grc' dir='ltr'>οἷκον</span> <span class='ocrx_word' id='word_1_670' title='bbox 2284 3094 2505 3161; x_wconf 78' lang='grc' dir='ltr'>Κυρίου</span> <span class='ocrx_word' id='word_1_671' title='bbox 2530 3095 2975 3163; x_wconf 79' lang='grc' dir='ltr'>πορευσόμεθα·</span> <span class='ocrx_word' id='word_1_672' title='bbox 2998 3094 3361 3164; x_wconf 65' lang='grc' dir='ltr'>ἠκολούθησεν</span> <span class='ocrx_word' id='word_1_673' title='bbox 3388 3097 3447 3148; x_wconf 85' lang='grc' dir='ltr'>ὲν</span> <span class='ocrx_word' id='word_1_674' title='bbox 3471 3098 3540 3168; x_wconf 75' lang='grc' dir='ltr'>τῇ</span> 
     </span>
     <span class='ocr_line' id='line_1_88' title="bbox 1966 3182 3538 3258; baseline 0.004 -24"><span class='ocrx_word' id='word_1_675' title='bbox 1966 3182 2249 3255; x_wconf 78' lang='grc' dir='ltr'>ἐκκλησίᾳ.</span> <span class='ocrx_word' id='word_1_676' title='bbox 2286 3185 2345 3236; x_wconf 81' lang='lat'>&#39;0</span> <span class='ocrx_word' id='word_1_677' title='bbox 2388 3184 2445 3236; x_wconf 83' lang='grc' dir='ltr'>δὲ</span> <span class='ocrx_word' id='word_1_678' title='bbox 2498 3184 2724 3248; x_wconf 89' lang='grc' dir='ltr'>Πάππος</span> <span class='ocrx_word' id='word_1_679' title='bbox 2798 3186 2929 3256; x_wconf 76' lang='grc' dir='ltr'>φησὶ</span> <span class='ocrx_word' id='word_1_680' title='bbox 2995 3187 3130 3258; x_wconf 80' lang='grc' dir='ltr'>πρὸς</span> <span class='ocrx_word' id='word_1_681' title='bbox 3193 3187 3538 3255; x_wconf 73' lang='grc' dir='ltr'>Ἐπιφάνιον·</span> 
     </span>
     <span class='ocr_line' id='line_1_89' title="bbox 1965 3268 3542 3346; baseline 0.003 -21"><span class='ocrx_word' id='word_1_682' title='bbox 1965 3274 2195 3342; x_wconf 84' lang='grc' dir='ltr'>Ποίησον</span> <span class='ocrx_word' id='word_1_683' title='bbox 2246 3274 2431 3345; x_wconf 81' lang='grc' dir='ltr'>εὐχὴν,</span> <span class='ocrx_word' id='word_1_684' title='bbox 2464 3268 2509 3327; x_wconf 77' lang='grc' dir='ltr'>ὦ</span> <span class='ocrx_word' id='word_1_685' title='bbox 2540 3275 2739 3344; x_wconf 82' lang='grc' dir='ltr'>Πάτερ.</span> <span class='ocrx_word' id='word_1_686' title='bbox 2775 3274 2959 3328; x_wconf 86' lang='grc' dir='ltr'>Ταῦτα</span> <span class='ocrx_word' id='word_1_687' title='bbox 3006 3276 3061 3328; x_wconf 83' lang='grc' dir='ltr'>δὲ</span> <span class='ocrx_word' id='word_1_688' title='bbox 3098 3275 3282 3346; x_wconf 75' lang='grc' dir='ltr'>ἔλεγεν</span> <span class='ocrx_word' id='word_1_689' title='bbox 3314 3276 3542 3340; x_wconf 78' lang='grc' dir='ltr'>Πάππος</span> 
     </span>
     <span class='ocr_line' id='line_1_90' title="bbox 1964 3365 3542 3436; baseline -0.001 -16"><span class='ocrx_word' id='word_1_690' title='bbox 1964 3367 2099 3436; x_wconf 63' lang='grc' dir='ltr'>πρὸς</span> <span class='ocrx_word' id='word_1_691' title='bbox 2145 3367 2479 3434; x_wconf 85' lang='grc' dir='ltr'>Ἐπιφάνιον,</span> <span class='ocrx_word' id='word_1_692' title='bbox 2506 3366 2655 3427; x_wconf 85' lang='grc' dir='ltr'>ὅπως</span> <span class='ocrx_word' id='word_1_693' title='bbox 2699 3365 2953 3436; x_wconf 81' lang='grc' dir='ltr'>γνωρίσει</span> <span class='ocrx_word' id='word_1_694' title='bbox 2997 3366 3191 3419; x_wconf 76' lang='grc' dir='ltr'>ἑαυτὸν</span> <span class='ocrx_word' id='word_1_695' title='bbox 3230 3366 3542 3434; x_wconf 80' lang='grc' dir='ltr'>Ἐπιφάνιος</span> 
     </span>
     <span class='ocr_line' id='line_1_91' title="bbox 1962 3450 3538 3527; baseline -0.001 -18"><span class='ocrx_word' id='word_1_696' title='bbox 1962 3456 2040 3527; x_wconf 84' lang='grc' dir='ltr'>τῷ</span> <span class='ocrx_word' id='word_1_697' title='bbox 2106 3456 2312 3527; x_wconf 75' lang='grc' dir='ltr'>κλήρῳ.</span> <span class='ocrx_word' id='word_1_698' title='bbox 2371 3450 2538 3508; x_wconf 81' lang='grc' dir='ltr'>Εἶπεν</span> <span class='ocrx_word' id='word_1_699' title='bbox 2594 3453 2649 3507; x_wconf 82' lang='grc' dir='ltr'>δὲ</span> <span class='ocrx_word' id='word_1_700' title='bbox 2699 3455 3010 3524; x_wconf 78' lang='grc' dir='ltr'>Ἐπιφάνιος</span> <span class='ocrx_word' id='word_1_701' title='bbox 3076 3455 3213 3526; x_wconf 78' lang='grc' dir='ltr'>πρὸς</span> <span class='ocrx_word' id='word_1_702' title='bbox 3275 3455 3538 3509; x_wconf 76' lang='grc' dir='ltr'>Πάππον·</span> 
     </span>
     <span class='ocr_line' id='line_1_92' title="bbox 1964 3540 3538 3616; baseline 0 -19"><span class='ocrx_word' id='word_1_703' title='bbox 1964 3543 2323 3616; x_wconf 74' lang='grc' dir='ltr'>Συγχὼρησόν</span> <span class='ocrx_word' id='word_1_704' title='bbox 2359 3560 2469 3613; x_wconf 86' lang='grc' dir='ltr'>μοι,</span> <span class='ocrx_word' id='word_1_705' title='bbox 2510 3542 2692 3613; x_wconf 81' lang='grc' dir='ltr'>Πάτερ</span> <span class='ocrx_word' id='word_1_706' title='bbox 2712 3560 2725 3573; x_wconf 91' lang='grc'><strong><em>·</em></strong></span> <span class='ocrx_word' id='word_1_707' title='bbox 2759 3544 2821 3596; x_wconf 86' lang='grc' dir='ltr'>ού</span> <span class='ocrx_word' id='word_1_708' title='bbox 2850 3545 2959 3615; x_wconf 89' lang='grc' dir='ltr'>γάρ</span> <span class='ocrx_word' id='word_1_709' title='bbox 2987 3545 3104 3613; x_wconf 87' lang='grc' dir='ltr'>εἰμι</span> <span class='ocrx_word' id='word_1_710' title='bbox 3132 3546 3191 3596; x_wconf 86' lang='grc' dir='ltr'>ὲν</span> <span class='ocrx_word' id='word_1_711' title='bbox 3214 3543 3417 3614; x_wconf 80' lang='grc' dir='ltr'>κλήρῳ.</span> <span class='ocrx_word' id='word_1_712' title='bbox 3450 3540 3538 3597; x_wconf 75' lang='grc' dir='ltr'>Εἶ-</span> 
     </span>
     <span class='ocr_line' id='line_1_93' title="bbox 1966 3626 3543 3702; baseline 0.001 -17"><span class='ocrx_word' id='word_1_713' title='bbox 1966 3649 2067 3686; x_wconf 87' lang='grc' dir='ltr'>πεν</span> <span class='ocrx_word' id='word_1_714' title='bbox 2119 3631 2180 3684; x_wconf 81' lang='grc' dir='ltr'>δὲ</span> <span class='ocrx_word' id='word_1_715' title='bbox 2224 3632 2458 3694; x_wconf 86' lang='grc' dir='ltr'>Πάππος</span> <span class='ocrx_word' id='word_1_716' title='bbox 2509 3630 2645 3700; x_wconf 86' lang='grc' dir='ltr'>πρὸς</span> <span class='ocrx_word' id='word_1_717' title='bbox 2688 3629 3021 3698; x_wconf 81' lang='grc' dir='ltr'>Ἑπιφάνιον·</span> <span class='ocrx_word' id='word_1_718' title='bbox 3054 3631 3252 3698; x_wconf 82' lang='grc' dir='ltr'>Βλέπε,</span> <span class='ocrx_word' id='word_1_719' title='bbox 3280 3633 3462 3702; x_wconf 70' lang='grc' dir='ltr'>φησὶν,</span> <span class='ocrx_word' id='word_1_720' title='bbox 3500 3626 3543 3685; x_wconf 79' lang='grc' dir='ltr'>ὦ</span> 
     </span>
     <span class='ocr_line' id='line_1_94' title="bbox 1963 3720 3542 3792; baseline 0.003 -17"><span class='ocrx_word' id='word_1_721' title='bbox 1963 3722 2174 3785; x_wconf 82' lang='grc' dir='ltr'>τέκνον,</span> <span class='ocrx_word' id='word_1_722' title='bbox 2216 3721 2290 3791; x_wconf 77' lang='grc' dir='ltr'>μὴ</span> <span class='ocrx_word' id='word_1_723' title='bbox 2319 3720 2459 3773; x_wconf 84' lang='grc' dir='ltr'>κατὰ</span> <span class='ocrx_word' id='word_1_724' title='bbox 2489 3720 2779 3788; x_wconf 86' lang='grc' dir='ltr'>πρόσωπον</span> <span class='ocrx_word' id='word_1_725' title='bbox 2809 3720 3010 3774; x_wconf 90' lang='grc' dir='ltr'>τούτων</span> <span class='ocrx_word' id='word_1_726' title='bbox 3036 3722 3141 3775; x_wconf 84' lang='grc' dir='ltr'>τῶν</span> <span class='ocrx_word' id='word_1_727' title='bbox 3170 3723 3339 3792; x_wconf 82' lang='grc' dir='ltr'>ἁγίων</span> <span class='ocrx_word' id='word_1_728' title='bbox 3373 3725 3542 3778; x_wconf 81' lang='grc' dir='ltr'>Πατέ-</span> 
     </span>
     <span class='ocr_line' id='line_1_95' title="bbox 1967 3811 3541 3884; baseline 0.003 -19"><span class='ocrx_word' id='word_1_729' title='bbox 1967 3829 2077 3882; x_wconf 89' lang='grc' dir='ltr'>ρων</span> <span class='ocrx_word' id='word_1_730' title='bbox 2099 3813 2329 3884; x_wconf 81' lang='grc' dir='ltr'>ἀρνήσῃ,</span> <span class='ocrx_word' id='word_1_731' title='bbox 2357 3811 2453 3864; x_wconf 72' lang='grc' dir='ltr'>καὶ</span> <span class='ocrx_word' id='word_1_732' title='bbox 2490 3811 2826 3883; x_wconf 76' lang='grc' dir='ltr'>κατακριθῇς</span> <span class='ocrx_word' id='word_1_733' title='bbox 2855 3811 2931 3875; x_wconf 82' lang='grc' dir='ltr'>ὡς</span> <span class='ocrx_word' id='word_1_734' title='bbox 2958 3815 2987 3866; x_wconf 87' lang='grc' dir='ltr'>ό</span> <span class='ocrx_word' id='word_1_735' title='bbox 3020 3815 3230 3884; x_wconf 79' lang='grc' dir='ltr'>κρύψας</span> <span class='ocrx_word' id='word_1_736' title='bbox 3264 3817 3325 3869; x_wconf 85' lang='grc' dir='ltr'>τὸ</span> <span class='ocrx_word' id='word_1_737' title='bbox 3349 3818 3541 3871; x_wconf 80' lang='grc' dir='ltr'>τάλαν-</span> 
     </span>
     <span class='ocr_line' id='line_1_96' title="bbox 1964 3899 3539 3977; baseline 0.001 -20"><span class='ocrx_word' id='word_1_738' title='bbox 1964 3922 2076 3958; x_wconf 87' lang='grc' dir='ltr'>τον.</span> <span class='ocrx_word' id='word_1_739' title='bbox 2112 3899 2281 3958; x_wconf 80' lang='grc' dir='ltr'>Εἶπεν</span> <span class='ocrx_word' id='word_1_740' title='bbox 2325 3901 2383 3956; x_wconf 82' lang='grc' dir='ltr'>δὲ</span> <span class='ocrx_word' id='word_1_741' title='bbox 2425 3902 2741 3972; x_wconf 86' lang='grc' dir='ltr'>Ἐπιφάνιος</span> <span class='ocrx_word' id='word_1_742' title='bbox 2769 3901 2905 3974; x_wconf 80' lang='grc' dir='ltr'>πρὸς</span> <span class='ocrx_word' id='word_1_743' title='bbox 2949 3903 3040 3956; x_wconf 80' lang='grc' dir='ltr'>τὸν</span> <span class='ocrx_word' id='word_1_744' title='bbox 3075 3907 3305 3959; x_wconf 82' lang='grc' dir='ltr'>Πάππον</span> <span class='ocrx_word' id='word_1_745' title='bbox 3329 3923 3342 3938; x_wconf 91' lang='grc'><em>·</em></span> <span class='ocrx_word' id='word_1_746' title='bbox 3389 3908 3539 3977; x_wconf 78' lang='grc' dir='ltr'>θύχὶ,</span> 
     </span>
     <span class='ocr_line' id='line_1_97' title="bbox 1967 3991 3539 4066; baseline 0.001 -18"><span class='ocrx_word' id='word_1_747' title='bbox 1967 3995 2169 4066; x_wconf 85' lang='grc' dir='ltr'>Πάτερ,</span> <span class='ocrx_word' id='word_1_748' title='bbox 2198 3995 2297 4064; x_wconf 83' lang='grc' dir='ltr'>οὺχ</span> <span class='ocrx_word' id='word_1_749' title='bbox 2328 3993 2588 4066; x_wconf 83' lang='grc' dir='ltr'>ὑπάρχων</span> <span class='ocrx_word' id='word_1_750' title='bbox 2615 3991 3091 4064; x_wconf 84' lang='grc' dir='ltr'>κληρικός.Ταῦτα</span> <span class='ocrx_word' id='word_1_751' title='bbox 3115 3993 3171 4048; x_wconf 81' lang='grc' dir='ltr'>δὲ</span> <span class='ocrx_word' id='word_1_752' title='bbox 3199 3994 3364 4049; x_wconf 77' lang='grc' dir='ltr'>εἰπὼν</span> <span class='ocrx_word' id='word_1_753' title='bbox 3400 3997 3539 4049; x_wconf 84' lang='grc' dir='ltr'>Ἐπι-</span> 
     </span>
     <span class='ocr_line' id='line_1_98' title="bbox 1968 4079 3539 4154; baseline -0.001 -15"><span class='ocrx_word' id='word_1_754' title='bbox 1968 4086 2178 4154; x_wconf 86' lang='grc' dir='ltr'>φάνιος,</span> <span class='ocrx_word' id='word_1_755' title='bbox 2207 4086 2237 4137; x_wconf 86' lang='grc' dir='ltr'>ὁ</span> <span class='ocrx_word' id='word_1_756' title='bbox 2268 4083 2498 4147; x_wconf 83' lang='grc' dir='ltr'>Πάππος</span> <span class='ocrx_word' id='word_1_757' title='bbox 2545 4081 2743 4136; x_wconf 82' lang='grc' dir='ltr'>ἔδωκεν</span> <span class='ocrx_word' id='word_1_758' title='bbox 2789 4083 3032 4154; x_wconf 76' lang='grc' dir='ltr'>εἰρήνην.</span> <span class='ocrx_word' id='word_1_759' title='bbox 3061 4079 3157 4146; x_wconf 78' lang='grc' dir='ltr'>Εἷς</span> <span class='ocrx_word' id='word_1_760' title='bbox 3206 4084 3263 4138; x_wconf 83' lang='grc' dir='ltr'>δέ</span> <span class='ocrx_word' id='word_1_761' title='bbox 3305 4103 3390 4149; x_wconf 86' lang='grc' dir='ltr'>τις</span> <span class='ocrx_word' id='word_1_762' title='bbox 3438 4086 3539 4138; x_wconf 84' lang='grc' dir='ltr'>τῶν</span> 
     </span>
     <span class='ocr_line' id='line_1_99' title="bbox 1966 4169 3542 4244; baseline 0.003 -20"><span class='ocrx_word' id='word_1_763' title='bbox 1966 4172 2229 4225; x_wconf 84' lang='grc' dir='ltr'>διακόνων</span> <span class='ocrx_word' id='word_1_764' title='bbox 2294 4169 2682 4241; x_wconf 78' lang='grc' dir='ltr'>ὲπιλαὸόμενος</span> <span class='ocrx_word' id='word_1_765' title='bbox 2735 4172 2833 4241; x_wconf 87' lang='grc' dir='ltr'>τῆς</span> <span class='ocrx_word' id='word_1_766' title='bbox 2882 4173 3125 4241; x_wconf 83' lang='grc' dir='ltr'>κεφαλῆς</span> <span class='ocrx_word' id='word_1_767' title='bbox 3179 4175 3495 4244; x_wconf 85' lang='grc' dir='ltr'>Ἐπιφανίου</span> <span class='ocrx_word' id='word_1_768' title='bbox 3527 4213 3542 4237; x_wconf 81' lang='grc'>,</span> 
     </span>
     <span class='ocr_line' id='line_1_100' title="bbox 1968 4257 3543 4336; baseline 0.003 -21"><span class='ocrx_word' id='word_1_769' title='bbox 1968 4257 2103 4333; x_wconf 77' lang='grc' dir='ltr'>ἦγεν</span> <span class='ocrx_word' id='word_1_770' title='bbox 2135 4260 2297 4315; x_wconf 78' lang='grc' dir='ltr'>αὐτὸν</span> <span class='ocrx_word' id='word_1_771' title='bbox 2325 4259 2459 4332; x_wconf 79' lang='grc' dir='ltr'>πρὸς</span> <span class='ocrx_word' id='word_1_772' title='bbox 2491 4260 2721 4314; x_wconf 85' lang='grc' dir='ltr'>Πάππον</span> <span class='ocrx_word' id='word_1_773' title='bbox 2743 4260 2837 4313; x_wconf 70' lang='grc' dir='ltr'>ἐπὶ</span> <span class='ocrx_word' id='word_1_774' title='bbox 2865 4261 2957 4315; x_wconf 87' lang='grc' dir='ltr'>τοῦ</span> <span class='ocrx_word' id='word_1_775' title='bbox 2990 4262 3372 4335; x_wconf 82' lang='grc' dir='ltr'>θυσιαστηρίου</span> <span class='ocrx_word' id='word_1_776' title='bbox 3408 4267 3543 4336; x_wconf 77' lang='grc' dir='ltr'>μετὰ</span> 
     </span>
     <span class='ocr_line' id='line_1_101' title="bbox 1971 4351 3544 4424; baseline 0.002 -17"><span class='ocrx_word' id='word_1_777' title='bbox 1971 4353 2113 4424; x_wconf 77' lang='grc' dir='ltr'>βίας,</span> <span class='ocrx_word' id='word_1_778' title='bbox 2160 4353 2299 4408; x_wconf 81' lang='grc' dir='ltr'>ὥστε</span> <span class='ocrx_word' id='word_1_779' title='bbox 2350 4351 2621 4405; x_wconf 84' lang='grc' dir='ltr'>συνελθεῖν</span> <span class='ocrx_word' id='word_1_780' title='bbox 2665 4352 2760 4404; x_wconf 74' lang='grc' dir='ltr'>καὶ</span> <span class='ocrx_word' id='word_1_781' title='bbox 2805 4351 2997 4416; x_wconf 80' lang='grc' dir='ltr'>ἄλλους</span> <span class='ocrx_word' id='word_1_782' title='bbox 3047 4354 3349 4420; x_wconf 81' lang='grc' dir='ltr'>πλείστους,</span> <span class='ocrx_word' id='word_1_783' title='bbox 3398 4359 3544 4420; x_wconf 81' lang='grc' dir='ltr'>ὅπως</span> 
     </span>
     <span class='ocr_line' id='line_1_102' title="bbox 1969 4441 3546 4518; baseline 0.002 -19"><span class='ocrx_word' id='word_1_784' title='bbox 1969 4443 2322 4499; x_wconf 75' lang='grc' dir='ltr'>διασώσουσιν</span> <span class='ocrx_word' id='word_1_785' title='bbox 2360 4443 2522 4499; x_wconf 79' lang='grc' dir='ltr'>αὐτὸν</span> <span class='ocrx_word' id='word_1_786' title='bbox 2552 4442 2645 4495; x_wconf 72' lang='grc' dir='ltr'>ἐπὶ</span> <span class='ocrx_word' id='word_1_787' title='bbox 2688 4441 2767 4513; x_wconf 82' lang='grc' dir='ltr'>τῷ</span> <span class='ocrx_word' id='word_1_788' title='bbox 2810 4442 3195 4516; x_wconf 83' lang='grc' dir='ltr'>θυσιαστηρίῳ.</span> <span class='ocrx_word' id='word_1_789' title='bbox 3236 4448 3546 4518; x_wconf 78' lang='grc' dir='ltr'>Χειροτονεῖ</span> 
     </span>
     <span class='ocr_line' id='line_1_103' title="bbox 1969 4529 3545 4606; baseline -0.001 -17"><span class='ocrx_word' id='word_1_790' title='bbox 1969 4529 2062 4589; x_wconf 78' lang='grc' dir='ltr'>οὗν</span> <span class='ocrx_word' id='word_1_791' title='bbox 2107 4533 2268 4589; x_wconf 80' lang='grc' dir='ltr'>αὐτὸν</span> <span class='ocrx_word' id='word_1_792' title='bbox 2315 4533 2581 4595; x_wconf 85' lang='grc' dir='ltr'>διάκονον,</span> <span class='ocrx_word' id='word_1_793' title='bbox 2606 4531 2701 4583; x_wconf 75' lang='grc' dir='ltr'>καὶ</span> <span class='ocrx_word' id='word_1_794' title='bbox 2744 4530 2901 4585; x_wconf 85' lang='grc' dir='ltr'>πάλιν</span> <span class='ocrx_word' id='word_1_795' title='bbox 2932 4532 3143 4585; x_wconf 91' lang='grc' dir='ltr'>δίδωσιν</span> <span class='ocrx_word' id='word_1_796' title='bbox 3174 4534 3415 4606; x_wconf 77' lang='grc' dir='ltr'>εἰρήνην,</span> <span class='ocrx_word' id='word_1_797' title='bbox 3451 4538 3545 4589; x_wconf 67' lang='grc' dir='ltr'>καὶ</span> 
     </span>
     <span class='ocr_line' id='line_1_104' title="bbox 1971 4620 3543 4697; baseline 0.001 -19"><span class='ocrx_word' id='word_1_798' title='bbox 1971 4627 2264 4697; x_wconf 82' lang='grc' dir='ltr'>χειροτονεῖ</span> <span class='ocrx_word' id='word_1_799' title='bbox 2290 4624 2448 4678; x_wconf 70' lang='grc' dir='ltr'>αὺτὸν</span> <span class='ocrx_word' id='word_1_800' title='bbox 2478 4620 2866 4695; x_wconf 74' lang='grc' dir='ltr'>πρεσὸύτερον,</span> <span class='ocrx_word' id='word_1_801' title='bbox 2893 4621 2988 4675; x_wconf 72' lang='grc' dir='ltr'>καὶ</span> <span class='ocrx_word' id='word_1_802' title='bbox 3010 4621 3215 4689; x_wconf 87' lang='grc' dir='ltr'>γίνεται</span> <span class='ocrx_word' id='word_1_803' title='bbox 3243 4626 3275 4696; x_wconf 80' lang='grc' dir='ltr'>ἠ</span> <span class='ocrx_word' id='word_1_804' title='bbox 3320 4626 3543 4679; x_wconf 82' lang='grc' dir='ltr'>ἀκολου-</span> 
     </span>
     <span class='ocr_line' id='line_1_105' title="bbox 1971 4712 3541 4786; baseline 0 -17"><span class='ocrx_word' id='word_1_805' title='bbox 1971 4715 2082 4777; x_wconf 88' lang='grc' dir='ltr'>θία,</span> <span class='ocrx_word' id='word_1_806' title='bbox 2107 4715 2199 4768; x_wconf 76' lang='grc' dir='ltr'>καὶ</span> <span class='ocrx_word' id='word_1_807' title='bbox 2245 4716 2539 4786; x_wconf 81' lang='grc' dir='ltr'>χειροτονεῖ</span> <span class='ocrx_word' id='word_1_808' title='bbox 2583 4714 2762 4768; x_wconf 81' lang='grc' dir='ltr'>αὑτὸν.</span> <span class='ocrx_word' id='word_1_809' title='bbox 2800 4712 3115 4766; x_wconf 79' lang='grc' dir='ltr'>ἐπίσκοπον.</span> <span class='ocrx_word' id='word_1_810' title='bbox 3143 4716 3295 4767; x_wconf 85' lang='grc' dir='ltr'>Μετά</span> <span class='ocrx_word' id='word_1_811' title='bbox 3341 4716 3398 4769; x_wconf 82' lang='grc' dir='ltr'>δὲ</span> <span class='ocrx_word' id='word_1_812' title='bbox 3445 4716 3541 4786; x_wconf 76' lang='grc' dir='ltr'>τὴν</span> 
     </span>
     <span class='ocr_line' id='line_1_106' title="bbox 1969 4799 3543 4876; baseline 0.001 -18"><span class='ocrx_word' id='word_1_813' title='bbox 1969 4805 2229 4858; x_wconf 87' lang='grc' dir='ltr'>ἀπόλυσιν</span> <span class='ocrx_word' id='word_1_814' title='bbox 2286 4803 2385 4875; x_wconf 82' lang='grc' dir='ltr'>τῆς</span> <span class='ocrx_word' id='word_1_815' title='bbox 2431 4803 2725 4874; x_wconf 79' lang='grc' dir='ltr'>ἐκκλησίας</span> <span class='ocrx_word' id='word_1_816' title='bbox 2758 4799 3062 4876; x_wconf 79' lang='grc' dir='ltr'>ἀνήλθομεν</span> <span class='ocrx_word' id='word_1_817' title='bbox 3108 4803 3165 4854; x_wconf 86' lang='grc' dir='ltr'>ὲν</span> <span class='ocrx_word' id='word_1_818' title='bbox 3206 4803 3282 4874; x_wconf 84' lang='grc' dir='ltr'>τῷ</span> <span class='ocrx_word' id='word_1_819' title='bbox 3323 4805 3543 4859; x_wconf 83' lang='grc' dir='ltr'>ὲπισκο·</span> 
     </span>
     <span class='ocr_line' id='line_1_107' title="bbox 1971 4891 3539 4967; baseline 0.001 -19"><span class='ocrx_word' id='word_1_820' title='bbox 1971 4895 2130 4965; x_wconf 85' lang='grc' dir='ltr'>πείῳ.</span> <span class='ocrx_word' id='word_1_821' title='bbox 2164 4891 2328 4948; x_wconf 79' lang='grc' dir='ltr'>Εἶπεν</span> <span class='ocrx_word' id='word_1_822' title='bbox 2373 4895 2431 4949; x_wconf 83' lang='grc' dir='ltr'>δὲ</span> <span class='ocrx_word' id='word_1_823' title='bbox 2472 4895 2703 4959; x_wconf 87' lang='grc' dir='ltr'>Πάππος</span> <span class='ocrx_word' id='word_1_824' title='bbox 2732 4894 2867 4962; x_wconf 84' lang='grc' dir='ltr'>πρὸς</span> <span class='ocrx_word' id='word_1_825' title='bbox 2906 4892 3247 4966; x_wconf 51' lang='lat' dir='ltr'>’Eumol-nou·</span> <span class='ocrx_word' id='word_1_826' title='bbox 3280 4896 3449 4965; x_wconf 80' lang='grc' dir='ltr'>Δεῦρο</span> <span class='ocrx_word' id='word_1_827' title='bbox 3475 4897 3539 4967; x_wconf 77' lang='grc' dir='ltr'>δὴ</span> 
     </span>
     <span class='ocr_line' id='line_1_108' title="bbox 1970 4985 3542 5060; baseline 0.004 -22"><span class='ocrx_word' id='word_1_828' title='bbox 1970 4985 2268 5058; x_wconf 79' lang='grc' dir='ltr'>πρότρεψαι</span> <span class='ocrx_word' id='word_1_829' title='bbox 2295 4987 2423 5048; x_wconf 82' lang='grc' dir='ltr'>τοὺς</span> <span class='ocrx_word' id='word_1_830' title='bbox 2475 4986 2764 5058; x_wconf 80' lang='grc' dir='ltr'>Πατέρας,</span> <span class='ocrx_word' id='word_1_831' title='bbox 2798 4987 2945 5050; x_wconf 77' lang='grc' dir='ltr'>ὅπως</span> <span class='ocrx_word' id='word_1_832' title='bbox 2993 4990 3382 5060; x_wconf 76' lang='grc' dir='ltr'>μεταλάὸωμεν</span> <span class='ocrx_word' id='word_1_833' title='bbox 3449 4989 3542 5046; x_wconf 62' lang='grc' dir='ltr'>καὶ</span> 
     </span>
     <span class='ocr_line' id='line_1_109' title="bbox 1970 5073 3590 5150; baseline 0.004 -22"><span class='ocrx_word' id='word_1_834' title='bbox 1970 5073 2355 5146; x_wconf 76' lang='grc' dir='ltr'>εὐφρανθῶμεν</span> <span class='ocrx_word' id='word_1_835' title='bbox 2386 5074 2478 5127; x_wconf 73' lang='grc' dir='ltr'>ἐπὶ</span> <span class='ocrx_word' id='word_1_836' title='bbox 2506 5076 2571 5144; x_wconf 78' lang='grc' dir='ltr'>σῇ</span> <span class='ocrx_word' id='word_1_837' title='bbox 2601 5073 2948 5146; x_wconf 80' lang='grc' dir='ltr'>πατρωσύνῃ.</span> <span class='ocrx_word' id='word_1_838' title='bbox 2984 5076 3089 5130; x_wconf 89' lang='grc' dir='ltr'>Τοῦ</span> <span class='ocrx_word' id='word_1_839' title='bbox 3129 5078 3185 5130; x_wconf 84' lang='grc' dir='ltr'>δὲ</span> <span class='ocrx_word' id='word_1_840' title='bbox 3224 5079 3539 5150; x_wconf 76' lang='grc' dir='ltr'>Ἐπιφανὲου</span> <span class='ocrx_word' id='word_1_841' title='bbox 3586 5078 3590 5080; x_wconf 60' lang='grc'><em>’</em></span> 
     </span>
     <span class='ocr_line' id='line_1_110' title="bbox 1972 5165 3541 5242; baseline 0.005 -25"><span class='ocrx_word' id='word_1_842' title='bbox 1972 5165 2180 5237; x_wconf 82' lang='grc' dir='ltr'>βαρέως</span> <span class='ocrx_word' id='word_1_843' title='bbox 2205 5165 2479 5236; x_wconf 85' lang='grc' dir='ltr'>φέροντος,</span> <span class='ocrx_word' id='word_1_844' title='bbox 2508 5165 2599 5218; x_wconf 81' lang='grc' dir='ltr'>καὶ</span> <span class='ocrx_word' id='word_1_845' title='bbox 2642 5166 3035 5237; x_wconf 84' lang='grc' dir='ltr'>ἀδημονοῦντος</span> <span class='ocrx_word' id='word_1_846' title='bbox 3067 5171 3126 5223; x_wconf 84' lang='grc' dir='ltr'>ὲν</span> <span class='ocrx_word' id='word_1_847' title='bbox 3147 5169 3412 5242; x_wconf 81' lang='grc' dir='ltr'>λογισμῷ,</span> <span class='ocrx_word' id='word_1_848' title='bbox 3446 5175 3541 5225; x_wconf 70' lang='grc' dir='ltr'>καὶ</span> 
     </span>
     <span class='ocr_line' id='line_1_111' title="bbox 1970 5252 3539 5332; baseline 0.003 -22"><span class='ocrx_word' id='word_1_849' title='bbox 1970 5256 2266 5320; x_wconf 87' lang='grc' dir='ltr'>κλαίοντος,</span> <span class='ocrx_word' id='word_1_850' title='bbox 2311 5252 2466 5308; x_wconf 84' lang='grc' dir='ltr'>εἶπεν</span> <span class='ocrx_word' id='word_1_851' title='bbox 2497 5257 2526 5308; x_wconf 85' lang='grc' dir='ltr'>ό</span> <span class='ocrx_word' id='word_1_852' title='bbox 2552 5256 2781 5320; x_wconf 88' lang='grc' dir='ltr'>Πάππος</span> <span class='ocrx_word' id='word_1_853' title='bbox 2809 5257 2943 5329; x_wconf 75' lang='grc' dir='ltr'>πρὸς</span> <span class='ocrx_word' id='word_1_854' title='bbox 2966 5259 3277 5327; x_wconf 82' lang='grc' dir='ltr'>Ἔπιφάνιον</span> <span class='ocrx_word' id='word_1_855' title='bbox 3297 5278 3311 5291; x_wconf 90' lang='grc'><em>·</em></span> <span class='ocrx_word' id='word_1_856' title='bbox 3341 5263 3539 5332; x_wconf 77' lang='grc' dir='ltr'>Ἐχρῆν</span> 
     </span>
     <span class='ocr_line' id='line_1_112' title="bbox 1974 5339 3539 5422; baseline 0.006 -25"><span class='ocrx_word' id='word_1_857' title='bbox 1974 5345 2071 5415; x_wconf 81' lang='grc' dir='ltr'>μὲν</span> <span class='ocrx_word' id='word_1_858' title='bbox 2103 5347 2135 5414; x_wconf 83' lang='grc' dir='ltr'>ἠ</span> <span class='ocrx_word' id='word_1_859' title='bbox 2147 5346 2252 5415; x_wconf 83' lang='grc' dir='ltr'>μᾶς</span> <span class='ocrx_word' id='word_1_860' title='bbox 2285 5344 2579 5416; x_wconf 84' lang='grc' dir='ltr'>σιωπῆσαι,</span> <span class='ocrx_word' id='word_1_861' title='bbox 2610 5339 2655 5400; x_wconf 82' lang='grc' dir='ltr'>ὧ</span> <span class='ocrx_word' id='word_1_862' title='bbox 2681 5346 2871 5400; x_wconf 85' lang='grc' dir='ltr'>τέκνον</span> <span class='ocrx_word' id='word_1_863' title='bbox 2900 5348 3201 5419; x_wconf 83' lang='grc' dir='ltr'>Ἐπιφάνιε.</span> <span class='ocrx_word' id='word_1_864' title='bbox 3233 5351 3271 5402; x_wconf 87' lang='grc' dir='ltr'><strong>Γ</strong></span> <span class='ocrx_word' id='word_1_865' title='bbox 3277 5351 3455 5422; x_wconf 85' lang='grc' dir='ltr'>ίνομαι</span> <span class='ocrx_word' id='word_1_866' title='bbox 3479 5351 3539 5406; x_wconf 79' lang='grc' dir='ltr'>δὲ</span> 
     </span>
     <span class='ocr_line' id='line_1_113' title="bbox 1970 5434 3537 5513; baseline 0.003 -25"><span class='ocrx_word' id='word_1_867' title='bbox 1970 5434 2157 5505; x_wconf 80' lang='grc' dir='ltr'>ἄφρων</span> <span class='ocrx_word' id='word_1_868' title='bbox 2186 5436 2346 5499; x_wconf 74' lang='grc' dir='ltr'>αὐτός</span> <span class='ocrx_word' id='word_1_869' title='bbox 2381 5453 2469 5507; x_wconf 89' lang='grc' dir='ltr'>μοι</span> <span class='ocrx_word' id='word_1_870' title='bbox 2498 5436 2598 5508; x_wconf 78' lang='grc' dir='ltr'>τὴν</span> <span class='ocrx_word' id='word_1_871' title='bbox 2630 5437 2854 5508; x_wconf 73' lang='grc' dir='ltr'>ζήτησιν</span> <span class='ocrx_word' id='word_1_872' title='bbox 2878 5441 3260 5510; x_wconf 73' lang='grc' dir='ltr'>ποιησάμενος.</span> <span class='ocrx_word' id='word_1_873' title='bbox 3279 5443 3402 5497; x_wconf 79' lang='grc' dir='ltr'>Τῶν</span> <span class='ocrx_word' id='word_1_874' title='bbox 3428 5442 3537 5513; x_wconf 68' lang='grc' dir='ltr'>γὰρ</span> 
     </span>
     <span class='ocr_line' id='line_1_114' title="bbox 1970 5521 3537 5604; baseline 0.004 -25"><span class='ocrx_word' id='word_1_875' title='bbox 1970 5527 2229 5599; x_wconf 83' lang='grc' dir='ltr'>Πατέρων</span> <span class='ocrx_word' id='word_1_876' title='bbox 2258 5527 2626 5598; x_wconf 83' lang='grc' dir='ltr'>συναχθέντων</span> <span class='ocrx_word' id='word_1_877' title='bbox 2654 5521 2775 5592; x_wconf 77' lang='grc' dir='ltr'>ὦδε,</span> <span class='ocrx_word' id='word_1_878' title='bbox 2814 5527 3156 5583; x_wconf 81' lang='grc' dir='ltr'>ἀπεδώκασιν</span> <span class='ocrx_word' id='word_1_879' title='bbox 3185 5531 3264 5601; x_wconf 83' lang='grc' dir='ltr'>τῷ</span> <span class='ocrx_word' id='word_1_880' title='bbox 3297 5532 3416 5604; x_wconf 80' lang='grc' dir='ltr'>Θεῷ</span> <span class='ocrx_word' id='word_1_881' title='bbox 3442 5532 3537 5587; x_wconf 71' lang='grc' dir='ltr'>ἐπὶ</span> 
     </span>
    </p>
   </div>
  </div>
 </body>
</html>
