3850 6517
253 420 360 474 277

924 415 1294 472 ADVERSUS
1333 417 1671 474 immistas
1708 418 1836 474 Lm.
1880 421 1919 474 t.
1963 420 2124 477 TOM.
2167 421 2205 476 1.
2247 455 2314 462 -—
2355 421 2626 481 HAERES.
2661 423 2782 482 XX.

3386 436 3504 494 278

256 530 565 604 σωματικὸν
598 529 964 600 πνευματικὸν
985 573 999 596 ,
1025 530 1086 584 τὸ
1126 531 1437 602 παχυμερὲς
1471 530 1820 602 λεπτομερὲς,
1853 537 1899 594 A
1930 532 2528 602 iuquam,divinitatem
2570 539 2909 595 consociavit
2933 558 2949 604 ;
2986 549 3045 598 ut
3079 551 3134 599 et
3163 561 3328 605 carne
3353 563 3501 607 con-

190 641 222 687 ss
255 628 312 681 τὸ
337 625 527 696 θνητὸν
563 624 849 690 ἀθάνατον,
886 621 959 694 μὴ
983 623 1222 694 ἐωρακὸς
1245 623 1379 688 ὅλως
1405 622 1720 693 διαφθορὰν,
1748 623 1821 693 μὴ

254 714 707 786 καταλειφθείσης
735 713 838 783 τῆς
872 712 1052 784 ψυχῆς
1094 715 1151 766 ἐν
1183 712 1281 784 ᾄδῃ
1302 753 1316 775 ,
1355 711 1428 783 μὴ
1476 711 1824 783 μερισθέντος

250 807 343 859 τοῦ
381 805 614 877 ὀργάνου
650 804 786 875 πρὸς
823 804 1113 875 ἁμαρτίαν.
1149 805 1221 874 μὴ
1247 803 1569 874 χρανθέντος
1606 802 1700 856 τοῦ
1730 802 1821 857 νοῦ

249 898 424 966 τροπῇ
451 935 465 957 ,
496 895 629 949 ἀλλὰ
656 897 723 948 τά
751 895 848 948 ὅλα
881 894 981 964 μὲν
1015 894 1300 967 ἀνθρώπου
1334 894 1510 948 λαὸὼν
1532 937 1546 960 ,
1583 894 1827 964 φυλάξας

251 987 304 1038 δὲ
338 987 434 1040 ὅλα
458 988 638 1040 τέλεια
679 985 1066 1047 ὲπιδεδωκυίας
1092 986 1189 1056 τῆς
1218 986 1470 1054 θεότητος
1495 989 1560 1057 τῇ
1597 985 1821 1058 ἀληθινῇ

254 1078 660 1147 ὲνανθρωπήσει
708 1077 844 1148 πρὸς
884 1077 984 1140 τὰς
1028 1076 1279 1144 εὐλόγους
1322 1078 1545 1148 χρείας,
1588 1078 1731 1148 λέγω
1757 1079 1822 1150 δὴ

253 1169 353 1231 τὰς
388 1170 450 1220 ὲκ
480 1165 726 1237 σώματός
762 1183 820 1218 τε
855 1166 948 1219 καὶ
974 1166 1182 1237 ψυχῆς,
1212 1169 1305 1220 καὶ
1333 1168 1398 1219 ὲκ
1423 1166 1514 1219 νοῦ
1548 1167 1822 1239 ἀνθρωπί·

255 1276 344 1311 νου
371 1256 802 1328 ἑπιζητουμὲνας
833 1257 929 1328 τὴν
956 1258 1347 1330 πληροφορίαν,
1386 1259 1633 1312 τουτέστι
1659 1259 1818 1334 πείνῃ

254 1352 346 1405 καὶ
381 1350 553 1421 δίψει,
586 1348 848 1420 κλαυθμῷ
875 1365 934 1401 τε
961 1350 1053 1402 καὶ
1086 1349 1293 1421 ἀθυμίᾳ
1313 1389 1327 1415 ,
1353 1349 1608 1421 δακρύσει
1633 1366 1695 1403 τε
1728 1350 1823 1404 καὶ

255 1442 407 1513 ῦπνῳ
434 1442 529 1496 καὶ
558 1440 882 1496 ἀναπαύσει.
926 1439 1110 1493 Ταῦτα
1148 1440 1258 1511 γὰρ
1288 1441 1386 1510 ούχ
1433 1440 1705 1511 ἁμαρτίας
1741 1435 1821 1493 εῖ-

252 1531 370 1597 δος,
419 1531 531 1585 ἀλλ’
578 1532 1037 1603 ὲνανθρωπησεως
1092 1531 1461 1603 ἀληθεστάτης
1511 1530 1819 1601 γνώρισμα,

256 1622 478 1695 ἀληθείᾳ
505 1623 605 1694 τῆς
636 1621 885 1693 θεότητος
915 1620 1181 1692 συνούσης
1211 1624 1275 1692 τῇ
1311 1621 1689 1693 ἀνθρωπότητι
1712 1658 1726 1684 ,
1756 1620 1819 1673 οὐ

253 1713 323 1767 τὰ
351 1713 665 1786 ἀνθρώπινα
699 1711 1030 1783 πασχούσης,
1065 1711 1201 1765 ἀλλὰ
1223 1713 1323 1782 τῆς
1350 1711 1603 1780 θεότητος
1632 1727 1822 1763 συνευ-

252 1805 512 1875 δοκούσης
549 1806 627 1868 είς
655 1804 722 1857 τὰ
758 1803 975 1872 εὔλογα,
1004 1804 1097 1857 καὶ
1123 1803 1192 1857 τὰ
1224 1803 1381 1867 ὲκτός
1414 1801 1689 1874 ἁμαρτίας
1726 1800 1820 1854 καὶ

251 1897 457 1969 τροπῆς
489 1895 943 1967 ἀπηγορευμένης
964 1913 976 1924 ·
1009 1895 1205 1966 ἀνέστη
1228 1936 1243 1961 ,
1274 1895 1368 1948 καὶ
1399 1893 1577 1967 θυρῶν
1603 1894 1814 1947 κεκλειν

251 1989 460 2060 σμένων
489 1987 752 2058 εἰσῆλθεν,
787 1988 875 2042 ἵνα
898 1987 958 2041 τὸ
987 1987 1299 2058 παχυμερὲς
1328 1987 1660 2058 λεπτομερὲς
1682 1986 1822 2040 ἀπο·

248 2076 393 2149 δείξῃ
415 2120 429 2143 ,
458 2078 591 2132 αὐτὸ
620 2079 680 2131 τὸ
707 2078 766 2131 ὃν
801 2079 898 2133 σὺν
932 2079 1095 2149 σαρκὶ
1123 2079 1222 2131 καὶ
1262 2077 1487 2141 ὀστέοις.
1517 2077 1674 2131 Μετὰ
1709 2075 1819 2148 γὰρ

247 2169 309 2222 τὸ
351 2168 633 2236 εἰσελθεῖν,
679 2169 846 2236 ἔδειξε
896 2172 1086 2241 χεῖρας
1113 2169 1205 2222 καὶ
1235 2168 1401 2232 πόδας
1443 2169 1536 2222 καὶ
1576 2167 1818 2239 πλευρὰν

247 2261 598 2332 νενυγμένην,
625 2261 784 2314 ὀστέα
814 2278 872 2314 τε
904 2262 995 2315 καὶ
1036 2260 1203 2332 νεῦρα
1223 2298 1237 2322 ,
1281 2260 1376 2313 καὶ
1404 2258 1571 2313 τᾶλλα
1590 2298 1605 2322 ,
1637 2258 1711 2322 ὡς
1742 2257 1817 2329 μὴ

247 2349 383 2406 εἶναι
407 2353 704 2422 φαντασίαν
730 2353 799 2405 τά
827 2353 1099 2423 ὁρώμενα.
1128 2350 1372 2415 Πίστεως
1396 2367 1455 2403 τε
1481 2350 1572 2404 καὶ
1600 2348 1817 2413 ἐλπίδος

246 2443 343 2513 τῆς
383 2442 654 2514 ἡμετέρας
681 2441 777 2512 τὴν
805 2442 1095 2513 ὑπόσχεσιν
1136 2442 1370 2497 ἐποιεῖτο
1410 2440 1476 2494 δι’
1507 2436 1699 2493 ἑαυτοῦ
1745 2436 1818 2491 τὰ

248 2532 343 2586 ὃλα
375 2533 614 2594 τελείως.
657 2534 765 2586 Καὶ
796 2532 1139 2596 συναλίζεται
1167 2533 1227 2586 ού
1255 2533 1496 2602 δοκήσει,
1525 2530 1660 2584 ἀλλά
1683 2529 1817 2601 ἀλη-

250 2621 399 2694 θείᾳ·
438 2620 703 2674 παιδεύων
751 2639 810 2674 τε
854 2621 1060 2684 ἐδίδαξε
1113 2621 1384 2691 βασιλείαν
1426 2619 1668 2691 οὐρανῶν
1715 2635 1816 2690 κη-

249 2713 467 2787 ρύσσειν
497 2715 553 2766 ἐν
579 2713 827 2784 ἀληθείᾳ,
878 2713 937 2765 τὸ
969 2713 1111 2782 μέγα
1142 2713 1235 2765 καὶ
1265 2709 1686 2781 κορυφαιότατον
1715 2725 1815 2781 ση-

247 2806 453 2876 μαίνων
474 2807 588 2868 τοῖς
618 2805 909 2876 μαθηταῖς,
948 2806 1042 2858 καὶ
1070 2803 1243 2873 λέγων
1262 2819 1276 2832 ·
1303 2803 1726 2869 Μαθητεύσατε
1746 2800 1818 2855 τὰ

243 2895 414 2963 ἔθνη·
446 2896 691 2948 τουτέστι
728 2894 1092 2965 μεταὸἀλλετε
1124 2894 1193 2948 τὰ
1221 2892 1348 2963 ἔθνη
1382 2892 1490 2946 ἀπὸ
1519 2891 1714 2956 κακίας
1736 2893 1817 2957 είς

245 2986 536 3059 ἀληθειαν,
575 2988 685 3041 ἀπὸ
725 2988 987 3061 αἱρέσεων
1031 2986 1112 3048 είς
1146 2985 1274 3055 μίαν
1305 2986 1553 3056 ἑνότητα.
1597 2985 1817 3041 Bm!-

243 3097 392 3135 σατε
418 3081 640 3146 αὐτοὺς
662 3083 748 3146 εἰς
770 3080 958 3149 ὄνομα
983 3077 1211 3145 Πατρός
1232 3077 1328 3131 καὶ
1356 3077 1492 3132 Υἱοῦ
1518 3077 1616 3131 καί
1641 3078 1816 3148 ἁγίου

1929 630 2081 676 stans
2125 632 2178 676 et
2224 622 2622 694 incorruptum,
2658 642 2981 698 corporeum
3019 630 3183 686 simul
3227 647 3294 688 ac
3322 636 3487 705 spiri-

1925 712 2093 778 tuate,
2123 722 2448 768 concretum
2495 728 2556 769 ac
2588 724 2771 780 tenue,
2820 722 3046 776 mortale
3078 722 3281 792 pariter
3325 732 3492 796 atque

1926 802 2232 858 immortale
2262 803 2391 858 illud
2422 812 2598 860 oeset:
2630 808 2772 875 quod
2802 810 2949 864 nulla
2978 814 3202 869 omnino
3228 816 3352 871 tabe
3373 814 3491 871 dis-

1927 895 2167 948 solutum
2200 892 2377 949 fuerat
2402 913 2415 960 ;
2449 912 2622 965 neque
2651 900 2771 967 ejus
2801 903 2982 956 anima
3014 906 3156 974 apud
3183 906 3389 964 inferos
3413 924 3495 964 re·

1925 983 2075 1046 licta,
2111 998 2209 1039 nec
2244 984 2421 1052 ipsum
2452 989 2596 1040 velut
2629 987 3053 1045 instrumentum
3075 995 3345 1063 quoddam
3393 995 3494 1052 ali·

1925 1088 2035 1145 qua
2063 1088 2129 1127 ex
2160 1083 2313 1145 parte
2344 1077 2551 1144 peccati
2583 1075 2635 1129 in
2665 1076 2983 1147 obsequium
3029 1079 3357 1149 impensum,
3388 1099 3490 1140 ne-

1925 1181 2032 1234 que
2069 1180 2223 1220 mens
2257 1164 2363 1218 ulla
2394 1175 2507 1220 erat
2546 1168 2600 1221 in
2648 1168 2893 1224 deterius
2931 1170 3234 1225 mutatione
3264 1172 3485 1240 polluta.

1929 1252 2036 1309 Sed
2085 1253 2157 1310 ita
2200 1255 2304 1311 sibi
2355 1256 2536 1310 omnia
2592 1273 2711 1327 quae
2764 1257 3041 1313 hominum
3091 1260 3309 1330 propria
3363 1269 3494 1317 sunt

1924 1345 2181 1407 adscivit,
2215 1345 2402 1401 eadem
2440 1358 2513 1403 ut·
2540 1348 2751 1419 integra
2779 1343 3040 1413 servaret,
3071 1367 3192 1420 quae
3220 1365 3359 1406 terae
3388 1352 3488 1418 illi,

1923 1451 2085 1505 quam
2112 1436 2216 1491 sibi
2242 1438 2653 1506 conciliaverat,
2675 1450 2884 1496 naturae
2903 1444 3245 1496 necessarios
3262 1442 3329 1496 ad
3357 1457 3495 1501 usus

1923 1526 2181 1582 divinitas
2224 1535 2600 1593 concesserat,
2631 1544 2767 1585 usus
2800 1530 3059 1585 nimirum
3110 1532 3250 1597 illos,
3296 1533 3392 1602 qui
3430 1539 3494 1593 ut

1922 1633 2047 1674 esse
2081 1620 2297 1687 penitus
2335 1622 2546 1692 possint
2587 1626 2781 1693 partim
2807 1624 3057 1692 corporis
3080 1632 3257 1694 egent,
3289 1623 3493 1694 partim

1921 1710 2112 1773 animi,
2159 1719 2321 1782 atque
2368 1713 2617 1768 bumauae
2665 1715 2865 1769 mentis
2896 1715 3270 1770 adminiculo:
3301 1713 3491 1783 cujus·

1922 1801 2071 1855 modi
2114 1810 2242 1857 suut
2275 1802 2467 1867 sames,
2498 1805 2639 1868 sitis,
2672 1803 2856 1870 ssetuS,
2896 1820 2961 1860 ac
3001 1806 3177 1872 dolor,
3215 1806 3504 1877 lacrymo.

1925 1908 2152 1949 somnus
2171 1910 2235 1950 ac
2255 1898 2495 1966 requieti.
2522 1895 2646 1952 llaee
2670 1899 2818 1952 enim
2839 1899 3019 1955 omnia
3045 1900 3193 1954 nulla
3215 1899 3492 1954 infuscata

1922 1985 2132 2054 peccati
2181 1986 2397 2053 specie,
2443 1997 2716 2058 susceptat
2753 1989 2935 2060 reipsa
2989 1998 3202 2045 naturae
3248 1989 3492 2045 hominis

1921 2084 2243 2146 argumenta
2276 2077 2583 2142 continent,
2612 2094 2719 2148 qua
2749 2095 2872 2135 cum
2905 2095 3031 2135 vere
3062 2081 3380 2136 consociata
3405 2079 3491 2135 di-

1921 2160 2124 2222 viuitas
2148 2168 2445 2222 humanum
2480 2176 2662 2226 tamen
2690 2171 2891 2241 patitur
2917 2172 3074 2236 nihil,
3114 2171 3329 2227 tametsi
3367 2185 3492 2241 quae

1922 2256 2119 2310 rationi
2171 2267 2538 2315 consentanea
2593 2259 2806 2328 serent,
2850 2268 2904 2317 et
2949 2265 3018 2316 ab
3062 2261 3209 2316 omni
3260 2261 3488 2331 scelere,

1919 2352 2085 2416 atque
2115 2348 2172 2401 in
2204 2348 2358 2419 pejus
2386 2351 2690 2405 mutatione
2720 2351 2910 2420 procul
2941 2357 3148 2415 essent,
3184 2349 3488 2407 admiserit.

1919 2435 2002 2489 Ad
2033 2436 2148 2491 baec
2176 2439 2444 2497 excitatus
2473 2453 2508 2494 a
2541 2447 2716 2496 morte
2743 2442 2994 2497 Christus
3024 2442 3266 2498 occlusis
3302 2442 3504 2512 januis*

1920 2526 2201 2599 ingressus
2227 2540 2332 2594 est,
2372 2532 2453 2585 uti
2480 2531 2625 2600 quod
2670 2532 2936 2589 hactenus
2978 2549 3226 2590 crassum
3260 2549 3492 2591 concre-

1918 2625 2144 2690 tumque
2182 2618 2356 2674 l‘uerat
2394 2636 2614 2690 corpus,
2659 2623 2850 2678 eadem
2876 2639 3001 2678 cum
3035 2638 3201 2679 carne
3240 2624 3491 2684 ossibus-

1916 2723 2024 2777 que
2071 2716 2231 2765 tenue
2264 2725 2328 2766 ac
2359 2713 2558 2768 subtile
2588 2728 2711 2768 esse
2736 2721 3087 2770 monstraret.
3121 2713 3316 2769 Statim
3344 2717 3506 2771 enim..

1919 2807 2088 2869 atque
2123 2801 2494 2873 introgressus
2524 2811 2609 2859 est
2640 2819 2838 2859 manus
2866 2819 2929 2858 ac
2966 2806 3150 2874 pedes,
3182 2815 3236 2860 et
3262 2804 3490 2860 consos-

1917 2905 2039 2945 sum
2088 2891 2233 2948 latus
2280 2908 2406 2947 cum
2454 2893 2677 2950 ossibus
2707 2908 2772 2948 ac
2808 2895 2990 2950 nervis
3041 2895 3316 2951 ostendit:
3353 2894 3492 2953 adeo

1917 2995 2039 3051 quae
2068 2991 2179 3035 tum
2214 2982 2540 3038 videbantur
2574 2984 2750 3040 solida
2780 2994 2957 3050 erant,
2991 3000 3092 3042 nec
3115 2986 3298 3054 speeie
3327 2991 3515 3042 tenus.-

1916 3075 2228 3130 exstabant.
2257 3076 2469 3142 Quibus
2492 3076 2654 3131 rebus
2679 3091 2868 3131 eorum
2898 3078 3165 3142 omnium,
3192 3092 3321 3146 quae-
3343 3076 3504 3142 ndei,

241 3174 618 3243 Πνεύματος·
654 3174 735 3237 εἰς
770 3173 869 3244 τὴν
897 3170 1181 3242 Κυριακὴν
1206 3170 1500 3240 ὀνομασίαν
1526 3170 1625 3240 τῆς
1649 3168 1816 3239 Τριά-
1841 3189 1883 3247 C
1918 3168 2143 3238 speique
2187 3177 2388 3222 nostrae
2432 3167 2539 3238 50
2582 3168 2862 3237 proposita
2908 3176 3058 3232 sunt,
3090 3169 3508 3238 promissorum·

241 3264 363 3333 δος,
391 3266 503 3338 την,
518 3267 683 3335 ἁγίαν
728 3266 822 3318 καὶ
862 3264 1142 3336 βασιλικὴν
1185 3263 1487 3336 σφραγῖδα·
1535 3263 1620 3315 ἵνα
1658 3260 1809 3332 δείξῃ
1916 3275 2014 3330 per
2042 3274 2163 3314 sese
2201 3259 2481 3314 veritatem
2514 3261 2730 3330 penitus
2756 3261 3099 3330 approbavit.
3137 3260 3334 3316 Postea
3377 3275 3510 3316 nou-

247 3354 313 3409 ὲκ
348 3354 446 3424 τοῦ,
467 3354 727 3426 ὀνόματος
769 3356 1032 3427 μηδεμίαν
1061 3354 1342 3408 ἀλλοίωσιν
1378 3349 1517 3406 εἶναι
1547 3352 1646 3422 τῆς
1681 3352 1811 3421 μιᾶς
1921 3350 2043 3404 (ieta
2077 3349 2338 3404 duntaxat
2369 3349 2626 3420 imagine,
2658 3351 2751 3405 sed
2787 3352 2967 3420 reipsa
2998 3367 3122 3405 cum
3159 3352 3278 3407 suis
3304 3353 3489 3422 epula·

245 3445 514 3516 ἑνότητός.
541 3445 714 3502 Ὅπου
745 3446 851 3518 γὰρ
879 3447 928 3499 οἱ
956 3445 1339 3515 βαπτιζόμενοι
1369 3442 1680 3497 κελεύονται
1717 3441 1809 3494 ὑπ’
1921 3451 2009 3497 tus
2038 3438 2257 3497 eosdem
2292 3441 2549 3503 instituit,
2590 3457 2654 3496 ac
2678 3442 2900 3499 coeleste
2939 3458 3164 3513 regnum
3194 3458 3318 3497 cum
3345 3442 3491 3498 veri·

241 3534 407 3589 αύτοῦ
440 3538 528 3601 είς
552 3537 740 3605 ὄνομα
777 3536 1023 3605 Πατρός,
1055 3537 1302 3606 ἀσφαλὴς
1330 3536 1363 3605 ἡ
1390 3533 1696 3601 δοξολογία·
1722 3532 1811 3596 εἰς
1917 3543 2024 3588 tate
2070 3533 2327 3588 nuntiare
2369 3531 2554 3586 docuit
2592 3551 2606 3588 ε
2667 3541 2781 3587 tum
2838 3547 2961 3588 cum
3015 3534 3312 3588 maximum
3356 3533 3491 3589 illud

238 3613 428 3696 ὄνομα
461 3626 618 3691 reos),
652 3628 753 3682 οὐκ
777 3627 1146 3699 ἀποδέοντοςή
1173 3626 1602 3696 {niumm-,stc
1626 3622 1814 3693 ὄνομα
1920 3623 2186 3693 longeque
2223 3624 2558 3694 praecipuum
2609 3640 2874 3680 arcanum
2918 3624 3206 3697 discipulis
3252 3626 3487 3699 aperuit.

238 3715 410 3786 ἁγίου
435 3719 806 3786 Πνεύματος,
831 3718 891 3772 ού
915 3718 1241 3791 διῃρημένος
1271 3719 1300 3769 ὀ
1329 3715 1626 3787 σύνδεσμος
1644 3755 1660 3781 ,
1686 3712 1812 3767 οὔτε
1917 3712 2324 3784 Docete‚inquit
2342 3715 2577 3778 ¹,omnes
2606 3725 2801 3786 qemes.
2829 3714 2944 3769 Hoc
2976 3725 3089 3771 est:
3121 3717 3202 3772 Ab
3226 3717 3491 3788 improbi·

241 3806 748 3879 ἀπηλλοτριωμένος
773 3810 870 3879 τῆς
899 3812 1027 3880 μιᾶς
1057 3808 1306 3877 θεότητος
1341 3807 1478 3876 ἔχων
1508 3807 1607 3877 τὴν
1640 3820 1813 3875 σφρα-
1918 3811 2032 3859 tate
2061 3803 2182 3860 illas
2210 3803 2277 3858 ad
2308 3791 2589 3862 veritatem
2613 3823 2629 3871 ;
2663 3806 2730 3860 ab
2760 3806 2923 3861 sectis
2950 3805 3117 3862 variis
3147 3807 3214 3861 ad
3238 3808 3487 3877 ejusdem

239 3900 381 3963 γῖδα.
1915 3893 2190 3964 dogmatis
2229 3897 2669 3951 communionem
2720 3896 3009 3953 traducite.
3070 3899 3347 3966 Baptizate
3398 3915 3503 3956 eos.

240 3993 539 4049 innomine
574 3991 778 4058 Patris,
834 3999 882 4046 et
931 3990 1084 4054 Filii,
1159 3999 1208 4044 et
1262 3987 1492 4058 Spiritus
1553 3988 1759 4052 sanem
1817 3985 2076 4042 nimirum
2127 3987 2182 4041 in
2240 3986 2520 4043 Dominica
2566 3988 2851 4046 Trinitatis
2905 3991 3284 4062 appellatione,
3340 3979 3500 4064 quod
3579 4002 3592 4011 '·

243 4086 421 4158 ipsum
451 4094 857 4140 sacrosanctum
896 4092 999 4149 est,
1050 4099 1112 4140 ac
1149 4084 1358 4156 regium
1401 4084 1656 4153 signum;
1703 4097 1811 4153 quo
1850 4084 1934 4138 vel
1987 4083 2107 4152 ipso
2155 4083 2378 4139 nomine
2414 4084 2768 4156 signiticaret,
2812 4086 2947 4142 nihil
2995 4101 3118 4141 esse
3168 4084 3240 4140 ab
3282 4085 3492 4140 unitate

239 4179 540 4233 diversum.
587 4177 724 4231 Cum
759 4178 900 4232 enim
950 4178 1213 4249 baptizari
1260 4178 1508 4233 homines
1546 4176 1701 4247 jubet
1745 4177 1802 4230 in
1864 4177 2073 4231 nomine
2102 4173 2308 4240 Patris.
2337 4178 2490 4233 firma
2529 4193 2593 4234 ae
2625 4178 2837 4234 stabilis
2886 4186 2970 4238 est
2995 4178 3181 4250 gloriae
3226 4176 3491 4248 praedi'ca·

240 4268 340 4323 tio.
390 4266 546 4334 Quod
593 4282 723 4322 vero
765 4268 983 4323 additur
1041 4271 1093 4324 in
1133 4267 1537 4336 nemineFitii,
1605 4269 1754 4326 nulla
1793 4283 1854 4324 re
1907 4268 2056 4324 bunc
2096 4284 2127 4323 a
2179 4279 2406 4340 paterna
2446 4269 2710 4339 dignitate
2748 4267 2980 4324 deficere
3025 4267 3315 4340 appellatio
3363 4266 3485 4339 ipsa

245 4362 503 4416 declarat.
538 4362 822 4418 Postremo
856 4363 923 4418 iis
961 4363 1015 4418 in
1044 4365 1246 4428 verbis,
1278 4367 1334 4420 in
1377 4367 1586 4421 nomine
1631 4363 1865 4434 Spititus
1915 4363 2125 4429 sancti,
2176 4362 2327 4418 nulla
2371 4369 2456 4420 est
2499 4362 2904 4436 conjunctionis
2958 4361 3191 4425 divisio,
3246 4359 3488 4416 varietas

244 4456 420 4521 nulla;
453 4456 545 4511 sed
590 4457 752 4510 unius
797 4454 1099 4512 divinitatis
1141 4459 1292 4513 velut
1338 4459 1555 4531 signum
1595 4461 1979 4529 repraesentat.

313 4547 386 4599 Δ·.
429 4547 537 4600 Καὶ
568 4546 843 4618 ἀνελήφθη
898 4550 975 4612 εις
1019 4549 1247 4621 οὐρανὸν
1288 4553 1346 4605 ὲν
1385 4550 1537 4622 αὐτῷ
1576 4551 1657 4621 τῷ
1705 4550 1813 4606 σώ-
1842 4553 1885 4608 n
1988 4543 2077 4600 lv.
2108 4541 2352 4614 Denique
2393 4544 2583 4601 eodem
2611 4559 2735 4600 cum
2768 4558 3002 4616 corpore
3031 4552 3087 4601 et
3117 4543 3296 4600 anima
3330 4559 3486 4601 men·

248 4654 409 4710 ματι,
444 4639 539 4690 καὶ
565 4640 629 4707 τῇ
661 4637 806 4708 ψυχῇ
830 4677 844 4699 ,
880 4638 973 4691 καὶ
1002 4639 1081 4710 τῷ
1112 4639 1209 4709 νῷ,
1234 4640 1543 4704 συνενώσας
1568 4642 1646 4704 είς
1682 4641 1811 4711 μίαν
1914 4643 2080 4706 teque
2136 4634 2203 4691 ad
2253 4650 2480 4704 superos
2521 4643 2744 4691 evectus
2792 4645 2898 4700 est,
2951 4637 3216 4691 omnibus
3271 4635 3379 4690 illis
3426 4635 3484 4691 in

248 4726 470 4798 ἰνότητα
507 4726 600 4779 καὶ
644 4728 773 4796 μίαν
815 4729 1190 4800 πνευματικὴν
1227 4729 1545 4787 ὑπόστασιν.
1580 4730 1690 4785 Καὶ
1727 4729 1813 4785 ἔν·
1917 4742 2086 4781 unum
2121 4725 2394 4791 conflatis,
2430 4734 2594 4795 atque
2628 4726 2681 4780 in
2709 4726 2953 4781 eamdem
2986 4726 3328 4797 spiritualem
3357 4739 3486 4795 pet·-

239 4819 362 4874 θεον
409 4815 770 4880 ἀποτελέσας,
821 4815 1071 4871 ἐκάθισεν
1119 4819 1179 4870 ὲν
1229 4818 1377 4890 δεξιᾷ
1426 4817 1518 4872 τοῦ
1566 4820 1810 4891 Πατρὸς,

248 4907 463 4978 πέμψας
506 4908 752 4976 κήρυκας
784 4909 861 4971 είς
896 4907 1025 4978 ὃλην
1058 4909 1159 4980 τὴν
1201 4909 1546 4980 οἰκουμένην,
1593 4911 1812 4982 Σίμωνα

247 4995 480 5068 Πέτρον,
519 4995 613 5048 καὶ
662 4995 914 5066 Ἀνδρέαν
941 4996 1034 5048 τὸν
1058 4996 1284 5065 ἀδελφὸν
1316 4996 1515 5059 αὐτοῦ,
1558 4997 1814 5051 Ἰάκωὸον

235 5087 335 5144 καὶ
372 5087 625 5157 Ἰωάννην
657 5086 780 5149 τοὺς
810 5087 956 5150 υἱοὺς
986 5087 1289 5153 Ζε6εδαίου,
1320 5088 1413 5152 οὒς
1442 5086 1608 5142 πάλαι
1633 5087 1813 5153 ὲξελέ·

245 5175 401 5241 ξατο·
429 5177 694 5230 Φίλιππον
740 5177 834 5230 καὶ
880 5176 1314 5248 Βαρθολομαῖον,
1345 5177 1653 5245 Ματθαῖον,
1692 5177 1811 5231 Otu-

246 5266 352 5335 μᾶν
385 5282 444 5319 τε
485 5266 578 5319 καὶ
620 5265 847 5331 Ἰούδαν,
896 5266 989 5319 καὶ
1018 5266 1306 5333 Θαδδαῖον,
1342 5267 1560 5337 Σίμωνα
1590 5267 1681 5320 τὸν
1707 5269 1814 5339 Ζη-

238 5355 437 5425 λωτὴν.
475 5355 675 5420 Ἰούδας
703 5356 813 5429 γὰρ
841 5360 869 5411 ό
911 5356 1261 5430 Ἰσκαριώτης
1280 5395 1295 5421 ,
1327 5358 1375 5410 εί
1409 5356 1503 5411 καὶ
1536 5355 1728 5427 πρώην
1756 5358 1814 5411 ὲν

239 5449 355 5510 τοῖς
382 5445 587 5502 δώδεκα
616 5447 927 5519 ἐψηφίζετο,
957 5450 1216 5522 προδότης
1234 5449 1538 5521 γενόμενος,
1568 5451 1810 5522 ἀπετμή·

246 5533 313 5606 θη
350 5534 442 5588 τοῦ
482 5537 633 5606 ἁγίου
673 5538 782 5591 τῶν
811 5539 1120 5592 ἀποστόλων
1151 5539 1474 5608 καταλόγου.
1506 5539 1816 5594 Ἀπέστειλε

243 5623 306 5679 δὲ
337 5625 431 5678 καὶΙ
461 5625 650 5690 ἄλλους
679 5627 1143 5699 ὲόδομηκονταδύο
1174 5629 1482 5700 κηρύττειν,
1506 5628 1566 5697 ἐξ
1581 5623 1656 5687 ὧν
1676 5627 1818 5704 ἦσαν

325 5798 340 5830 ⁸
371 5795 560 5852 Manu.
597 5812 788 5870 xxvm,
818 5800 903 5856 19.

1918 4833 2109 4874 sonam
2154 4818 2645 4880 concurrentibus,
2694 4816 3004 4887 divinisque
3053 4816 3301 4871 redditis.
3353 4816 3486 4873 inde

1919 4924 2048 4964 mox
2079 4917 2140 4962 ut
2177 4907 2242 4963 ad
2288 4907 2464 4963 Patris
2518 4908 2762 4962 dextram
2806 4908 3076 4973 consedit,
3118 4922 3398 4979 praicones
3426 4910 3486 4967 in

1916 5001 2235 5057 universum
2285 5001 2474 5056 orbem
2520 5001 2750 5066 dimisit,
2805 4997 3085 5056 Situonem
3133 4999 3377 5067 Petrum,
3428 5010 3487 5059 et

1911 5091 2186 5147 Andream
2220 5091 2341 5161 ejus
2371 5090 2619 5158 fratrem,
2648 5090 2913 5147 ,iacobum
2937 5100 2991 5146 et
3023 5088 3287 5146 loannem
3319 5090 3487 5150 Zebe-

1910 5182 2014 5238 daei
2052 5183 2215 5246 illios,
2244 5198 2384 5253 quos
2426 5183 2556 5237 olim
2598 5182 2890 5251 delegerat,
2921 5180 3233 5251 Philippum
3262 5191 3317 5239 et
3345 5183 3483 5241 Bar-

1916 5276 2289 5340 tholoniaeum‚
2329 5273 2662 5339 Mattliaeum,
2706 5271 2993 5339 Thomam,
3042 5282 3097 5329 et
3148 5272 3367 5342 ludam,
3418 5293 3483 5334 ac

1914 5364 2267 5432 Thaddaeum‚
2310 5381 2374 5421 ac
2423 5364 2698 5421 Simonem
2744 5363 2999 5420 zeloten:
3042 5381 3165 5421 nam
3196 5366 3483 5425 iscariotes

1915 5454 2086 5511 Judas
2119 5457 2222 5512 etsi
2250 5457 2513 5511 hactenus
2538 5455 2603 5510 ad
2625 5468 2699 5508 xu
2726 5454 3003 5525 ascriptus
3036 5456 3233 5522 suerat,
3261 5467 3481 5529 postea-

1913 5561 2076 5616 quam
2110 5547 2439 5618 proditorem
2463 5560 2522 5602 se
2547 5545 2696 5611 fecit,
2715 5546 2784 5601 ab
2799 5562 2956 5604 sacro
2975 5551 3345 5620 apostolorum
3375 5565 3479 5606 nu·

1913 5654 2065 5697 mero
2084 5648 2170 5697 cst
2196 5646 2519 5709 expunctus.
2542 5638 2743 5698 Praeter
2766 5641 2886 5713 hos,
2914 5658 3059 5699 txxu
3087 5645 3222 5700 alios
3241 5643 3307 5698 ad
3335 5658 3486 5698 eant·
