3850 6517
299 469 395 522 tm

1303 458 1364 510 S.
1402 454 1743 508 El'll’llAMl
1786 452 1969 506 Ac'ta
1998 446 2504 501 BubbAhutANA.

3443 442 3553 494 tm

299 591 431 641 tutis
470 584 679 638 viribus
743 587 1061 634 monentem
1118 578 1379 641 sentiret;
1427 574 1646 630 concito
1700 587 1865 627 cursu
1897 576 1944 632 Α
1973 570 2309 625 munionem.
2348 567 2580 638 Scripsit
2635 566 2820 636 itaque
2878 565 2946 620 tle
2996 562 3082 618 his
3124 558 3543 633 archiepiscopo

299 680 613 750 episcopum
658 682 965 732 assecutus,
1024 669 1267 724 fraudem
1321 666 1606 720 amborum
1656 647 1874 717 conses-

304 786 418 834 suS,
439 769 767 837 ploransque
786 774 841 818 et
864 763 1045 817 crines
1068 759 1329 815 vellicans
1362 756 1573 816 orabat,
1600 763 1661 808 ut
1687 753 1873 809 socius

303 860 369 914 ad
405 859 570 911 vitam
599 862 969 911 revocaretur.
1001 850 1202 905 Verum
1232 847 1567 918 Epiphanius
1596 846 1870 899 hominem

304 950 529 1012 dimisit,
560 951 810 1002 hortatus
842 954 902 998 ut
939 944 990 998 id
1022 941 1167 1011 quod
1199 940 1471 994 acciderat
1502 953 1660 1007 aequu
1687 937 1874 991 animo

306 1042 511 1096 terret:
551 1055 658 1093 non
696 1039 839 1092 enim
891 1035 1187 1090 dissolvere
1223 1032 1391 1085 voluit
1446 1028 1589 1085 Deus
1638 1029 1689 1082 id
1729 1026 1886 1104 quod

308 1135 506 1188 sactum
538 1131 734 1198 luerat,
780 1128 1107 1199 persuadere
1142 1126 1368 1179 omniuo
1408 1123 1593 1177 voleus
1638 1120 1875 1175 homiui-

305 1226 427 1289 bus,
457 1239 553 1278 eos
574 1223 662 1293 qui
694 1237 752 1276 se
788 1222 923 1275 tales
958 1219 1196 1290 praebent
1228 1232 1355 1287 erga
1404 1214 1639 1268 famulos
1681 1214 1875 1282 ipsius»,

307 1316 407 1385 ipsi
440 1314 530 1382 qui
554 1312 735 1367 onmia
766 1312 1007 1365 auditae
1042 1308 1187 1362 videt
1214 1306 1457 1361 l'raudcm
1495 1315 1730 1360 struere.
1784 1320 1802 1353 ι

376 1404 466 1460 26.
523 1402 823 1472 Prophetiae
857 1414 1019 1469 porro
1061 1398 1264 1452 donum
1308 1396 1362 1450 in
1410 1393 1733 1463 Epiphanio,
1769 1406 1879 1461 quo

307 1494 521 1549 occulta
550 1500 605 1546 et
631 1504 831 1544 arcana
866 1488 1145 1557 pervidere
1173 1485 1437 1539 divinitus
1468 1486 1515 1538 ei
1540 1498 1683 1551 saepe
1712 1483 1881 1536 daba-

310 1595 419 1647 tur,
455 1584 657 1637 indicat
690 1582 776 1634 illa
815 1579 1137 1647 significatio
1181 1593 1325 1631 verte
1367 1576 1561 1630 mortis
1600 1575 1741 1643 ejus,
1785 1574 1879 1643 qni

307 1690 428 1728 eam
463 1671 721 1728 simulare
742 1672 1008 1725 duntaxat
1030 1668 1357 1723 credebatur
1395 1682 1425 1720 a
1457 1666 1626 1731 socio,
1672 1681 1796 1720 eum
1832 1665 1879 1719 ei

308 1766 475 1819 dixit:
508 1782 527 1815 e
572 1762 756 1831 Neque
799 1761 941 1816 euim
991 1760 1045 1813 in
1085 1758 1337 1829 praesenti
1375 1764 1642 1826 resurget.
1684 1774 1702 1807 ι
1736 1757 1880 1809 Idem

308 1859 512 1911 donum
547 1854 726 1923 primo
775 1869 840 1907 ex
881 1852 1161 1907 communi
1200 1849 1364 1913 lania,
1418 1850 1614 1903 deinde
1665 1847 1881 1918 propria

309 1948 640 2017 experientia
680 1953 1020 2016 agnoverunt
1047 1945 1160 1998 duo
1199 1943 1299 2005 itu,
1323 1943 1390 1998 de
1421 1941 1622 2012 quihus
1642 1942 1884 1996 narravit
1918 1938 1957 1991 B

313 2056 474 2095 senex
495 2040 715 2107 quidam
750 2038 802 2090 iu
843 2034 972 2089 Vitis
1003 2034 1248 2097 Pati-um,
1274 2035 1457 2089 libello
1488 2049 1575 2096 xv,
1606 2049 1757 2088 niun.
1792 2032 1882 2098 88,

314 2131 604 2199 inter-piete
635 2129 868 2198 Pelagio,
897 2127 981 2181 uis
1010 2127 1189 2183 verbis
1223 2145 1236 2179 :
1273 2143 1293 2176 ι
1334 2124 1448 2179 Duo
1480 2125 1701 2195 quidam
1730 2132 1888 2178 eraut

311 2221 600 2276 saeculares
631 2218 900 2287 religiosi3
930 2227 984 2271 et
1005 2207 1384 2287 ‘colloquentes
1431 2232 1642 2281 seeum,
1678 2213 1885 2285 egressi

314 2323 463 2373 sunt,
494 2322 548 2365 et
580 2310 859 2364 lactisuut
902 2307 1176 2362 monaehi.
1224 2305 1653 2361 AEiuulationem
1702 2314 1884 2359 autem

314 2402 578 2456 hahentes
629 2400 780 2454 vocis
839 2399 1195 2468 evangelieae,
1250 2398 1344 2451 sed
1401 2412 1509 2450 non
1582 2396 1885 2451 secundum

315 2493 626 2554 scientiam,
678 2499 1059 2545 castraverunt
1110 2504 1170 2544 se
1224 2488 1383 2559 quasi
1438 2496 1662 2557 propter
1723 2502 1887 2558 regna

312 2584 606 2640 emiorum.
657 2581 902 2636 Audiens
947 2589 1131 2635 autem
1182 2577 1628 2648 archiepiscopus
1672 2591 1891 2631 exeom-

319 2674 618 2730 munieavit
647 2689 763 2729 eos.
798 2671 876 2727 llli
926 2683 1128 2736 autem,
1173 2678 1428 2740 putantes
1460 2670 1589 2739 quia
1630 2669 1767 2725 hene
1813 2666 1892 2723 le-

320 2766 545 2826 eissent,
580 2764 845 2833 indignati
878 2772 1007 2817 sunt
1047 2770 1239 2815 eontra
1277 2774 1425 2823 eum,
1456 2758 1699 2813 diceutes
1736 2756 1891 2813 :Nos

324 2865 540 2925 propter
572 2870 733 2923 regna
759 2854 1025 2909 eoelorum
1056 2851 1419 2906 castravimus
1448 2865 1569 2916 nos,
1604 2858 1658 2906 et
1682 2849 1770 2904 hie
1797 2866 1893 2905 ex·

322 2945 746 3001 communicavit
771 2945 907 2999 uos?
943 2942 1145 2997 Eamus
1169 2952 1224 2996 et
1254 2940 1662 3009 interpellemus
1692 2939 1892 2994 adver-

324 3051 421 3090 sus
490 3051 613 3090 eum
694 3032 1313 3103 llierosolymitanorum
1391 3029 1885 3098 arehiepiscopum.

322 3128 598 3182 Abeuntes
631 3140 760 3199 ergo
785 3126 1162 3179 indicaverunt
1190 3124 1240 3177 ei
1286 3122 1493 3175 omnia.
1531 3120 1597 3175 Et
1635 3121 1770 3175 dixit
1812 3120 1895 3174 eis

323 3220 769 3287 archiepiscopus
802 3214 1326 3285 Hierosoiymitauus
1366 3211 1472 3268 :Et
1516 3228 1617 3282 ego
1662 3227 1762 3267 vos
1799 3228 1894 3266 ex-

325 3310 690 3365 communico.
721 3306 799 3360 Ex
825 3322 935 3376 quo
969 3306 1165 3359 iterum
1206 3303 1516 3359 contristati
1555 3303 1808 3357 abierunt
1841 3304 1895 3356 in
1923 3285 1967 3343 C

327 3400 668 3453 Antiochiam
700 3400 768 3452 ad
810 3397 1308 3465 arehiepiscopum,
1334 3404 1389 3449 et
1415 3395 1670 3449 dixerunt
1706 3394 1756 3445 ei
1787 3407 1900 3445 om-

331 3494 418 3546 nia
442 3507 562 3559 quae
588 3490 728 3543 laeta
759 3487 973 3542 fueraut
1012 3488 1157 3541 eirca
1198 3502 1287 3553 se;
1319 3496 1375 3540 et
1404 3486 1496 3540 ille
1527 3486 1780 3539 similiter
1805 3499 1902 3536 ex-

330 3579 753 3632 communicavit
775 3592 893 3631 eos.
926 3576 991 3629 Et
1019 3576 1277 3629 dixerunt
1304 3576 1370 3629 ad
1398 3577 1607 3647 seipsos
1642 3594 1656 3628 ε
1698 3573 1900 3627 Eamus

332 3666 561 3722 llomam
593 3668 658 3721 ad
690 3668 1083 3736 patriarcham,
1111 3675 1167 3720 et
1197 3667 1310 3734 ipse
1356 3681 1455 3720 uos
1495 3665 1790 3719 vindicabit
1833 3663 1901 3717 de

332 3760 588 3814 omuibus
615 3759 754 3813 istis·
785 3750 1053 3811 Ahie'iunt
1079 3772 1210 3826 ergo
1236 3756 1302 3812 ad
1330 3755 1606 3812 sufnmum
1642 3742 1905 3826 arehiepi-

334 3865 557 3921 scopum
593 3848 851 3904 Romanae
883 3848 1144 3914 civitatis,
1171 3856 1226 3903 et
1264 3858 1655 3920 suggesseruut
1686 3849 1735 3905 ei
1781 3863 1904 3917 qnae

335 3942 575 3996 t'eeerant
602 3942 682 3995 eis
712 3941 996 3995 memorati
1029 3940 1446 4009 archiepiscopi,
1479 3942 1721 3995 diceutes
1755 3960 1767 3995 :
1799 3938 1903 3993 Ve-

337 4034 517 4087 nimus
541 4032 608 4085 ad
646 4041 717 4093 te,
761 4032 889 4100 quia
920 4039 977 4084 tu
1018 4046 1080 4086 es
1123 4041 1286 4101 eaput
1320 4030 1590 4086 omnium.
1632 4029 1772 4085 Dicit
1807 4045 1906 4085 au·-

341 4135 444 4176 tem
471 4130 525 4176 et
541 4122 621 4176 eis
654 4121 769 4191 ipse
797 4142 809 4175 :
839 4121 950 4191 Ego
995 4137 1089 4175 vos
1116 4120 1532 4176 excommunico
1561 4127 1615 4174 et
1642 4119 1907 4189 segregati

338 4212 490 4264 estis.

409 4300 499 4354 27.
550 4317 570 4351 ι
598 4298 1094 4355 Tunedel’ecerunt
1117 4298 1574 4355 exeommunicati
1618 4299 1784 4353 totius
1817 4313 1907 4352 ra-

343 4393 507 4448 tionis
530 4401 581 4447 et
610 4393 864 4447 dixerunt
896 4392 963 4446 ad
998 4392 1319 4461 semetipsos
1352 4406 1365 4441 ε
1392 4387 1482 4446 lsti
1532 4391 1772 4461 episcopi
1807 4390 1909 4445 sibi

348 4483 575 4537 invicem
603 4481 855 4536 deserunt
894 4490 947 4535 et
979 4482 1350 4545 consentiunt,
1399 4491 1620 4551 propter
1664 4480 1811 4552 quod
1857 4480 1909 4534 in

346 4574 568 4645 synodis
597 4583 1029 4644 congregantur3
1061 4574 1155 4629 sed
1202 4588 1394 4628 eamus
1441 4575 1507 4627 ad
1553 4573 1703 4627 illum
1733 4573 1909 4627 virum

348 4665 440 4719 Dei
496 4665 553 4719 S.
619 4663 1013 4736 Epiphaniam,
1065 4665 1531 4734 archiepiscopum
1581 4664 1649 4719 de
1706 4662 1907 4733 Cypro,

347 4760 475 4826 «pua
502 4758 760 4827 propheta
790 4766 894 4821 est,
919 4767 974 4811 et
1008 4771 1295 4825 personam
1326 4756 1563 4810 hominis
1604 4769 1711 4809 non
1765 4757 1911 4811 acei-

349 4858 446 4915 pu.
496 4847 634 4900 Cum
693 4853 874 4899 autem
931 4846 1423 4915 appropinquarent
1482 4844 1715 4899 civitatis
1769 4843 1910 4912 ejus,

349 4938 646 4992 revelatum
666 4948 751 4993 est
781 4937 829 4991 ei
856 4938 923 4992 de
953 4939 1085 5006 ipsis
1119 4957 1131 4993 :
1162 4949 1218 4993 et
1262 4939 1485 4994 mittens
1526 4938 1580 4992 in
1616 4952 1909 4994 occursum

350 5042 541 5081 eorum
578 5027 714 5081 dixit
745 5048 759 5082 :
788 5023 865 5081 Ne
900 5025 1112 5081 intretis
1146 5027 1200 5081 in
1230 5028 1503 5082 civitatem
1549 5028 1729 5083 istam.
1757 5026 1913 5083 Titne

354 5121 426 5174 ini
452 5120 503 5173 iu
536 5136 594 5175 se
630 5120 851 5183 reversi,
882 5120 1137 5174 dixerunt
1166 5139 1178 5174 ε
1210 5119 1315 5176 Pro
1344 5122 1567 5176 veritate
1598 5137 1699 5175 nos
1727 5122 1913 5191 eulpa-

351 5213 488 5268 biles
525 5229 736 5281 sumus,
772 5225 831 5269 ut
869 5213 996 5284 quid
1021 5228 1152 5284 ergo
1181 5229 1282 5270 uos
1320 5214 1468 5283 ipsos
1496 5215 1911 5283 justificamus?

357 5401 503 5456 runt,
533 5398 775 5464 nunquid
796 5408 851 5451 et
872 5397 973 5453 iste
1002 5398 1297 5470 propheta?
1321 5414 1446 5453 ecee
1476 5400 1621 5454 euim
1652 5401 1794 5457 Dens
1834 5418 1912 5457 re·

361 5487 549 5540 velavit
568 5486 641 5540 illi
673 5489 740 5541 de
766 5489 941 5545 nobis.
968 5489 1035 5545 Et
1072 5493 1535 5561 reprehenderunt
1588 5497 1914 5565 semetipsos

364 5578 511 5632 valae
548 5578 614 5632 de
647 5579 800 5647 eulpa
850 5596 1013 5649 quam
1065 5583 1325 5639 fecerunt.
1383 5582 1537 5639 Tune
1575 5586 1767 5640 videus
1815 5588 1910 5651 qui

359 5668 522 5721 corda
552 5669 719 5733 novit,
749 5669 874 5738 quia
910 5685 1008 5738 pro
1055 5670 1281 5725 veritate
1326 5688 1387 5729 se
1428 5675 1726 5744 culpabiles
1772 5652 1919 5730 lece·

360 5767 503 5820 rant,
519 5761 771 5814 revelavit
802 5763 1056 5833 episeopo
1087 5763 1429 5835 Epipltauio;
1471 5777 1528 5821 et
1576 5768 1718 5822 ultro
1767 5769 1918 5823 misit

360 5860 412 5903 et
453 5849 677 5907 adduxit
704 5867 817 5914 cos,
849 5862 904 5907 et
928 5861 1239 5911 consolatus
1264 5870 1361 5912 eos
1397 5859 1635 5929 suscepit
1676 5860 1731 5913 in
1766 5873 1917 5915 com·

1982 664 2322 718 Alexandriae
2354 660 2541 715 dicens
2578 679 2590 713 ε
2622 658 2852 727 Suscipe
2896 656 3035 710 tilios
3090 664 3234 719 tuos,
3288 654 3552 723 quoniam

1983 757 2038 810 in
2065 755 2291 810 veritate
2320 753 2693 823 poenitentiam
2723 759 2971 821 egerunt,
3020 755 3074 802 et
3114 746 3322 801 addidit
3362 760 3556 813 senex,

1983 848 2077 918 qui
2123 847 2228 902 hoe
2270 844 2575 915 exemplum
2631 850 2970 901 narraverat,
3023 839 3210 892 diceus
3245 853 3261 891 ι
3295 827 3422 892 Hae'e
3473 847 3560 893 est
3632 867 3643 881 ·

1985 940 2190 994 sanitas
2221 936 2477 999 hominiS,
2497 942 2552 989 et
2578 935 2679 988 hoe
2699 942 2782 986 est
2807 930 2954 1002 quod
2982 927 3275 995 vultDeus,
3301 937 3361 982 ut
3388 930 3558 984 homo

1985 1030 2200 1100 culpam
2235 1043 2390 1083 suam
2417 1025 2666 1096 projiciat
2702 1032 2827 1078 aute
2861 1022 3051 1076 Deum.
3103 1038 3121 1071 ι

2054 1122 2142 1176 28.
2172 1120 2266 1175 llis
2291 1120 2521 1189 aliisque
2558 1117 2938 1188 spiritualibus
2960 1115 3149 1186 gratiis
3179 1129 3293 1169 aevo
3335 1128 3438 1169 sno
3468 1129 3560 1170 ce-

1987 1216 2152 1269 lebris
2191 1212 2547 1283 Epiphanius,
2571 1209 2666 1264 toti
2701 1210 2954 1284 deinceps
2979 1208 3280 1277 posteritati
3322 1206 3561 1261 innotuit

1987 1305 2382 1377 seriptislihris
2415 1318 2648 1374 quorum
2691 1303 2901 1371 ptimus
2949 1299 3052 1355 suit
3094 1315 3253 1370 quem
3284 1297 3560 1369 appellant

1987 1399 2343 1460 Ancoratum,
2393 1404 2675 1467 propterea
2729 1392 2874 1463 quod
2923 1394 3184 1457 animum,
3238 1389 3306 1446 de
3354 1390 3466 1444 vita
3495 1404 3562 1445 ae

1988 1492 2163 1546 salute
2200 1488 2514 1552 sollicitum,
2552 1488 2728 1542 instar
2769 1501 2984 1541 aucorae
3030 1485 3230 1539 llrmat.
3261 1483 3389 1553 Ejus
3420 1483 3562 1538 scri-

1989 1581 2148 1637 bendi
2178 1580 2302 1635 data
2328 1579 2429 1648 ipsi
2450 1579 2670 1634 occasio
2691 1586 2773 1652 est
2804 1593 2906 1649 per
2932 1596 2950 1629 ι
2979 1576 3262 1648 epistolam
3297 1573 3560 1645 scriptam

1989 1688 2021 1728 e
2060 1671 2381 1742 pamphilia,
2406 1658 2471 1725 ex
2504 1669 2704 1740 oppido
2734 1667 2958 1724 Sucdrls
2991 1684 3021 1721 a
3055 1666 3306 1731 Tarsino,
3335 1663 3564 1720 Haditio

1990 1775 2044 1820 et
2095 1764 2216 1818 aliis
2258 1761 2587 1833 preshyteris
2631 1774 2776 1815 anno
2819 1759 2890 1815 90
2942 1759 3278 1824 Diocletiani,
3320 1753 3566 1812 Valentis

1994 1870 2170 1911 rerox
2207 1864 2260 1909 et
2284 1853 2527 1910 Gratiani
2553 1868 2627 1913 vt,
2670 1872 2689 1903 ι
2722 1853 2814 1924 qui
2850 1851 2952 1906 suit
2988 1849 3192 1906 Christi
3223 1848 3349 1905 573.
3382 1847 3564 1919 Ipsam

1985 1948 2271 2018 epistolam
2307 1955 2435 2002 aute
2464 1960 2603 2015 opus
2635 1946 2821 2002 videre
2865 1956 2969 2012 est,
3010 1959 3118 1999 una
3159 1958 3284 1999 eum
3328 1942 3561 2013 epistola

1984 2039 2211 2095 Palladii
2249 2038 2556 2108 cujusdam,
2584 2048 2643 2093 ut
2669 2054 2736 2093 ex
2766 2037 3028 2109 rescripto
3044 2043 3266 2107 apparet
3287 2036 3564 2102 monaehi,

1984 2133 2082 2203 τῆς
2125 2131 2294 2201 αὐτῆς
2353 2129 2561 2194 πόλεως
2606 2130 2880 2202 Συνέδρων
2916 2128 3353 2200 πολιτευομένου,
3412 2127 3561 2200 quod

1988 2226 2203 2279 mallem
2240 2241 2256 2273 ι
2305 2223 2358 2277 in
2405 2223 2596 2278 eadem
2643 2220 2978 2276 Sucdrorum
3023 2220 3157 2275 urbe
3196 2220 3562 2286 habitantem,

1985 2330 2151 2386 quam
2185 2312 2318 2368 inihi
2355 2313 2681 2383 magistratu
2717 2313 2903 2384 aliquo
2938 2310 3282 2382 perfunctum
3311 2319 3404 2367 aut
3438 2310 3561 2367 lun-

1988 2416 2200 2479 gentem
2231 2424 2250 2457 i
2285 2414 2519 2459 vertere.
2571 2402 2855 2459 moverant
2897 2416 3080 2458 autem
3111 2418 3231 2468 eos,
3275 2404 3364 2476 qui
3399 2412 3550 2459 autea

1988 2511 2215 2552 suorum
2268 2496 2469 2549 multos
2529 2494 2599 2549 ab
2649 2499 2838 2549 errore
2897 2495 3164 2551 abductos
3227 2494 3561 2567 gaudebant,

1994 2605 2015 2640 ι
2050 2588 2288 2657 acceptis
2334 2603 2366 2642 a
2418 2588 2578 2642 beato
2629 2601 2694 2641 ac
2748 2586 2923 2643 felicis
2981 2587 3259 2643 memoriae
3311 2586 3570 2657 episeopo

1989 2679 2292 2735 Athanasio
2339 2689 2395 2734 et
2447 2678 2516 2732 ah
2565 2677 2982 2749 religiosissimo
3027 2677 3310 2749 Epiphanii
3367 2674 3579 2746 collega

1990 2769 2281 2826 Proeliano
2311 2768 2528 2832 litteris,
2571 2786 2589 2819 »
2626 2777 2686 2823 ut
2723 2769 2793 2823 ad
2822 2768 2998 2837 ipsum
3031 2762 3390 2834 Epiphanium
3423 2775 3576 2814 nunc

1991 2870 2357 2923 recurrerent,
2407 2871 2625 2915 mortuo
2656 2869 2782 2914 ante
2824 2854 3102 2912 biennium
3147 2850 3470 2912 Athanasio,
3514 2857 3574 2905 et

1993 2951 2280 3006 Procliano
2319 2952 2473 3004 aliter
2506 2947 2762 3019 impedito
2790 2963 2804 2998 :
2837 2952 3139 3000 moverant.
3196 2941 3444 3013 inquam,
3475 2954 3573 2996 eos

2002 3061 2020 3093 ι
2046 3041 2401 3096 conscelerati
2429 3038 2693 3109 dogmatis
2716 3034 2979 3103 reliquiae,
3002 3032 3146 3104 apud
3163 3029 3455 3088 nonnullos
3477 3029 3579 3085 ad·

1997 3133 2105 3187 hue
2135 3134 2476 3203 superstites,
2516 3150 2535 3185 ι
2565 3119 3048 3199 compulerantque
3067 3138 3261 3193 rogare
3283 3132 3345 3177 ut
3372 3131 3427 3177 et
3454 3121 3582 3194 ipso

2007 3243 2025 3275 ι
2063 3224 2129 3278 ad
2161 3207 2350 3278 eorum
2397 3223 2697 3279 Ecclesiam
2745 3220 2956 3275 litteras
3002 3220 3133 3274 dare
3168 3231 3274 3273 non
3319 3228 3582 3292 gravare-

2002 3324 2111 3377 tur,
2142 3333 2162 3367 »
2196 3329 2260 3369 ae
2300 3324 2502 3370 rectam
2553 3315 2711 3369 tidem
2752 3310 2977 3368 uberius
3020 3308 3315 3379 explicare.
3370 3304 3579 3377 vogn·

2001 3416 2183 3461 autem
2220 3407 2373 3469 illud,
2397 3415 2457 3461 ut
2481 3422 2545 3459 ex
2574 3404 2804 3475 epistola
2837 3402 3060 3457 Palladii
3092 3397 3429 3465 intelligitur,
3459 3394 3577 3451 Eu·
3632 3445 3643 3458 ‚

2005 3496 2392 3551 notnianorum
2422 3494 2544 3556 l'uit,
2582 3512 2598 3544 t
2635 3496 2826 3548 inanes
2853 3504 2907 3548 et
2936 3490 3205 3547 absurdas
3250 3488 3579 3560 quaestione}

2002 3590 2069 3642 de
2103 3590 2307 3655 Spiritu
2349 3597 2538 3641 sancto
2573 3586 2933 3644 moventium,
2981 3581 3407 3651 negantiumque
3451 3579 3575 3674 ene

2004 3694 2127 3734 cum
2164 3678 2448 3732 divinitate
2481 3676 2876 3742 dominatuque
2905 3672 3075 3741 gloria
3117 3671 3278 3725 simul
3329 3667 3468 3727 affici
3512 3683 3578 3726 ae

1990 3767 2598 3839 ‘1›i·ae‹licat·iopnrteri=.;
2631 3764 2724 3819 sed
2760 3764 2812 3817 in
2854 3764 3088 3818 ministri
3123 3764 3365 3819 nuntiive
3392 3761 3579 3818 baberi

2008 3862 2147 3923 luco,
2173 3860 2285 3915 imo
2323 3862 2486 3915 etiam
2533 3857 2796 3912 humilius
2839 3855 3059 3926 alfquod
3105 3856 3482 3925 abjectiusque
3512 3853 3582 3910 de

2007 3954 2126 4022 ipso
2157 3952 2530 4008 sentientium.
2563 3947 2775 4016 Quibus
2799 3949 2866 4003 de
2899 3948 3102 4013 causis,
3142 3967 3160 3998 ι
3199 3947 3374 4018 iuquit
3402 3945 3582 4003 Palla·

2009 4046 2154 4109 ‹lius,
2195 4063 2214 4096 e
2251 4046 2332 4099 sie
2359 4053 2619 4112 tauquam
2662 4042 2993 4096 inconstanti
3028 4039 3325 4110 jactatione
3349 4055 3414 4095 ae
3440 4039 3575 4096 dilli-

2010 4135 2099 4187 eili
2139 4143 2456 4203 tempestate
2500 4132 2861 4197 fluctuantes;
2902 4146 3025 4185 rum
3067 4132 3338 4185 nemiuem
3394 4131 3487 4188 hie
3513 4129 3576 4187 ad

2011 4240 2105 4278 eas
2147 4222 2523 4278 dissolvendas
2560 4225 2893 4292 quaestiones
2946 4238 3010 4276 ae
3053 4238 3240 4277 sanam
3279 4222 3438 4279 tidem
3483 4239 3582 4280 ex·

2013 4312 2315 4382 ponendam
2349 4313 2603 4367 idoneum
2624 4312 2862 4381 reperire
2893 4312 3197 4382 possimns;
3228 4313 3294 4367 ad
3327 4313 3582 4384 pietatem

2017 4414 2164 4455 tuam
2195 4402 2262 4456 de
2291 4402 2394 4456 hoe
2426 4402 2642 4473 negotio
2675 4400 2875 4455 referre
2899 4403 3071 4458 coacti
3123 4417 3336 4466 sumuS,
3365 4412 3426 4458 ut
3467 4416 3583 4458 nie-

1979 4556 1984 4560 ,
2016 4492 2120 4548 rito
2147 4504 2201 4548 et
2226 4493 2370 4547 illam
2400 4508 2584 4547 socem
2616 4499 2879 4565 usurpare
2896 4494 3173 4566 possimus
3205 4515 3218 4549 ε
3254 4493 3584 4566 Praeeeptor,

1943 4607 1990 4663 ῃ
2018 4602 2172 4641 serva
2206 4601 2326 4641 nos.
2350 4584 2714 4651 Quamobrem
2752 4586 2804 4641 id
2846 4602 2944 4657 pro
2977 4587 3188 4642 sincera
3223 4594 3315 4642 tua
3350 4602 3415 4641 ac
3435 4596 3585 4642 reeta

2019 4677 2123 4732 lide
2159 4693 2190 4733 a
2213 4683 2266 4731 te
2292 4679 2547 4747 petimus,
2579 4691 2743 4746 quam
2785 4677 3023 4733 secunda
3055 4676 3166 4748 iam
3200 4676 3406 4734 dudum
3440 4674 3587 4734 sama

2019 4784 2072 4824 et
2100 4768 2418 4823 idoneorum
2442 4769 2684 4823 virorum
2715 4769 3021 4824 testimonia
3056 4769 3254 4836 passim
3277 4769 3587 4835 celebraut3

2021 4870 2080 4914 ut
2099 4860 2164 4914 ad
2193 4859 2337 4929 quod
2370 4875 2569 4915 munus
2594 4860 2903 4914 obeundum
2935 4875 2965 4914 a
3006 4857 3287 4917 Saliatore
3317 4860 3590 4917 eonstitu-

2023 4962 2110 5006 tus
2135 4967 2217 5015 es,
2238 4956 2375 5006 haue
2405 4961 2646 5006 nostram
2673 4952 3031 5007 hortationem
3059 4954 3368 5009 humaniter
3388 4953 3590 5007 admit·

2024 5050 2155 5103 tere,
2186 5042 2395 5111 etquid
2436 5042 2502 5097 de
2546 5040 2810 5099 Trinitate
2858 5044 2928 5098 sit
2971 5045 3324 5109 credendum,
3363 5043 3592 5099 uberius

2022 5134 2156 5187 velis
2185 5135 2530 5203 apertiusque
2560 5136 2846 5192 disserere.
2884 5156 2902 5189 »
2936 5135 3058 5193 llaec
3089 5147 3143 5193 et
3173 5140 3276 5193 alia
3310 5139 3408 5193 illi.

2091 5222 2182 5278 29.
2212 5223 2546 5294 Epiphanius
2594 5242 2722 5282 vero
2761 5227 3098 5296 respondens
3147 5237 3257 5284 tum
3301 5230 3428 5297 illis,
3472 5238 3590 5283 tum

2024 5316 2286 5379 Numerio
2331 5318 2648 5391 presbytero
2696 5329 2750 5373 et
2789 5317 3047 5375 Seven-ino
3099 5319 3388 5383 monacho,
3441 5334 3589 5390 quo-

2027 5423 2146 5461 rum
2179 5409 2397 5462 nomina
2441 5411 2523 5463 vel
2562 5410 2881 5464 excidetuut
2907 5424 2938 5464 e
2991 5411 3162 5465 titulis
3207 5410 3595 5480 epistolarum,

2027 5500 2107 5552 vel
2136 5499 2353 5555 aliumle
2383 5509 2506 5554 unta
2537 5501 2742 5554 amoris
2771 5500 3101 5572 honorisque
3121 5517 3249 5573 ergo
3280 5502 3590 5574 adjungun-

2030 5600 2116 5644 tur
2173 5592 2334 5655 uitro,
2389 5592 2564 5661 primo
2609 5607 2881 5646 excusans
2937 5612 2957 5644 ι
3015 5593 3287 5664 ingenium
3339 5613 3357 5646 ι
3403 5611 3592 5659 suum,

2004 5699 2052 5741 ,ι
2098 5682 2241 5750 quot-l
2278 5681 2546 5747 abjectum
2577 5690 2631 5735 et
2662 5682 2887 5745 humile,
2919 5683 2973 5736 in
3015 5684 3194 5754 quiete
3221 5684 3444 5755 otioque
3473 5702 3590 5742 ver·

2028 5770 2137 5825 sari
2178 5778 2437 5839 perpetuo
2461 5769 2732 5836 studebat,
2765 5787 2941 5843 neque
2968 5789 3089 5828 sese
3118 5775 3258 5829 ultra
3291 5790 3455 5844 quam
3493 5791 3591 5849 par

2026 5863 2444 5933 estextendere3
2491 5884 2510 5915 ι
2553 5879 2742 5922 eorum
2791 5878 2969 5921 tamen
3020 5868 3254 5924 stimulis
3296 5870 3589 5941 impulsum
