3850 6517
299 451 437 537 tuta

921 471 1300 533 ADVERSUS
1339 474 1683 532 ttAERESEs
1718 472 1844 531 Lm.
1888 478 1952 533 ll.
1989 470 2153 531 ΤΟΜ.
2192 473 2234 533 Ι.
2277 504 2347 517 —·
2393 473 2668 531 uAEREs.
2710 472 2846 530 th.

3398 472 3541 533 ¹050

366 592 436 646 Z'.
462 587 852 662 Γαμείτωσαν
871 589 1071 655 τοίνυν,
1091 594 1874 663 τεκνογονείτωσαν,οικοδε-
1899 598 1950 657 Α
2051 591 2161 646 Vll.
2202 590 2346 661 Ergo
2368 591 2460 645 illa
2489 590 2731 661 Apostoli
2754 587 2917 644 verba
2949 629 2966 655 ,
2990 585 3227 655 Nubant,
3246 588 3387 658 filios
3415 607 3542 661 pro·-

297 682 737 745 cxotslroo'ar,
764 679 1029 752 σύντομος
1055 684 1151 736 καὶ
1172 684 1337 754 μέσος
1356 688 1386 739 ό
1407 684 1565 754 λόγος
1593 688 1733 741 κατὰ
1757 688 1868 741 τῶν

296 777 368 831 τὰ
401 774 585 845 φαῦλα
615 772 1009 843 διανοουμένων
1038 777 1167 847 περὶ
1197 777 1378 849 πάσης
1410 779 1868 851 ἐκκλησιαστικῆς

296 864 394 918 τοῦ
423 860 776 935 κηρύγματος
796 862 1126 928 ὑποθέσεως·
1150 866 1604 937 παρεκὸἀλλουσα
1630 871 1727 940 μὲν
1743 871 1869 932 τοὺς

298 953 555 1022 λέγοντας
593 945 821 1014 ἑαυτοὺς
858 947 1276 1017 'amomo-⁸2:
1327 954 1421 1009 καὶ
1488 957 1866 1029 Ἐγκρατίτας,

301 1042 752 1115 παρεκὸάλλουσα
770 1042 895 1105 τοὺς
918 1041 1343 1115 ὑδαρευομένους
1367 1047 1426 1099 ἐν
1446 1048 1512 1116 τῇ
1553 1046 1866 1117 Ἐκκλησία,

300 1138 397 1191 καὶ
446 1134 833 1197 ἀναπείθοντας
881 1137 1114 1202 γυναῖκα
1178 1137 1195 1167 ¹
1236 1136 1345 1190 ἀπὸ
1410 1138 1617 1191 τελείου
1668 1118 1873 1211 δρόμου

297 1220 736 1293 ἀναχαλασθέντα
768 1221 980 1275 ἀθετεῖν
1015 1222 1115 1293 τὴν
1143 1224 1401 1296 τοιαύτην
1427 1226 1521 1280 τοῦ
1554 1227 1754 1298 δρόμου
1782 1244 1870 1279 τε·

296 1315 566 1385 λειότητα.
597 1315 709 1367 Καὶ
736 1313 849 1384 ἔχει
884 1312 984 1385 μέν
1019 1315 1294 1385 ἁμαρτίαν
1323 1318 1418 1370 καὶ
1452 1320 1625 1389 κρῖμα
1665 1320 1695 1371 ό
1744 1317 1870 1372 ἀθε·

295 1405 471 1475 τήσας
519 1402 653 1457 Θεοῦ
709 1404 812 1473 τὴν
865 1403 1184 1475 παρθενίαν,
1232 1408 1327 1461 καὶ
1389 1408 1752 1480 καταισχύνας
1780 1409 1870 1463 τὸν

297 1494 509 1563 ἀγῶνα.
543 1492 930 1565 Παραφθείρας
957 1493 1069 1565 γὰρ
1106 1496 1292 1563 ἀγῶνα
1322 1498 1352 1550 ὀ
1380 1496 1640 1570 ἀθλητὴς,
1680 1516 1872 1569 μαστι-

231 1600 250 1608 ·
297 1583 450 1656 χθεὶς
487 1583 807 1637 ἐκὸἀλλεται
833 1582 929 1637 τοῦ
962 1584 1190 1654 ἀγῶνος.
1230 1588 1342 1640 Καὶ
1380 1588 1758 1662 παραφθείρας
1787 1608 1872 1654 τις

299 1672 629 1745 παρθενίαν,
679 1673 1005 1727 ἐκὸἀλλεται
1058 1673 1150 1727 τοῦ
1207 1677 1451 1733 τοιούτου
1498 1679 1724 1751 δρόμου,
1776 1679 1872 1733 καὶ

301 1752 590 1834 στεφάνου,
621 1766 717 1819 καὶ
750 1764 1029 1838 βραδείου.
1070 1766 1231 1821 Ἀλλά
1259 1771 1504 1840 κρεῖττόν
1536 1774 1654 1824 ἐστι
1696 1774 1871 1843 κρῖμα

298 1856 398 1912 καὶ
434 1856 511 1927 μὴ
548 1859 884 1930 κατάκριμα.
931 1860 994 1913 ot
1034 1858 1144 1932 γὰρ
1180 1860 1272 1915 διὰ
1319 1861 1380 1915 τὸ
1413 1862 1489 1934 μὴ
1518 1864 1869 1934 αἰσχυνθῆναι

295 1947 414 2009 *Οἷς
471 1946 777 2018 ἀνθρώποις
823 1949 1009 2020 κρυφῆ
1038 1949 1414 2021 πορνεύοντες,
1471 1953 1682 2008 ποιοῦσι
1735 1971 1870 2025 πορ-
1897 1924 1943 1981 Β

298 2041 451 2105 νείας
477 2044 521 2105 ²,
555 2040 589 2111 ἢ
619 2038 931 2111 μονότητος,
958 2039 993 2110 ἢ
1022 2040 1373 2113 ἐγκρατείας,
1404 2044 1466 2097 οὐ
1500 2043 1635 2115 πρὸς
1662 2042 1872 2113 ἀνθρώ-

300 2146 436 2195 πους
467 2130 650 2201 έχουσι
677 2129 776 2201 τὴν
800 2130 1110 2201 ὁμολογίαν,
1143 2131 1280 2185 ἀλλὰ
1305 2133 1439 2204 πρὸς
1476 2133 1611 2187 Θεὸν
1658 2134 1752 2187 τὸν
1792 2136 1872 2187 εί·-

295 2221 424 2276 δότα
457 2221 525 2275 τὰ
576 2222 803 2294 κρύφια,
846 2222 939 2276 καὶ
971 2222 1321 2296 ἐξελέγχοντα
1368 2228 1549 2278 πᾶσαν
1590 2224 1771 2297 σάρκα
1812 2226 1871 2279 ἐν

207 2305 228 2321 '
298 2313 370 2381 τῇ
422 2311 587 2365 αὑτοῦ
658 2312 964 2383 παρουσία,
1026 2314 1155 2383 περὶ
1214 2306 1290 2368 ὧν
1341 2315 1573 2380 ἕκαστος
1627 2315 1866 2386 ἥμαρτε.

301 2401 564 2471 Κρεῖττον
594 2400 772 2455 τοίνυν
799 2401 942 2470 ἐχειν
977 2403 1249 2473 ἁμαρτίαν
1283 2404 1432 2473 μίαν,
1458 2415 1555 2459 και
1582 2405 1656 2478 μὴ
1677 2423 1872 2479 περισ-

304 2488 549 2561 σοτέρας.
607 2489 871 2559 Κρεῖττον
924 2488 1159 2541 πεσόντα
1211 2489 1319 2543 ἀπὸ
1372 2490 1571 2564 δρόμου
1624 2493 1873 2563 φανερῶς

301 2581 481 2652 ἐαυτῷ
509 2580 693 2634 λα6εἰν
731 2583 965 2650 γυναῖκα
1000 2580 1145 2634 κατὰ
1167 2581 1349 2651 νόμον,
1382 2582 1478 2636 καὶ
1512 2583 1623 2636 ἀπὸ
1667 2582 1873 2655 παρθε-

300 2672 421 2736 νίας
453 2671 632 2743 πολλῷ
673 2673 850 2744 χρόνῳ
882 2673 1315 2743 μετανοήσαντα,
1353 2672 1672 2744 εἰσαχθῆναι
1714 2673 1873 2729 πάλιν

299 2765 382 2829 είς
430 2763 529 2835 τὴν
584 2762 946 2837 Ἐκκλησίαν,
990 2762 1070 2827 ὡς
1114 2761 1300 2827 κακῶς
1338 2765 1747 2835 ἐργασάμενον,
1796 2763 1874 2828 ὡς

302 2857 715 2929 παραπεσόντα,
739 2855 834 2910 καὶ
869 2853 1193 2920 κλασθέντα,
1217 2854 1313 2909 καὶ
1339 2854 1527 2926 χρείαν
1544 2854 1742 2925 ἔχοντα
1761 2855 1876 2907 ἐπι-

301 2947 556 3019 δέμῦἵθς.
584 2950 683 3006 821
721 2945 796 3021 μὴ
825 2947 950 3005 mo'
989 2947 1228 3019 ἐκάστην
1271 2945 1484 3017 ἡμέραν
1515 2944 1697 3015 βέλεσι
1738 2961 1871 3015 κρυ-

302 3039 449 3109 φίοις
477 3038 1037 3111 κατατιτρώσκεσβαι,
1060 3037 1158 3095 καὶ
1189 3037 1456 3110 πονηρίας
1486 3035 1593 3089 ὑπὸ
1627 3032 1873 3089 διαὸόλου

301 3129 451 3201 αὐτῷ
481 3130 912 3201 ἐπιφερομένης.

368 3393 453 3448 Η’.
476 3390 661 3455 Οὕτως
684 3387 826 3448 οἶδεν
859 3394 893 3464 ἡ
922 3388 1218 3462 Ἐκκλησία
1247 3386 1559 3462 κηρύττειν.
1599 3386 1786 3441 Ταῦτα
1806 3382 1877 3438 τὰ

300 3483 567 3556 φάρμακα
599 3484 698 3556 τῆς
728 3484 924 3548 ίάσεως
942 3497 959 3513 ·
988 3482 1166 3538 ταῦτα
1195 3482 1266 3536 τὰ
1285 3482 1399 3553 είδη
1424 3480 1529 3551 τῆς
1559 3475 1876 3551 μυρεψικῆς

296 3574 558 3647 ἐργασίας
579 3591 594 3605 ·
640 3573 781 3646 αὕτη
820 3575 856 3647 ἡ
897 3571 1214 3629 κατασκευὴ
1252 3570 1348 3624 τοῦ
1395 3570 1553 3639 ἀγίου
1597 3565 1778 3621 ἐλαίου
1817 3566 1875 3616 ἐν

294 3665 374 3739 τῷ
402 3666 581 3737 νόμῳ·
617 3665 758 3736 αὓτη
790 3666 828 3734 ἡ
854 3663 1284 3731 ἀρωματίζουσα
1325 3660 1466 3728 καλὴ
1503 3661 1722 3720 πίστις,
1757 3658 1876 3708 ἐπι-

293 3759 605 3827 σφίγγουσα
657 3755 760 3823 μὲν
792 3752 884 3804 τδν
935 3750 1202 3804 ἀθλοῦντα
1224 3751 1306 3814 είς
1350 3750 1566 3819 ἀγῶνα,
1611 3751 1875 3821 ἐπικηρυ-

293 3844 569 3916 κευομένη
610 3841 667 3896 δέ
716 3839 867 3912 αὐτῷ
904 3841 1163 3901 διατεῖναι
1195 3840 1288 3896 τὸν
1333 3841 1553 3913 δρόμον,
1608 3842 1754 3904 ὅπως
1783 3840 1873 3894 δυ-

294 3936 436 4007 νηθῇ
473 3931 917 4003 στεφανωθῆναι·
954 3931 1094 4005 αὕτη
1125 3935 1159 4005 ἡ
1198 3932 1293 3987 τοῦ
1324 3932 1458 3986 Θεοῦ
1496 3931 1868 4004 πραγματεία,

297 4026 509 4088 πάντας
558 4025 863 4094 συνάγουσα
897 4025 979 4088 είς
1017 4022 1115 4095 τὴν
1155 4022 1440 4096 βασιλικὴν
1476 4021 1740 4089 διάταξιν,
1773 4023 1869 4077 καὶ

298 4114 586 4189 ἡορφύραν
617 4115 716 4185 μέν
745 4114 855 4170 ἀπὸ
882 4114 1175 4187 θαλάσσης,
1200 4116 1295 4170 καὶ
1334 4115 1481 4187 ἔριον
1520 4115 1628 4170 ἀπὸ
1663 4114 1870 4185 προδά-

295 4223 415 4271 του,
440 4206 536 4261 καὶ
565 4205 707 4259 λίνον
734 4207 798 4259 ἐκ
824 4205 948 4277 γῆς,
982 4205 1078 4259 καὶ
1113 4204 1335 4275 βύσσον,
1369 4206 1466 4261 καὶ
1495 4208 1739 4280 σηρικδν,
1775 4208 1870 4263 καὶ

293 4298 543 4373 δέρματα
566 4296 1079 4370 ὴρυθροδανωμένα,
1109 4298 1207 4351 καὶ
1232 4296 1380 4352 λίθον
1409 4300 1588 4372 τίμιον
1611 4301 1704 4356 τὸν
1728 4302 1866 4372 σμά·

293 4391 512 4465 ραγδον,
544 4390 638 4444 καὶ
663 4388 756 4444 τὸν
783 4389 1147 4461 μαργαρίτην,
1185 4388 1279 4443 τὸν
1321 4392 1549 4465 ἀχάτην,
1600 4396 1713 4457 τοῖς
1770 4393 1868 4463 μὲν

291 4481 544 4555 χρώμασι
583 4479 993 4543 διαλλάττοντας
1041 4480 1241 4549 λίθους,
1292 4484 1362 4553 τῇ
1414 4482 1471 4536 δὲ
1512 4486 1646 4554 τιμῇ
1678 4482 1866 4553 ὁμοτί-

1969 692 2163 748 creent,
2197 681 2419 750 [amilioe
2443 697 2625 734 curant
2653 679 2939 744 habeant⁸,
2973 679 3154 734 brevis
3200 687 3281 735 est
3317 696 3383 735 a'c
3422 698 3539 737 nic·

1969 775 2095 830 dius
2124 773 2389 829 adversus
2417 773 2538 828 illos
2565 787 2766 838 sermo,
2801 771 2895 841 qui
2927 771 2995 826 de
3023 771 3169 824 omni
3203 772 3541 827 eeclesiasti-

1969 880 2049 920 cae
2098 866 2360 919 doctrinae
2405 878 2602 934 genere
2648 877 2932 933 perperam
2979 862 3121 931 apud
3170 878 3231 917 se
3274 864 3537 933 cogitant.

1970 956 2101 1023 Quae
2155 955 2375 1024 quidem
2419 954 2668 1009 doctrina
2710 968 2807 1009 eos
2856 968 3049 1009 omnes
3083 953 3312 1023 respuit,
3343 954 3436 1022 qui
3479 969 3541 1008 se

1968 1048 2338 1118 Apostolicos,
2391 1054 2447 1102 et
2487 1045 2800 1100 Encratitas
2850 1045 3131 1099 nominant
3167 1063 3182 1099 ε
3217 1060 3431 1099 necnon
3487 1054 3544 1100 et

1971 1139 2118 1204 illos»,
2151 1140 2245 1209 qui
2277 1140 2333 1193 in
2365 1138 2609 1194 Ecclesia
2652 1137 2931 1192 molliores
2959 1136 3362 1205 quodammodo
3389 1143 3539 1201 sunt,

1971 1231 2176 1302 quique
2208 1230 2530 1287 mulieribus
2571 1228 2926 1301 persuadent,
2956 1236 3018 1282 ut
3042 1227 3111 1284 de
3155 1226 3381 1297 perfecti
3423 1243 3544 1281 cur·

1971 1336 2069 1378 sus
2117 1320 2474 1376 contentione
2522 1319 2858 1374 remittentes
2904 1332 3023 1372 earn
3070 1317 3243 1386 ipsam
3297 1314 3542 1369 funditus

1972 1412 2252 1482 abjiciant.
2283 1410 2481 1466 Verum
2537 1415 2759 1479 peccato
2807 1422 2868 1463 se
2913 1421 2978 1460 ac
3020 1406 3230 1476 judicio
3278 1406 3541 1477 implicat,

1973 1501 2223 1573 quisquis
2248 1498 2344 1554 Dei
2376 1496 2743 1568 virginitatem
2789 1494 2928 1549 tollit
2958 1509 2990 1550 e
3021 1493 3222 1559 medio,
3250 1509 3316 1548 ac
3363 1502 3543 1548 certa·

1972 1591 2107 1647 mini
2157 1588 2510 1660 ignominiam
2555 1586 2870 1642 consciscit.
2895 1582 2998 1650 Qui
3036 1584 3178 1639 enim
3226 1599 3294 1640 ex
3324 1585 3544 1641 athletis

1972 1679 2291 1737 certaminis
2316 1680 2462 1749 leges
2480 1676 2677 1756 ,violam
2717 1691 2843 1730 cum
2878 1674 3202 1731 verberibus
3234 1690 3266 1729 a
3294 1678 3543 1730 certami-

1972 1789 2043 1829 ne
2075 1772 2353 1842 dejicitur.
2376 1761 2465 1823 'lta
2498 1769 2593 1839 qui
2629 1768 2998 1837 virginitatem
3024 1768 3353 1837 corruperit,
3383 1768 3452 1823 ab
3476 1783 3544 1822 eo

1974 1868 2096 1936 ipso
2125 1860 2424 1924 curriculo,
2456 1870 2512 1915 et
2543 1859 2707 1932 512
2732 1873 2959 1926 corona,
2993 1860 3327 1928 praemioque
3374 1860 3547 1929 repel-

1972 1955 2124 2009 litur.
2152 1952 2354 2007 Verum
2410 1950 2608 2005 melius
2666 1950 2855 2019 utique
2905 1947 3174 2018 judicium
3235 1957 3339 2014 est,
3377 1965 3543 2019 quam

1973 2044 2270 2100 damnatio.
2299 2041 2433 2095 Nam
2482 2041 2599 2111 qui,
2635 2049 2696 2093 ut
2731 2055 2801 2094 ne
2835 2038 2977 2109 apud
3016 2039 3264 2104 homines
3312 2040 3367 2093 in
3411 2040 3547 2094 insa-

1971 2135 2139 2189 rniam
2187 2130 2552 2195 adducantur,
2575 2130 2716 2184 clam
2770 2137 3020 2198 stuprum
3073 2140 3408 2199 perpetrant,
3436 2146 3547 2185 nio-

1971 2223 2202 2280 nastieae
2223 2223 2365 2285 vitae,
2384 2221 2468 2275 vel
2490 2220 2842 2275 continentiae
2867 2221 3163 2291 sponsione
3188 2237 3297 2276 non
3317 2237 3377 2277 se
3399 2223 3544 2291 apud

1973 2314 2228 2371 homines
2273 2313 2537 2383 obligant,
2568 2310 2663 2368 sed
2711 2312 2854 2381 apud
2901 2311 3090 2377 Deum,
3118 2314 3213 2383 qui
3246 2321 3300 2368 et
3327 2313 3544 2367 occulta

1974 2404 2278 2475 cognoscit,
2308 2411 2364 2458 et
2415 2403 2470 2456 in
2528 2401 2764 2456 adventu
2813 2417 2914 2457 suo
2970 2403 3278 2457 universam
3324 2417 3544 2459 carnem

1972 2496 2281 2565 redarguit,
2316 2494 2372 2549 in
2410 2493 2611 2563 quibus
2653 2492 2902 2548 videlicet
2931 2494 3166 2563 quisque
3212 2497 3541 2563 peccaverit.

1975 2582 2243 2650 Quocirca
2271 2582 2447 2638 satius
2479 2589 2563 2637 est
2594 2596 2706 2636 uno
2737 2596 2794 2636 se
2823 2593 3052 2652 peccato
3088 2598 3252 2652 quam
3295 2584 3544 2653 pluribus

1974 2674 2334 2742 obstringere.
2369 2672 2554 2727 Satius
2602 2680 2708 2735 est,
2734 2672 2828 2726 ubi
2875 2675 3214 2732 acurriculo
3255 2676 3540 2743 exciderit,

1974 2764 2154 2835 palam
2198 2761 2304 2817 sibi
2344 2776 2569 2816 uxorem
2614 2761 2871 2832 legitimis
2905 2765 3112 2834 nuptiis
3137 2765 3451 2835 adjungere,
3478 2780 3544 2821 ac

1974 2862 2099 2924 post
2139 2852 2502 2923 virginitatem
2549 2852 2714 2922 longo
2763 2852 3053 2908 intervallo
3085 2864 3338 2925 suscepta
3371 2856 3547 2926 poeni-

1976 2943 2152 2999 tentia
2200 2943 2398 2997 iterum
2443 2941 2704 2998 Ecclesiae
2754 2944 3125 3009 reconciliari,
3159 2953 3345 3016 utpote
3370 2945 3462 3016 qni
3491 2955 3548 2999 et

1975 3042 2260 3105 peccatum
2306 3033 2610 3098 admiserit,
2636 3040 2691 3089 et
2734 3035 3028 3105 prolapsus
3068 3034 3255 3095 suerit.
3283 3045 3338 3091 et
3372 3037 3547 3091 infra·

1979 3136 2124 3207 ctus,
2154 3132 2210 3179 et
2257 3124 2590 3193 obligatione
2618 3124 2864 3181 vulneris
2908 3140 3048 3195 opus
3092 3126 3307 3192 habeat,
3331 3136 3389 3181 ut
3435 3145 3545 3185 non

1976 3215 2208 3271 occultis
2236 3216 2294 3269 in
2323 3212 2441 3270 dies
2469 3214 2728 3271 immissae
2757 3230 2787 3269 a
2814 3213 3031 3271 diabolo
3070 3217 3326 3288 nequitiae
3345 3217 3550 3288 jaculis

1974 3305 2273 3361 saucietur.

2050 3394 2183 3450 vill.
2227 3394 2383 3451 Hunc
2429 3394 2488 3450 in
2531 3394 2752 3451 modum
2781 3394 3078 3466 praedicare
3126 3397 3409 3451 consuevit
3439 3396 3545 3450 Ee-

1975 3483 2168 3541 clesia.
2198 3484 2326 3541 Haec
2375 3485 2445 3541 ad
2487 3487 2789 3542 remedium
2815 3496 3126 3555 comparata
3151 3486 3547 3543 medicamenta

1973 3580 2137 3638 sunt3
2166 3573 2282 3629 baec
2324 3575 2628 3644 seplasiarii
2671 3575 2853 3643 operis
2885 3589 3086 3643 genera
3119 3585 3246 3629 sunt
3266 3576 3428 3642 ;,haec
3458 3593 3547 3632 sa·

1972 3666 2054 3721 cri
2093 3664 2150 3719 in
2185 3654 2301 3736 le’ge
2350 3664 2456 3720 olei
2511 3663 2816 3743 confectio}
2858 3664 2983 3719 'baec
3023 3673 3328 3719 aromatum
3376 3666 3547 3723 odore

1973 3756 2223 3827 fragrans
2269 3753 2484 3827 egregia
2533 3753 2689 3819 tides,
2717 3769 2840 3823 quae
2887 3754 3104 3810 athletae
3153 3755 3221 3810 ad
3268 3765 3545 3812 certamen

1970 3848 2294 3918 prodeuntis
2316 3846 2653 3918 astringendi
2678 3846 2787 3899 vim
2819 3846 3001 3912 habet,
3029 3847 3312 3918 eidemque
3336 3848 3543 3903 denun-

1970 3938 2093 4003 tiat,
2131 3938 2209 3992 uti
2236 3952 2457 3991 cursum
2488 3932 2805 4003 contendat,
2834 3951 2943 4007 quo
2965 3951 3224 3991 coronam
3256 3937 3427 4008 possit
3448 3953 3545 3993 au·

1969 4026 2144 4093 serre;
2183 4028 2290 4082 boc
2315 4025 2409 4082 Dei
2445 4040 2607 4097 opus,
2639 4040 2703 4081 ac
2740 4029 3017 4097 negotium
3051 4035 3153 4092 est,
3179 4027 3324 4096 quod
3350 4041 3544 4084 omnes

1969 4120 2176 4191 regiam
2197 4118 2266 4174 ad
2290 4118 2817 4174 administrationem
2842 4128 3155 4188 congregat,
3180 4120 3328 4174 velut
3351 4135 3381 4172 e
3404 4118 3544 4172 mari

1968 4222 2289 4281 purpuram,
2319 4206 2501 4261 lanam
2533 4221 2602 4262 ex
2631 4205 2850 4270 ovibus,
2879 4206 3049 4260 linum
3070 4221 3100 4261 e
3124 4216 3291 4273 terra,
3316 4206 3544 4278 byssum

1968 4301 2228 4366 sericum,
2252 4299 2558 4355 rubricatas
2582 4298 2771 4369 pelles,
2796 4297 3094 4368 pretiosum
3118 4297 3375 4368 lapidem,
3397 4314 3542 4353 sma-

1967 4394 2217 4464 ragdum,
2246 4392 2525 4456 unionem,
2556 4389 2826 4454 achatem,
2858 4388 3087 4459 lapides,
3139 4389 3379 4461 inquam,
3423 4389 3540 4465 qui,

1966 4484 2069 4540 etsi
2097 4481 2370 4536 coloribus
2403 4479 2680 4541 differant,
2712 4479 2894 4548 pretio
2925 4486 3109 4534 tamen
3138 4479 3375 4550 aequales
3391 4490 3539 4536 sunt.

293 4591 430 4647 μους
462 4573 649 4635 ὄντας·
680 4572 817 4627 ἀλλά
842 4572 937 4627 καὶ
961 4572 1181 4644 χρυσὸν,
1210 4572 1305 4627 καὶ
1327 4573 1586 4646 ἄργυρον,
1617 4575 1711 4626 καὶ
1736 4574 1867 4639 ξύλα
1898 4577 1945 4633 D
1974 4574 2080 4631 Sed
2104 4581 2158 4630 et
2185 4588 2402 4638 aurum,
2428 4582 2483 4627 et
2509 4580 2816 4643 argentum,
2840 4579 2894 4626 et
2918 4572 3232 4643 incorrupta
3263 4574 3429 4655 ligna,
3467 4591 3541 4630 aes

288 4666 503 4735 ἄσηπτα,
534 4665 627 4717 καὶ
652 4663 870 4735 χαλκὸν,
894 4666 989 4718 καὶ
1017 4664 1261 4735 σίδηρον,
1289 4663 1427 4718 ἀλλά
1453 4665 1547 4719 καὶ
1570 4664 1761 4736 τρίχας
1782 4666 1867 4719 αί-

291 4756 448 4825 γείας
496 4755 569 4827 μὴ
607 4752 1039 4825 ἀποὸαλλομένη.
1093 4754 1205 4807 Καὶ
1255 4753 1397 4824 αὕτη
1458 4756 1555 4825 μὲν
1583 4751 1652 4828 ἦν
1680 4757 1800 4809 τότε
1831 4759 1865 4829 ὴ

239 4835 248 4840 “
291 4844 489 4917 σκηνὴ,
506 4844 602 4899 νῦν
622 4844 678 4898 δέ
699 4846 799 4916 τῆς
820 4843 1024 4915 σκηνῆς
1042 4845 1072 4897 ὀ
1089 4837 1239 4908 οἶκος
1261 4842 1628 4915 ἡδραιωμένος
1647 4848 1704 4900 ἐν
1723 4845 1863 4917 Θεῷ,

290 4936 540 5007 θεμέλιος
575 4936 634 4989 δέ
669 4937 727 4989 ἐν
757 4935 1003 5005 δυνάμει.
1025 4935 1136 4989 Καὶ
1156 4933 1455 4987 παυσάσθω
1478 4935 1626 4987 πᾶσα
1653 4936 1864 5005 αἵρεσις

290 5023 435 5079 κατὰ
457 5023 558 5095 τῆς
588 5023 844 5095 ἀληθείας
880 5024 1300 5096 ἐπεγειρομένη,
1333 5023 1531 5095 μᾶλλον
1573 5023 1631 5078 δὲ
1659 5026 1858 5098 ἑαυτὴν

291 5115 406 5171 ἀπὸ
425 5114 685 5186 ἀληθείας
716 5113 1007 5169 διώκουσα.

279 5201 284 5206 ’
363 5205 473 5266 Καὶ
504 5204 609 5269 ἐως
640 5196 744 5258 ὧδε
772 5203 947 5257 ταῦτα
972 5204 1161 5275 ἐχέτω.
1198 5205 1309 5278 Τὴν
1340 5205 1542 5277 γαῦρον
1569 5206 1627 5260 δέ
1653 5205 1856 5276 ταύτην

291 5296 503 5367 ἔχιδναν
521 5296 676 5366 δίκην
704 5296 958 5349 ἀκοντίου
985 5295 1079 5350 τοῦ
1106 5296 1464 5368 καλουμένου,
1494 5299 1528 5370 ἢ
1552 5297 1844 5367 τύφλωπος

290 5385 327 5456 ἢ
366 5386 609 5457 μυάγρου
634 5386 776 5459 ξύλῳ
805 5384 899 5439 τοῦ
934 5373 1167 5458 σταυροῧ
1194 5388 1544 5452 πεπαικότες,
1575 5387 1670 5442 καὶ
1693 5405 1860 5442 κατα-

290 5476 601 5547 λείψαντες·
642 5480 718 5532 lov
750 5480 848 5549 μὲν
878 5479 939 5533 οὐ
975 5479 1228 5535 τοσοῦτον
1261 5481 1454 5553 ἔχοντα
1483 5480 1554 5534 τὰ
1583 5479 1860 5552 ἐρπετώδη

294 5568 491 5632 ταῦτα,
523 5567 664 5639 πλὴν
693 5571 786 5624 καὶ
821 5570 901 5641 τῷ
930 5571 1134 5643 δρόμῳ,
1169 5573 1265 5625 καὶ
1290 5570 1368 5641 τῷ
1389 5570 1745 5641 γαυριάματι,
1767 5570 1862 5622 καὶ

289 5660 361 5730 τῇ
395 5658 722 5723 ἀκοντιάσει,
749 5657 838 5713 διὰ
866 5659 965 5731 τὴν
986 5660 1164 5715 αὐτῶν
1196 5659 1538 5731 ἐπεντριδὴν,
1563 5656 1736 5722 οὕτως
1762 5676 1863 5712 κα·-

1963 4673 2128 4737 atque
2162 4662 2394 4729 serrum,
2426 4660 2675 4732 adeoque
2725 4676 2796 4716 ne
2837 4662 3088 4733 caprinos
3136 4664 3356 4734 quidem
3399 4665 3540 4736 pilos

1961 4757 2232 4828 repudiat.
2267 4755 2447 4824 Atque
2497 4751 2768 4823 ejusmodi
2811 4754 3086 4823 quondam
3129 4755 3538 4812 tabernaculum

1961 4846 2120 4911 suiv,
2145 4858 2295 4899 nunc
2322 4850 2502 4897 autem
2544 4842 2884 4897 tabernaculi
2918 4842 3112 4899 domus
3143 4844 3197 4899 in
3235 4845 3343 4901 Deo
3372 4848 3536 4901 stabi-

1960 4938 2081 5004 lita,
2112 4936 2525 4991 fundamentum
2550 4933 2674 5013 ejus
2703 4934 2759 4988 in
2789 4934 2992 4990 virtute
3034 4937 3309 4993 consistit.
3345 4936 3534 4991 Proin-

1964 5014 2146 5099 deque'
2176 5026 2391 5081 desinat
2420 5024 2648 5080 liaeresis
2665 5024 2868 5091 omnis,
2893 5041 3016 5097 quae
3035 5035 3224 5082 contra
3260 5028 3535 5083 veritatem

1965 5118 2220 5189 insurgit,
2248 5118 2332 5172 vel
2363 5118 2599 5186 seipsam
2630 5115 2814 5187 potins
2843 5134 2874 5173 a
2905 5120 3137 5192 veritate
3167 5127 3425 5175 removet.

2033 5207 2213 5275 Atque
2261 5204 2376 5261 baec
2418 5205 2704 5262 hactenus.
2740 5205 2894 5261 Nunc
2942 5219 3303 5281 posteaquam
3347 5224 3545 5279 super*

1964 5299 2088 5355 bam
2139 5297 2281 5353 lianc
2326 5298 2590 5367 viperam,
2620 5298 2847 5369 perinde
2872 5315 2937 5355 ac
2963 5302 3232 5371 serpentis
3261 5318 3436 5373 genus
3462 5301 3530 5355 il-

1965 5385 2080 5450 lud,
2109 5386 2257 5456 quod
2291 5385 2533 5455 jaculum
2576 5398 2753 5455 vocat,
2781 5400 2875 5444 aut
2912 5390 3243 5462 typblopem,
3277 5392 3362 5447 vel
3395 5406 3529 5462 mya-

1965 5491 2146 5547 grum,
2185 5475 2368 5529 crucis
2418 5476 2564 5547 ligno
2609 5479 3008 5547 percussimus,
3042 5494 3106 5534 ac
3157 5480 3481 5551 reliquimus
3514 5496 3530 5533 ι

1965 5583 2086 5637 quse
2130 5566 2347 5636 quidem
2395 5575 2711 5636 serpentum
2745 5584 2943 5640 genera
2974 5587 3082 5625 non
3128 5580 3238 5626 tam
3276 5571 3528 5644 praesenti

1966 5673 2176 5713 veneno
2199 5665 2328 5712 sunt
2361 5677 2374 5712 :
2413 5668 2792 5715 verumtamen
2833 5670 2940 5717 tam
2978 5663 3048 5719 ob
3084 5679 3271 5720 eorum
3299 5659 3526 5735 pernici-

368 5840 385 5870 *
411 5836 474 5895 F.
508 5839 724 5908 γύναια.
799 5847 820 5879 ²
846 5840 1009 5898 Deest
1048 5841 1274 5914 aliquid.
1338 5841 1358 5874 ⁸
1385 5838 1409 5895 Ι
1439 5837 1582 5897 Tim.
1618 5855 1671 5903 v,
1703 5836 1785 5894 tt.
1862 5837 1884 5871 ⁸
1920 5836 2092 5894 Exod.
2119 5853 2246 5907 xxv,
2275 5836 2308 5892 t
2337 5854 2459 5913 sqq.
