3850 6517
419 459 524 516 203

1835 455 1890 514 S.
1934 457 2279 514 EpwtlAMt

3563 463 3680 525 ΞΟ),

417 576 581 642 ratiO,
611 574 942 646 minimeque
987 572 1224 630 cohoeret
1269 572 1387 644 ipsa
1426 587 1637 639 secum,
1675 588 1800 628 cum
1846 580 1902 626 ιιι
1938 582 1993 629 et
2022 587 2067 641 Α
2106 573 2419 646 Ὀμολογεῖς
2467 573 2566 644 μὲν
2603 574 2711 645 γάρ
2756 591 2871 628 τινα
2917 569 3056 629 εἶναι
3098 577 3459 649 δημιουργὸν,
3489 580 3549 635 ὃν
3583 586 3673 638 καὶ

417 669 669 740 opificem
722 666 1013 737 quemdam
1062 666 1308 722 omnium
1343 657 1542 722 rerum
1595 681 1718 723 esse
1768 666 1992 732 fateare,

416 776 577 833 quem
606 761 767 815 etiam
804 758 1234 829 omnipotentem
1280 756 1504 823 asseris,
1536 766 1588 813 et
1621 757 1676 811 in
1712 770 1777 812 eo
1813 765 1994 811 tamen

414 856 537 925 ipso
567 851 918 907 divinitatum
958 849 1194 906 divortia
1222 850 1549 906 constituas.
1572 848 1673 919 13
1690 848 1993 917 Cujusnam

414 958 541 998 vero
561 942 757 997 artifex
787 942 891 996 erit
916 940 1029 1007 ille,
1058 940 1104 995 si
1130 940 1356 1011 aequalis
1379 950 1623 1010 tempore
1651 939 1879 994 materia
1903 953 1994 1009 po-

411 1035 596 1089 nitur?
619 1033 736 1088 Erit
766 1034 912 1089 enim
941 1046 1037 1104 per
1065 1047 1187 1087 sese
1218 1032 1416 1087 suimet
1451 1033 1570 1103 ipsa
1604 1031 1770 1102 iuris,
1802 1037 1991 1099 utpote

409 1141 532 1197 quae
566 1140 596 1179 a
625 1125 776 1179 nullo
800 1125 872 1179 sit
903 1123 1134 1195 originis
1162 1124 1434 1196 principio
1457 1123 1712 1187 deducta,
1746 1122 1993 1192 a'deoque

312 1202 316 1206 ⁴
410 1216 656 1287 subjecta
690 1215 914 1271 nemini.
949 1213 1102 1281 Quod
1138 1216 1184 1271 si
1218 1216 1288 1271 ab
1315 1231 1399 1279 ea,
1433 1214 1737 1286 producere
1777 1224 1837 1268 ut
1866 1228 1993 1291 pos-

410 1317 512 1372 set,
541 1306 724 1378 opifex
749 1307 841 1378 qui
875 1322 995 1363 eam
1028 1316 1223 1364 nactus
1271 1313 1357 1363 cst
1401 1307 1695 1377 acceperit,
1724 1306 1989 1361 nonnulla

412 1397 526 1453 ltaec
557 1411 679 1453 esse
727 1397 886 1453 debet
914 1398 1075 1454 illius
1120 1398 1491 1464 imbecillitas,
1526 1412 1590 1451 ac
1629 1397 1777 1452 velut
1810 1396 1990 1466 egenti

410 1487 553 1542 facta
581 1487 917 1543 contributio
946 1507 961 1544 t
998 1489 1260 1542 nimirum
1288 1488 1378 1557 qui
1408 1500 1517 1542 non
1549 1487 1776 1558 privatis
1802 1503 1870 1543 ex
1895 1503 1990 1544 co-

407 1577 536 1647 piis,
567 1576 666 1632 sed
697 1592 764 1632 ex
789 1577 966 1632 aliena
1011 1578 1238 1633 ntateria
1282 1592 1444 1633 suum
1479 1588 1616 1649 opus
1643 1578 1985 1649 praestiterit.

406 1666 525 1722 Jam
556 1667 689 1723 lllud
726 1667 794 1723 de
824 1667 1130 1723 animarum
1159 1667 1214 1722 in
1251 1668 1428 1724 aliena
1468 1680 1701 1740 corpora
1725 1669 1987 1734 transitu,

406 1765 666 1830 quantam
711 1759 768 1814 in
819 1765 871 1814 te
910 1760 1184 1815 levitatem
1214 1756 1522 1831 depravatae
1550 1762 1751 1816 mentis
1785 1761 1985 1832 arguit,

2099 667 2513 739 παντοκράτορα
2539 667 2646 738 φής
2664 684 2676 696 ·
2698 667 2887 721 τοῦτον
2912 667 2969 722 δὲ
2994 668 3235 742 μερίζεις
3256 672 3336 735 είς
3365 672 3673 729 πολυθεῖαν.

2098 754 2255 817 Τίνος
2286 753 2331 806 δ’
2363 753 2429 808 ἂν
2480 754 2565 826 εἴη
2604 753 2969 826 δημιουργὸς,
3013 758 3028 787 ¹
3083 756 3115 828 ἢ
3158 757 3454 830 σύγχρονος
3503 763 3589 836 εἴη
3643 767 3679 837 ἡ

2098 843 2231 915 ῦλη;
2266 845 2459 897 Ἔσται
2507 843 2617 916 γάρ
2655 843 2776 898 καθ’
2823 845 3022 916 ἑαυτὴν
3067 848 3270 918 ἑαυτῆς
3318 848 3675 916 δεσπόζουσα,

2094 935 2127 1003 ὴ
2159 934 2232 1005 μὴ
2262 932 2370 986 ἀπὸ
2393 933 2566 986 αἰτίου
2599 933 2744 997 τινὸς
2774 932 3012 987 λαὸοἷισα
3036 933 3135 1006 τὴν
3164 935 3341 1008 ἀρχὴν
3374 976 3389 1002 ,
3441 940 3538 992 καὶ
3576 940 3679 1010 οὐχ

2096 1025 2530 1095 ὑποτασσομένη.
2578 1025 2643 1078 Et
2697 1024 2753 1078 δὲ
2803 1025 2832 1077 ὁ
2881 1024 3210 1097 δημιουργὸς
3270 1027 3421 1100 παρὰ
3471 1029 3677 1101 ταύτης

2094 1115 2357 1185 λαμόάνει
2391 1114 2660 1187 προὸολὴν
2693 1115 2898 1188 ταύτην
2929 1117 3249 1188 εὑράμενος,
3287 1118 3544 1191 ἁδράνειά
3590 1139 3677 1185 τις

2080 1208 2160 1277 ,ἂν
2208 1207 2293 1279 εἴη
2342 1210 2434 1262 καὶ
2464 1208 2656 1281 ἔρανος
2691 1208 2757 1262 δι’
2788 1209 3021 1281 ἀπορίαν
3064 1209 3139 1280 τῷ
3181 1213 3676 1285 προσπορισαμένῳ

2091 1300 2192 1353 οὐκ
2218 1299 2326 1352 ἀπὸ
2362 1299 2470 1353 τῶν
2509 1286 2823 1362 ἱδίων,’ἀλλ’
2862 1298 2920 1365 ἐξ
2952 1299 3327 1369 ὑποκειμένων
3354 1299 3671 1373 ἀλλοτρίων,

2089 1389 2240 1451 ὅπως
2277 1388 2341 1442 τὸ
2385 1387 2515 1441 ἴδιον
2545 1388 2912 1459 ὑποστήσεται
2952 1387 3363 1459 δημιούργημα.
3402 1391 3513 1444 Καὶ
3544 1393 3675 1463 περὶ

2090 1483 2182 1538 τοῦ
2216 1483 2326 1537 τῶν
2366 1481 2552 1553 ψυχῶν
2591 1481 2970 1553 μεταγγισμοῦ
3013 1483 3179 1554 πολλή
3224 1501 3307 1548 τις
3336 1487 3369 1556 ἡ
3398 1485 3673 1559 φαυλότης

2088 1575 2188 1646 τῆς
2215 1590 2567 1643 παραπεποιη
2578 1573 2748 1644 μένης
2777 1590 2870 1626 σου
2908 1574 3147 1638 διανοίας
3174 1613 3188 1638 ,
3223 1575 3540 1646 ἐθελόσοφε,
3576 1581 3674 1633 καὶ

2089 1665 2290 1734 γνῶσιν
2357 1663 2663 1735 ἀνθρώποις
2710 1665 3149 1738 ὲπαγγελλόμενε
3181 1668 3195 1721 l
3231 1666 3295 1720 Et
3337 1667 3445 1741 γὰρ
3503 1672 3671 1741 μέρος

2082 1756 2226 1813 Θεοῦ
2252 1755 2488 1828 ὑπάρχει
2529 1756 2625 1810 καὶ
2675 1756 2974 1822 ἀθάνατος,
3012 1758 3242 1828 σώματα
3271 1759 3329 1813 δὲ
3381 1760 3578 1832 οἱκτρά
3608 1761 3670 1815 οὐ

403 1851 500 1921 qui
545 1857 600 1904 et
644 1849 926 1921 sapientiae
961 1850 1192 1922 gloriam
1238 1851 1483 1918 affectas,
1515 1861 1566 1907 et
1611 1866 1794 1907 rerum
1843 1853 1986 1922 apud
2096 1848 2254 1919 μόνον
2279 1847 2491 1919 εἴποιμι
2524 1845 2708 1919 θηρῶν
2736 1863 2795 1900 τε
2838 1848 2930 1901 καὶ
2959 1848 3205 1919 ἑρπετῶν
3242 1850 3340 1903 καὶ
3381 1851 3672 1908 κνωδάλων

405 1941 656 1998 homines
689 1942 973 1997 scientiam
1002 1942 1307 2013 profiteris!
1355 1942 1491 1997 Nam
1528 1945 1573 1999 si
1600 1958 1725 2015 pars
1769 1952 1853 2000 est
1892 1944 1983 1998 illa
2017 1925 2058 1986 Β
2086 1937 2360 2005 δυσγενῶν
2395 1939 2462 2009 τῇ
2499 1937 2693 1991 πλάσει
2738 1938 2906 2010 αὐτῆς
2942 1937 3262 2004 συνάπτεις,
3287 1943 3355 2012 τῇ
3389 1942 3498 1996 ἀπὸ
3532 1943 3670 1998 Θεοῦ

404 2027 523 2095 Dei,
554 2038 610 2085 et
635 2029 855 2101 quidem
877 2029 1237 2097 immortalis3
1272 2039 1329 2086 ιιι
1356 2045 1486 2087 vero
1510 2031 1576 2086 ad
1604 2031 1985 2088 infelicissiu·=a

391 2120 593 2178 nescio
624 2136 747 2193 quae
774 2135 1007 2193 corpora
1036 2136 1148 2177 non
1179 2121 1414 2177 ferarum
1440 2123 1628 2190 modo,
1655 2124 1750 2179 sed
1779 2130 1835 2178 et
1863 2137 1982 2178 ser-

2086 2027 2234 2082 κατὰ
2249 2028 2309 2080 σὲ
2324 2028 2425 2099 τὴν
2444 2027 2635 2082 οὐσίαν
2662 2045 2832 2099 κεκτη
2841 2029 2977 2102 μένῃ
3000 2045 3015 2060 ·
3044 2030 3140 2085 καὶ
3154 2031 3206 2084 τί
3225 2031 3292 2086 ἂν
3310 2031 3521 2099 γένοιτο
3546 2035 3669 2089 τού-

2090 2127 2186 2173 του
2222 2117 2620 2189 μοχθηρότερον
2636 2135 2651 2185 ;

401 2218 649 2285 pentum,
674 2226 738 2267 ac
770 2210 1165 2268 vilissimorum
1202 2212 1582 2276 animantium,
1651 2212 2019 2268 conditionem
2059 2209 2207 2264 illius
2253 2205 2506 2273 dimittis,
2541 2221 2665 2276 quae
2714 2208 2987 2274 naturam,
3045 2213 3098 2267 te
3140 2211 3362 2281 quidem
3416 2220 3667 2281 auctore,

402 2308 655 2362 haustam
687 2320 718 2360 a
747 2304 860 2362 Deo
892 2313 947 2360 et
980 2320 1300 2374 expressam
1327 2306 1588 2374 obtinuit;
1623 2315 1802 2379 potest
1826 2306 2125 2378 quidquam
2154 2318 2218 2358 ea
2248 2317 2308 2358 re
2330 2300 2461 2358 Esse
2490 2302 2843 2373 perversius?

471 2394 558 2448 111.
596 2392 667 2448 At
702 2393 867 2449 etiam
897 2392 1087 2451 Fatum
1122 2396 1282 2451 nobls
1314 2397 1530 2468 objicis,
1573 2413 1603 2451 a
1645 2413 1755 2468 quo
1792 2397 1978 2453 omnia

396 2483 846 2557 proficiscantur,
880 2499 1005 2555 quae
1033 2495 1142 2541 tam
1181 2486 1418 2555 botuuini,
1448 2503 1614 2559 quam
1642 2490 1856 2546 caeteris
1887 2503 1978 2545 re-

401 2577 507 2633 bus
533 2575 810 2631 accidunt.
844 2575 1045 2632 Verum
1087 2592 1219 2643 uno,
1268 2592 1444 2649 eoque
1468 2579 1799 2636 brevissimo
1830 2581 1980 2638 dicto

399 2677 559 2723 tuum
600 2667 735 2723 illud
775 2673 1144 2723 commentum
1183 2680 1489 2726 evanescet.
1539 2670 1598 2726 Si
1644 2671 1790 2726 enim
1831 2672 1977 2728 istud

379 2760 619 2831 ·ipsum;
676 2758 1002 2830 sapientem,
1041 2773 1106 2815 ac
1161 2760 1485 2830 prudentem
1547 2762 1704 2830 lieri3
1750 2764 1978 2821 rationis

385 2851 723 2923 xparticipem
767 2856 1160 2921 expertemque
1205 2848 1394 2917 nasci?
1442 2854 1766 2927 reliquaque
1810 2855 1979 2927 hujus

399 2941 620 3011 generis
660 2939 756 2994 l'ati
802 2941 1111 2998 necessitas
1157 2941 1350 3009 aflert3
1401 2943 1599 2999 sileant
1644 2945 1866 3002 decreta
1907 2946 1979 3002 le-

398 3046 527 3102 gum
558 3030 741 3087 omnia
781 3031 1028 3102 :quippe
1075 3046 1199 3087 cum
1238 3033 1293 3088 in
1336 3033 1613 3091 adulteros
1653 3037 1978 3094 sceleratos<-

397 3135 508 3193 que
548 3128 779 3177 caeteros
812 3119 906 3174 lati
935 3121 1019 3176 vis
1068 3120 1161 3175 illa
1208 3121 1539 3179 dominetur.
1583 3124 1727 3182 Sane
1755 3126 1974 3197 quidem
2000 3159 2045 3216 C

393 3210 598 3283 justius
624 3210 693 3265 ab
725 3210 925 3275 stellis»,
967 3225 1089 3281 quae
1110 3213 1494 3269 necessitatem
1526 3217 1766 3285 pariunt,
1798 3232 1977 3289 poenae

399 3306 743 3372 repetantur,
778 3314 943 3370 quam
979 3300 1049 3356 ab
1075 3316 1142 3356 eo
1175 3303 1267 3373 qui
1307 3304 1453 3375 quod
1488 3306 1600 3377 agit
1625 3308 1850 3362 omnino
1881 3323 1974 3363 co·
1995 3345 2010 3355 .

397 3400 557 3448 actus
573 3391 911 3463 aggreditur.
933 3391 1106 3464 Atque
1126 3402 1189 3449 ut
1206 3395 1259 3450 id
1285 3396 1392 3450 alia
1418 3398 1629 3452 ratione
1649 3398 1925 3469 disputem
1955 3419 1969 3454 t

396 3481 447 3539 si
472 3480 550 3536 ita
586 3483 666 3536 uti
696 3482 884 3537 volunt
919 3497 981 3538 se
1007 3499 1098 3540 res
1127 3483 1323 3551 habet;
1352 3486 1584 3557 agedum
1612 3489 1816 3545 scholae
1837 3505 1975 3545 con-

395 3572 665 3629 ticescant
698 3573 998 3631 :desinant
1043 3578 1328 3648 sopliistae,
1372 3579 1645 3649 rhetores,
1699 3598 1974 3653 gramma-

395 3666 517 3733 tici,
542 3666 758 3733 medici‚
795 3674 1113 3739 caeteraeque
1162 3669 1427 3728 doctrinae
1475 3689 1689 3740 omnes,
1741 3675 1974 3731 illibera-

394 3756 529 3812 lium
551 3757 751 3813 artium
776 3758 1064 3815 innumera
1097 3762 1412 3819 multitudo.
1447 3763 1556 3821 Nec
1589 3767 1786 3824 doceat
1815 3767 1970 3841 dein·

395 3863 525 3921 ceps
574 3849 848 3920 quispiam
877 3867 892 3916 ;
948 3851 995 3908 si
1059 3853 1280 3923 quidem
1321 3853 1441 3912 Fati
1498 3856 1799 3926 beneflcio,
1857 3876 1971 3917 non

393 3938 701 3994 litterarum
733 3938 1047 4012 disciplina,
1081 3944 1268 4015 generi
1297 3945 1540 4003 humano
1578 3950 1809 4005 scientia
1835 3967 1971 4022 sup·

392 4030 620 4101 peditat.
653 4028 790 4084 Nam
821 4031 869 4086 si
897 4031 1093 4089 doctos
1130 4045 1294 4106 atque
1325 4037 1571 4095 eruditus
1598 4039 1812 4098 efficere
1846 4042 1969 4097 Fati

392 4122 702 4179 necessitas
731 4133 930 4193 potest,
960 4140 1121 4182 nemo
1154 4130 1474 4198 praeceptori
1509 4141 1670 4187 navet
1700 4148 1922 4204 operam
1952 4154 1964 4190 :

393 4212 492 4269 sed
533 4212 640 4268 illae
688 4215 926 4270 stamina
966 4216 1250 4275 trahentes
1281 4217 1468 4276 Parcae
1519 4221 1734 4292 ingenia
1785 4225 1978 4279 homi--

391 4317 525 4358 num
550 4303 856 4375 disciplinis
883 4305 1641 4379 imbuant‚,quemadmodum
1673 4313 1821 4369 inani
1865 4315 1970 4371 fal-

382 4406 565 4464 toque
592 4393 686 4449 illo
703 4393 957 4465 dogmate
985 4397 1278 4467 profiteris.

833 4505 937 4579 14
968 4505 1056 4562 m:
1092 4507 1525 4577 PLAToNtcts,
1999 4514 2047 4572 ι)

534 4588 666 4657 Ωιιω
692 4605 771 4652 εει
800 4597 1014 4652 haeresis
1049 4601 1323 4671 aemilium
1355 4603 1383 4658 1
1402 4603 1463 4671 V,
1498 4608 1684 4664 ordine
1726 4606 1819 4663 VJ.

453 4765 586 4824 ilaec
635 4777 828 4826 contra
876 4770 1151 4829 Zenonem
1210 4785 1264 4832 et
1306 4776 1522 4836 Stoicos
1568 4769 1715 4836 dicta
1777 4795 1964 4841 sunt0.

389 4861 548 4927 Quod
583 4862 652 4917 ad
682 4862 966 4919 Platonem
991 4866 1205 4932 attinet,
1235 4868 1293 4924 in
1339 4872 1529 4928 eodem
1560 4873 1607 4930 is
1638 4875 1754 4932 luto
1779 4894 1965 4934 versa·

361 4958 497 5013 ,ιιιικ
532 4949 668 5004 Nam
693 4951 761 5007 de
795 4953 1103 5009 animarum
1126 4972 1192 5012 ex
1221 4940 1346 5016 aliis
1375 4961 1431 5015 in
1455 4963 1560 5018 alia
1590 4979 1821 5037 corpora
1845 4975 1961 5022 tra-

362 5036 645 5110 'iet-tione,
682 5056 748 5098 ac
788 5043 1196 5117 vicissitudine3
1229 5050 1404 5122 deque
1446 5057 1799 5116 multitudine
1831 5054 1964 5117 deoss

391 5144 534 5198 rum,
574 5149 639 5189 ae
674 5136 901 5208 reliquis
932 5136 1255 5197 idololatriae
1300 5147 1822 5222 superstitionisque
1862 5168 1959 5224 ge·

387 5222 611 5281 neribus
646 5226 836 5288 eadem
872 5237 958 5286 est
985 5230 1134 5290 illius
1171 5237 1465 5292 sententia.
1499 5238 1609 5296 Sed
1633 5242 1700 5297 de
1730 5245 1959 5300 materia

388 5316 621 5374 rou-tasse
647 5335 757 5376 non
781 5323 1008 5383 omnino
1036 5341 1160 5382 cum
1183 5327 1403 5387 Zenone
1429 5332 1740 5406 Stoicisque
1769 5339 1958 5396 sentit.

461 5474 476 5504 ¹
513 5473 674 5531 Forte
710 5478 759 5531 εἱ
793 5476 1107 5553 σύγχρονος.

458 5625 571 5712 (ὶθ)
616 5631 696 5754 ⁷1¹3?
721 5633 1262 5705 μετενσωματώσει.
1306 5633 1562 5723 Socrates
1591 5644 1732 5714 apud
1765 5643 1948 5701 Plato-

388 5711 512 5754 nem
546 5715 601 5754 in
679 5704 899 5758 hoedone
930 5705 998 5759 de
1032 5705 1135 5761 lioc
1165 5707 1236 5762 do
1276 5717 1416 5766 mate
1443 5713 1706 5782 disputat.
1742 5715 1846 5772 Sed
1889 5725 1946 5771 et

306 5798 315 5814 ι
383 5767 808 5852 chrysostomus
835 5771 1068 5829 Romilia
1100 5773 1125 5830 1
1152 5778 1204 5831 in
1265 5796 1387 5833 van.
1418 5779 1662 5840 Platonis
1687 5786 1945 5857 dogmata

383 5838 454 5897 de
485 5854 662 5896 amma
694 5843 1026 5914 redarguens
1056 5864 1068 5900 ε
1103 5845 1214 5900 Νῦν
1247 5850 1343 5928 μζεν
1378 5850 1484 5920 γὰρ
1515 5853 1682 5925 αὐτὴν
1709 5855 1811 5926 τῆς
1849 5855 1945 5910 τοῦ

2157 2395 2231 2454 Γ’.
2265 2393 2619 2466 Εἱμαρμένην
2641 2393 2700 2447 δὲ
2730 2394 3107 2465 παρεισάγεις,
3131 2394 3206 2459 ὡς
3240 2397 3298 2464 ἐξ
3325 2399 3499 2470 αὐτῆς
3522 2398 3661 2470 γίνε·

2084 2485 2207 2540 σθαι
2247 2485 2318 2540 τά
2349 2484 2429 2555 τῷ
2467 2483 2739 2554 ἀνθρώπῳ
2785 2484 3148 2555 συμῦαίνοντα
3193 2488 3289 2541 καὶ
3333 2489 3534 2556 ἀλλοις.
3574 2492 3660 2558 Ἐξ

2080 2578 2199 2641 ἐνὸς
2229 2577 2285 2630 δὲ
2315 2575 2480 2648 ῥητοῦ
2503 2576 2861 2648 δι’,έπιτομῆς
2885 2576 2980 2630 τοῦ
3014 2577 3194 2647 λόγου,
3224 2581 3667 2656 ἀνατραπησεταῑ

2080 2671 2114 2741 ἡ
2139 2659 2206 2741 sl}
2241 2668 2553 2740 μυθοποιία.
2597 2667 2663 2721 Et
2705 2668 2815 2740 γάρ
2853 2670 3197 2742 εἱμαρμένης
3227 2672 3289 2726 τὸ
3326 2674 3668 2742 σοφίζεσθαι,

2079 2757 2139 2812 τὸ
2164 2757 2555 2826 συνετὶζεσθαι,
2573 2758 2636 2813 τὸ
2659 2759 2877 2828 λογιιὼν
2913 2762 3205 2830 γεννᾶσθαι
3227 2763 3318 2815 καὶ
3340 2763 3551 2829 ἄλογον,
3572 2766 3665 2816 καὶ
3709 2828 3716 2836 ,

2078 2849 2149 2904 τά
2175 2849 2312 2911 ἀλλα
2344 2850 2544 2914 πάντα,
2570 2850 2972 2904 παυσάσθωσαν
3013 2853 3198 2923 νόμοι·
3240 2852 3527 2921 ἐπικρατεῖ
3554 2851 3666 2923 γὰρ

2078 2941 2113 3010 ἡ
2140 2939 2450 3010 εἱμαρμένη
2488 2937 2690 3009 μοιχῶν
2718 2953 2779 2990 τε
2818 2938 2912 2991 καὶ
2943 2940 3138 2995 ἄλλων.
3171 2941 3339 3012 Δίκην
3373 2941 3430 2994 δὲ
3460 2941 3665 3012 μᾶλλον

2076 3030 2317 3084 τίσουσιν
2361 3029 2411 3082 οἱ
2472 3026 2717 3098 ἀνάγκην
2767 3027 3099 3093 ἐπιτιθέντες
3165 3033 3395 3106 ἀστέρες
3449 3016 3595 3107 ἥπερ
3635 3036 3666 3089 d

2077 3119 2519 3190 ἀναγκαζόμενος
2574 3117 2770 3190 δρᾶσαι
2817 3118 2880 3173 τὸ
2928 3120 3282 3191 ἐπιχείρημα.
3355 3123 3514 3177 Ἀλλὰ
3569 3127 3668 3179 καὶ

2081 3212 2257 3276 ἄλλως
2281 3210 2363 3264 ἔτι
2390 3210 2518 3283 περὶ
2548 3208 2753 3265 τούτων
2785 3209 2915 3284 ἒρῶ.
2967 3210 3335 3282 Ἀργείτωσαν
3359 3215 3419 3268 αἱ
3452 3215 3667 3287 διατρι-

2079 3302 2195 3366 fiai,
2216 3301 2616 3356 παυσάσθωσαν
2640 3303 2889 3372 σοφισταί
2907 3319 2967 3356 τε
2987 3304 3079 3356 καὶ
3112 3300 3341 3375 ῥήτορες
3362 3305 3456 3360 καὶ
3479 3322 3665 3379 γραμ·

2084 3398 2322 3469 ματικοὶ,
2364 3397 2537 3472 ἱατροὶ
2561 3413 2622 3450 τε
2640 3381 2738 3451 καὶ
2755 3395 2914 3452 ἄλλαι
2942 3397 3262 3468 ἐπιστῆμαι,
3290 3395 3578 3468 βαναύσων
3602 3413 3665 3456 τε

2078 3490 2282 3561 τεχνῶν
2308 3489 2601 3561 ἀμυθήτων
2651 3488 2875 3560 πλῆθος.
2923 3489 3035 3543 Καὶ
3074 3487 3276 3558 μηκέτι
3316 3489 3504 3560 μηδεὶς
3531 3508 3660 3544 παι-

2077 3582 2300 3645 δεοέτω,
2332 3581 2492 3654 εἴπερ
2520 3581 2582 3646 ἐξ
2623 3581 2965 3652 εἱμαρμένης
2997 3581 3255 3651 τυγχάνει
3294 3580 3404 3639 τῶν
3432 3583 3664 3655 ὲπιστη·

2081 3674 2219 3746 μῶν,
2250 3672 2345 3727 καὶ
2377 3672 2451 3745 μὴ
2510 3674 2575 3726 ἐκ
2624 3671 2971 3742 γραμμάτων
3010 3670 3299 3744 μαθήσεως
3338 3674 3369 3727 ὁ
3394 3675 3661 3747 πορισμὸς

2076 3768 2145 3838 τῇ
2178 3763 2500 3840 ἀνθρωπεία
2521 3762 2700 3832 φύσει.
2738 3764 2801 3816 El
2836 3762 2946 3834 γὰρ
2990 3764 3302 3837 εἱμαρμένη
3336 3762 3429 3820 τὸν
3457 3783 3660 3821 πεπαι-

2075 3856 2336 3930 δευμένον
2374 3856 2470 3911 καὶ
2512 3856 2838 3925 λογιώτατον
2887 3855 3291 3928 παρεσκεύασε,
3334 3858 3408 3928 μὴ
3450 3858 3660 3928 μανθα-

2076 3950 2215 4005 νέτω
2237 3967 2320 4014 τις
2350 3947 2501 4022 παρὰ
2533 3947 2627 4002 τοῦ
2654 3948 2996 4013 διδάσκοντος
3013 3965 3027 3981 ·
3052 3948 3188 4003 ἀλλὰ
3214 3951 3279 4021 τῇ
3313 3949 3472 4020 φύσει
3519 3949 3658 4021 λαμ-

2075 4040 2529 4113 δανέτωσαντὴν
2569 4040 2773 4113 εἴδησιν
2820 4041 2877 4094 αἱ
2929 4041 3057 4105 τοὺς
3117 4041 3307 4112 μίτους
3352 4042 3656 4098 κλώθουσαι

2074 4131 2299 4200 Μοῖραι,
2326 4129 2467 4183 κατὰ
2497 4129 2561 4181 τὸ
2586 4128 2806 4200 φθέγμα
2830 4129 2932 4198 τῆς
2970 4129 3294 4201 κομπώδους
3337 4147 3430 4183 σου
3453 4130 3541 4184 διὰ
3570 4132 3655 4186 λό-

2072 4233 2187 4291 γων
2214 4219 2440 4290 πλάνης.
3570 4245 3581 4264 ·

2635 4526 3081 4592 nAA‘mNtKol,

2076 4613 2330 4687 Τετάρτῃ
2374 4617 2605 4687 αἵρεσις
2639 4618 2759 4672 ἀπὸ
2819 4618 3249 4687 Ἑλληνισμοῦ,
3291 4622 3432 4692 ἕκτη
3466 4624 3534 4678 δὲ
3575 4623 3649 4697 τῇ

2682 4688 3027 4757 ἀκολουθίᾳ.

2156 4799 2315 4854 Ἀλλὰ
2341 4797 2518 4854 ταῦτα
2558 4800 2695 4872 πρὸς
2725 4802 2948 4873 Ζήνωνα
2977 4800 3072 4855 καὶ
3096 4801 3222 4866 τοὺς
3250 4803 3521 4868 Στωῖκούς
3556 4822 3648 4876 μοι

2067 4890 2320 4963 λελέχθω.
2343 4890 2568 4946 Πλάτων
2593 4891 2651 4945 δὲ
2696 4891 2816 4962 ἅμα
2850 4893 2945 4946 καὶ
2978 4892 3141 4957 αὐτὸς
3167 4894 3310 4949 κατά
3328 4894 3438 4949 τῶν
3464 4897 3646 4951 αὐτῶν

2068 4984 2468 5056 φερόμενος,τῇ
2498 4983 3116 5056 μετενσωματώσει(49)
3151 4985 3247 5039 καὶ
3279 4990 3645 5061 μεταγγισμῷ

2065 5074 2174 5129 τῶν
2204 5075 2410 5147 ψυχῶν,
2440 5075 2535 5131 καὶ
2579 5073 2890 5141 πολυθεῖαις
2928 5077 3024 5131 καὶ
3059 5078 3179 5140 ταῖς
3216 5077 3405 5143 ἄλλαις
3429 5080 3638 5134 εἰδωλο-

2066 5161 2342 5235 λατρείαις
2375 5163 2471 5218 καὶ
2514 5163 2974 5236 δεισιδαιμονίαις,
3002 5163 3064 5221 οὗ
3083 5169 3149 5238 τῇ
3177 5167 3278 5241 ὕλῃ
3305 5169 3483 5242 πάντη
3515 5170 3641 5237 ἴσως

2068 5256 2209 5309 κατὰ
2238 5258 2459 5328 Ζήνωνα
2480 5257 2573 5311 καὶ
2599 5259 2725 5322 τοὺς
2740 5259 3009 5324 Στωϊκοὺς
3033 5261 3353 5332 ἐφρόνησεν.
3384 5259 3507 5317 olas
3533 5266 3643 5337 γὰρ

2069 5345 2231 5412 αὐτὸς
2262 5348 2416 5415 Θεὸν,
2439 5349 2505 5403 τὰ
2532 5348 2589 5404 δὲ
2614 5350 2879 5420 γενόμενα
2909 5351 3084 5406 πάντα
3105 5353 3169 5408 ἐκ
3192 5352 3287 5408 τοῦ
3319 5354 3473 5419 ὄντος
3503 5354 3640 5412 Θεοῦ

2052 5649 2185 5704 Θεοῦ
2199 5668 2377 5734 ,φησιν
2409 5655 2598 5719 οὐσίας
2628 5651 2788 5712 εἶναι.
2818 5658 2936 5714 Νῦν
2962 5660 3017 5715 δὲ
3040 5656 3214 5728 οὕτως
3240 5661 3517 5740 ἀμέτρως,
3544 5674 3640 5726 καὶ

2051 5719 2262 5802 ἀσερως
2282 5723 2507 5794 ἐπάρας
2534 5725 2655 5795 μεθ’
2684 5726 2881 5799 ἐτέρας
2912 5731 3233 5803 καθυῦρὶζει
3262 5737 3421 5792 πάλιν
3467 5741 3640 5810 ὑπερ-

2050 5789 2232 5861 δολης,
2264 5792 2344 5856 εἱς
2371 5794 2604 5864 χοίρους,
2632 5797 2725 5850 καὶ
2747 5797 2899 5873 ὄνους
2921 5802 3177 5872 είσάγων,
3206 5807 3297 5859 καὶ
3320 5809 3386 5862 τὰ
3410 5807 3490 5862 ἔτι
3513 5810 3632 5864 τού·

2052 5875 2159 5913 των
2184 5860 2477 5935 ἀτιμότερα
2508 5863 2642 5929 ζῶα.
3265 5879 3273 5893 “
