3850 6517
318 445 422 500 ¹⁴9

1277 466 1283 474 ·
1335 446 1391 501 S.
1436 446 1769 502 EPlPllANll
1811 443 1993 499 ACTA
2035 442 2530 500 BoLLAiwlANA.

3440 433 3544 495 {50

317 563 716 630 imperatricis,
772 562 829 618 in
870 561 1038 618 altera
1096 573 1285 632 postea
1339 566 1550 638 synodo
1600 567 1882 622 decretum
1914 571 1960 626 Α
1994 563 2240 629 Petavio,
2275 565 2712 636 ψευδεπίγραφον
2744 560 2986 627 credere,
3022 578 3040 610 c
3081 563 3301 630 propter
3328 571 3553 612 sexcen-

315 653 494 712 saneti
548 654 809 710 exsilium
855 662 975 720 est,
1029 670 1098 711 eo
1157 656 1333 712 solum
1389 666 1669 727 praetextu,
1737 657 1882 728 quod

312 746 610 800 damnatus
639 742 695 797 in
716 742 945 815 synodo,
963 744 1170 814 absque
1196 747 1589 813 numerosioris
1610 762 1772 818 quam
1797 747 1884 802 illa

314 836 385 891 ad
438 833 711 902 Quercum
758 833 934 891 suerat
965 836 1155 907 synodi
1198 838 1482 904 sententia,
1516 839 1696 896 sedem
1729 853 1884 895 suam

319 926 637 997 recepisset.

389 1017 482 1074 56.
515 1017 597 1073 Ad
626 1026 933 1084 extremum
960 1017 1014 1073 in
1047 1017 1219 1086 Actis,
1260 1026 1413 1076 tanto
1438 1019 1563 1092 jure
1589 1020 1888 1092 reproban-

319 1115 427 1180 dis,
454 1112 654 1171 dieitur
703 1111 1044 1184 Epiphanius
1095 1112 1414 1169 adhortatus
1460 1110 1514 1166 in
1558 1111 1681 1167 navi
1731 1126 1882 1176 suos,

323 1207 546 1263 sedasse
591 1205 846 1277 precibus
898 1213 1274 1275 tempestatem
1336 1203 1666 1270 triduanam,
1724 1209 1889 1273 atque

321 1297 657 1368 exspirasse.
686 1296 857 1366 Cuius
890 1295 1158 1352 demortui
1193 1310 1413 1365 corpus,
1433 1287 1889 1349 circumcisum'ne

320 1397 488 1452 esset,
514 1386 801 1456 explorare
826 1387 1015 1442 volens
1061 1385 1390 1450 navarchus,
1424 1384 1533 1438 ictu
1606 1379 1757 1453 pedis
1799 1395 1887 1436 re·

323 1486 408 1532 tro
438 1486 595 1533 actus
617 1477 1032 1547 exstitimusque
1080 1476 1148 1532 ad
1188 1475 1410 1531 eosdem
1457 1473 1623 1544 pedes
1677 1471 1889 1542 positus

324 1570 600 1625 revixerit.
644 1569 888 1639 Cumque
934 1567 1308 1623 Constantiam
1369 1566 1670 1636 appulisset
1710 1561 1886 1631 navis,

327 1660 564 1715 tenebrae
593 1658 811 1729 quidem
857 1658 954 1714 toti
999 1655 1348 1712 incubuerint
1391 1655 1632 1723 civitati3
1664 1665 1773 1710 tres
1805 1664 1888 1708 ta-

324 1764 452 1804 men
505 1747 635 1804 caeei
691 1748 904 1804 obviam
961 1746 1258 1818 progressi,
1317 1760 1445 1802 cum
1495 1745 1721 1815 reliquis
1766 1757 1890 1799 sese

324 1854 488 1895 manu
523 1838 858 1906 tenentibus,
884 1837 1064 1894 visum
1095 1839 1432 1908 receperint;
1471 1850 1671 1906 eorpus
1704 1844 1884 1888 autem

320 1931 602 1986 conditum
641 1931 798 1987 melle
828 1929 1214 2009 prostiterit-in
1243 1928 1473 1984 eeclesia
1506 1926 1701 1983 diebus
1743 1925 1890 1980 mul-
1920 1901 1961 1955 Β

324 2022 414 2083 tis,
446 2037 514 2076 eo
545 2021 688 2091 quod
714 2020 997 2093 Longinus
1025 2030 1081 2077 et
1096 2017 1388 2076 Petronius
1430 2019 1670 2083 diaconi,
1694 2015 1888 2072 baeresi

325 2110 703 2166 Valentiniana
747 2109 887 2166 elam
933 2107 1140 2176 inlecti,
1174 2107 1329 2164 nefas
1359 2122 1481 2163 esse
1525 2106 1770 2162 dicerent
1808 2109 1892 2162 in-

320 2209 402 2256 tra
428 2199 700 2254 civitatem
752 2199 808 2254 in
857 2198 1088 2255 ecelesia
1145 2198 1360 2268 sepeliri
1410 2207 1718 2261 mortuum;
1758 2197 1889 2267 quia

321 2299 501 2345 antem
535 2289 765 2360 sepelire
790 2304 919 2346 eum
956 2289 1313 2346 nibilominus
1344 2288 1655 2345 volentibus
1706 2289 1783 2343 illi
1831 2303 1891 2344 se

321 2380 688 2449 opponebant,
714 2380 784 2435 ad
821 2380 1117 2435 venerandi
1146 2379 1361 2434 diaconi
1397 2378 1607 2443 Sabini,
1652 2377 1891 2448 Epipha-

328 2467 476 2522 nium
508 2468 835 2534 invocantis.
860 2483 1085 2539 preees;
1127 2468 1406 2540 Longinus
1437 2468 1656 2539 quidem
1691 2469 1882 2523 conci-

333 2553 476 2608 derit
502 2554 621 2624 ipso
669 2556 791 2612 loco
839 2569 1111 2623 mortuns,
1168 2557 1455 2614 Petronius
1498 2573 1650 2622 vero,
1706 2557 1883 2615 elatus

334 2640 463 2698 inde
494 2643 815 2716 paralyticus
835 2661 898 2700 ac
920 2656 1127 2715 mutus,
1150 2656 1347 2718 quarto
1378 2648 1466 2702 die
1492 2647 1712 2702 obierit.
1745 2645 1885 2703 Tum

326 2747 458 2788 vero
515 2733 716 2807 missos
762 2734 1286 2807 Constantinopolim
1353 2738 1558 2807 legatos
1615 2752 1731 2801 sex,
1788 2737 1883 2807 qui

319 2824 538 2880 Arcadii
581 2825 924 2897 imperatoris
978 2829 1313 2884 voluntatem
1355 2829 1743 2899 exquirerent;
1799 2828 1891 2884 bie

319 2936 450 2978 vero
490 2938 585 2979 eos
636 2924 953 2991 detinuerit,
995 2926 1170 2981 donec
1209 2940 1394 2986 snum,
1451 2934 1509 2979 ut
1558 2923 1885 2993 appellabat,

318 3022 526 3084 patrem
561 3013 790 3072 luxisset
830 3016 1031 3072 diebus
1063 3016 1454 3086 qnadraginta;
1490 3015 1667 3084 iisque
1696 3012 1884 3083 exple-

314 3102 389 3160 tis
417 3104 633 3161 eosdem
666 3105 942 3161 remiserit
971 3121 1096 3161 eum
1130 3105 1366 3176 quodam
1404 3103 1662 3168 Maximo,
1710 3105 1882 3159 mole-

312 3196 461 3246 stum
483 3190 591 3248 sibi
626 3190 930 3246 daemonem
965 3189 1400 3247 circumferente.
1423 3190 1504 3243 Ab
1535 3190 1638 3244 boc
1670 3197 1876 3254 autem,

314 3286 440 3337 ante
467 3293 688 3336 sacrum
729 3294 932 3350 eorpus
979 3290 1253 3351 prostrato
1304 3281 1369 3337 a‘c
1406 3281 1654 3343 liberato,
1692 3280 1883 3333 lectam

318 3368 655 3440 imperialem
679 3371 990 3441 epistolam,
1015 3388 1177 3428 versu
1210 3373 1450 3428 secundo
1475 3373 1556 3428 sie
1599 3373 1886 3430 continen-

319 3469 457 3515 tem:
487 3478 507 3513 ι
536 3457 676 3514 Eum
698 3460 791 3531 qui
819 3460 953 3517 vixit
977 3477 1141 3533 supra
1171 3471 1388 3518 nostras
1427 3462 1593 3533 leges,
1623 3464 1882 3522 nolumus

317 3550 502 3622 §aeere
561 3553 950 3610 convenienter
1004 3555 1210 3611 nostris
1252 3555 1496 3624 legibus;
1542 3573 1562 3607 ι
1595 3563 1760 3625 atque
1811 3555 1884 3610 ita

252 3640 259 3649 '
319 3644 538 3700 demum
563 3645 847 3715 depositus
871 3646 1029 3702 luerit
1056 3658 1281 3703 sanctus
1320 3646 1374 3701 in
1418 3646 1574 3703 theca
1607 3648 1673 3712 ad
1718 3647 1768 3702 id
1801 3645 1886 3702 sa-

319 3733 552 3799 bricata,
585 3753 605 3788 i
639 3737 756 3808 ipso
783 3739 907 3794 loco
940 3738 1032 3793 ubi
1067 3753 1235 3808 supra
1266 3737 1684 3809 Faustinianum
1741 3740 1886 3796 ceei-

316 3822 472 3879 derat
501 3824 817 3892 fabricator,
849 3846 869 3878 ι
899 3826 1092 3894 ntique
1115 3827 1397 3881 mensibus
1428 3829 1602 3883 tribus
1627 3839 1722 3884 aut
1751 3844 1889 3901 qua-

319 3923 470 3979 tuor,
505 3915 661 3983 ]nxta
708 3917 854 3968 bane
908 3911 1170 3979 fabulam,
1231 3925 1354 3983 post
1403 3919 1573 3973 sancti
1630 3936 1884 3980 mortem.

323 4002 452 4058 llaec
479 4009 686 4068 antem,
719 4011 780 4055 ut
808 4000 1045 4056 indicavi
1072 4017 1127 4056 n.
1162 4002 1216 4068 5,
1252 4003 1471 4073 fingitur
1498 4012 1732 4070 seribere
1759 4016 1885 4083 Epi-

329 4090 518 4164 plianii
552 4106 839 4148 successor
874 4089 1111 4150 Sabinus
1141 4095 1208 4150 ad
1239 4093 1514 4170 Polybium
1560 4113 1753 4160 octavo
1792 4107 1880 4162 die

325 4181 573 4239 durantis
605 4197 702 4253 pro
747 4183 1023 4253 sepultura
1054 4188 1421 4245 contentionis
1458 4191 1768 4263 digressum
1817 4201 1887 4256 ab

323 4274 523 4340 insula,
563 4281 618 4330 et
653 4283 776 4345 post
819 4276 985 4332 unius
1030 4281 1160 4333 anni
1219 4294 1428 4336 moram
1483 4283 1538 4338 in
1587 4282 1884 4360 Thebaide,

321 4372 534 4434 raptum
603 4365 674 4420 ab
722 4363 1076 4434 Heracleone,
1133 4368 1301 4426 totius
1352 4369 1570 4443 AEgypti
1634 4379 1883 4448 praeside,

319 4455 716 4514 Rhinocornris
752 4466 886 4514 tunc
933 4459 1234 4528 habitante,
1285 4471 1347 4518 ut
1387 4475 1536 4521 esset
1567 4467 1688 4538 ejus
1736 4472 1885 4528 urbis

1988 662 2075 711 tas
2112 655 2518 710 mendaciorum
2549 669 2741 724 nugas,
2780 653 2981 723 quibus
3006 649 3143 705 liber
3182 647 3275 703 ‘ille
3315 645 3550 701 refertus

1986 752 2093 801 est.
2136 762 2155 796 ι
2179 743 2397 799 Pelavio
2427 740 2757 797 Sirmundus
2782 750 2835 795 et
2860 740 3124 795 Labbaeus
3150 734 3548 805 subscripsere,

1988 835 2163 891 saneti
2201 834 2380 891 Patris
2429 833 2622 890 honori
2669 831 2945 897 laventes3
2992 839 3046 886 ct
3085 830 3281 885 borum
3327 833 3550 883 senten-

1990 926 2122 982 tiam
2154 940 2219 980 ex
2260 927 2449 982 eodem
2493 923 2700 979 motivo
2746 921 3002 978 libentius
3041 932 3218 987 teneo,
3257 919 3382 976 licet
3413 917 3549 975 satis

1957 1017 2284 1088 *intelligam
2318 1031 2444 1070 cum
2483 1015 2735 1080 Labbaeo,
2773 1028 2895 1070 esse
2931 1011 3025 1083 qui
3068 1023 3344 1077 censeant,
3383 1029 3403 1064 ι
3444 1025 3552 1066 non

1989 1106 2168 1163 omnia
2226 1106 2497 1161 veteribus
2546 1104 2801 1159 Patribus
2856 1101 3248 1168 subtrahenda,
3274 1100 3329 1155 in
3355 1100 3553 1172 quibus

1990 1193 2343 1250 Thalmudica
2378 1202 2688 1249 commenta
2716 1202 2771 1248 et
2808 1189 3087 1247 Hebraicae
3136 1184 3386 1261 quaedam
3418 1188 3554 1245 deu-

1991 1295 2197 1343 teroses
2224 1286 2596 1343 continentur.

2060 1379 2148 1435 58.
2181 1377 2273 1435 Sic
2303 1379 2439 1434 liber
2469 1378 2545 1433 De
2582 1377 2702 1431 Vita
2729 1387 2778 1430 et
2806 1385 2973 1431 morte
2992 1374 3282 1445 justorum,
3319 1370 3554 1428 Barouio

1992 1469 2046 1523 in
2074 1468 2220 1524 notis
2252 1468 2318 1522 ad
2352 1466 2661 1522 Romanum
2688 1464 3133 1537 martyrologium
3167 1462 3192 1516 1
3230 1459 3353 1515 Maii
3393 1468 3446 1515 et
3482 1460 3554 1514 25

1996 1577 2015 1610 c
2051 1559 2356 1629 cujuspiam
2383 1558 2607 1615 alterius
2654 1557 2838 1627 potius
2880 1571 3044 1626 quam
3090 1555 3150 1612 S.
3206 1552 3554 1631 isidorihcsse

1991 1647 2223 1713 videtur,
2258 1647 2489 1719 eoquod
2526 1646 2580 1701 in
2624 1661 2690 1702 eo
2722 1645 3002 1716 complura
3045 1643 3405 1713 reperiantur,
3454 1640 3555 1698 lsi-

1990 1742 2123 1798 doro
2156 1742 2399 1812 indigna,
2431 1747 2806 1811 coagmentata
2856 1737 3136 1794 mendacia
3167 1753 3181 1790 :
3222 1756 3241 1790 ι
3272 1737 3339 1793 (18
3375 1751 3441 1791 eo
3480 1745 3549 1791 ta·

1992 1848 2113 1888 men
2138 1847 2246 1887 non
2273 1831 2406 1888 sinit
2433 1847 2534 1887 nos
2568 1830 2816 1887 dubitare
2850 1827 2908 1884 S.
2945 1827 3168 1884 Braulio
3192 1827 3247 1882 in
3285 1835 3552 1898 praenota-

1992 1924 2138 1980 tione
2169 1924 2433 1980 librorum
2461 1923 2582 1994 ejus
2615 1941 2629 1977 :
2663 1922 2737 1977 ita
2773 1931 2834 1978 ut
2876 1920 3006 1977 huie
3043 1919 3357 1976 excusando
3406 1918 3553 1974 aliud

1991 2031 2101 2071 non
2131 2023 2404 2086 suppetat,
2453 2029 2618 2085 quam
2667 2027 2815 2082 cum⁴
2844 2010 3078 2067 Labbaeo
3126 1994 3208 2066 vel
3259 2025 3554 2079 agnoscere

1995 2126 2015 2160 r
2054 2106 2124 2163 ab
2154 2107 2339 2178 aliquo
2370 2106 2759 2176 interpolatore
2783 2115 3125 2174 corruptum,
3166 2121 3185 2155 ι
3218 2101 3301 2156 vel
3326 2103 3554 2171 ingenue

1991 2197 2170 2263 fateri,
2202 2199 2348 2269 quod
2386 2217 2405 2250 ι
2448 2197 2610 2254 nimis
2647 2196 2929 2261 credulus,
2956 2211 3079 2265 quae
3108 2193 3179 2250 ab
3208 2194 3329 2249 aliis
3355 2195 3553 2264 scripta

1993 2290 2220 2360 reperit,
2244 2289 2425 2345 minus
2452 2289 2725 2354 discussa,
2767 2303 2876 2344 non
2922 2295 3033 2341 tam
3062 2299 3162 2340 sua
3187 2298 3349 2355 quam
3380 2284 3553 2339 aliena

1990 2378 2277 2449 protulerit
2305 2377 2430 2433 ilde.
2457 2398 2477 2428 ι
2502 2376 2754 2444 Quandin
2793 2385 2976 2431 tamen
3003 2373 3327 2429 alterutrum
3352 2370 3555 2441 dicere,

1989 2485 2089 2540 pro
2117 2470 2319 2524 tuendo
2342 2469 2434 2539 qui
2466 2469 2570 2524 snb
2598 2467 2886 2538 Epiphanii
2930 2465 3151 2521 nomine
3186 2462 3553 2518 controverti-

1992 2570 2081 2616 tur
2124 2560 2288 2625 libro,
2323 2559 2519 2614 similis
2568 2557 2822 2628 ponderis
2878 2572 2987 2612 non
3035 2556 3182 2627 cogit
3229 2556 3552 2617 auctoritas,

1991 2651 2126 2705 bene
2158 2651 2225 2705 de
2245 2649 2339 2704 illo
2365 2663 2560 2703 omnes
2595 2647 2793 2703 mereri
2837 2645 3116 2710 existimo,
3156 2646 3250 2716 qui
3299 2644 3354 2701 id
3408 2646 3552 2716 quod

1989 2743 2109 2813 ejus
2138 2742 2403 2814 gravitate
2431 2740 2712 2812 indignum
2738 2755 2860 2797 esse
2886 2738 3279 2794 rationabiliter
3306 2745 3553 2804 censent.

1990 2834 2060 2888 ab
2088 2833 2206 2903 ipso
2234 2832 2497 2902 seriptum
2525 2846 2646 2887 esse
2690 2845 2797 2885 non
2849 2829 3077 2885 libenter
3113 2828 3376 2893 eredunt;
3414 2828 3552 2884 male

1989 2933 2230 2987 econtra,
2268 2924 2361 2994 qui
2399 2920 2677 2977 mordicus
2709 2920 2762 2976 id
2805 2921 3079 2975 sustinere
3103 2918 3316 2984 volunt,
3350 2927 3411 2973 ut
3434 2918 3555 2988 ejus

1990 3013 2339 3079 auctoritate,
2370 3013 2513 3068 sicut
2562 3018 2618 3066 et
2667 3008 2726 3064 S.
2778 3009 2969 3064 lsidori
3014 3007 3194 3063 fulciri
3247 3007 3551 3072 videantur,

1990 3118 2112 3173 quae
2136 3103 2211 3157 ibi
2242 3102 2310 3158 de
2334 3101 2465 3157 Eliae
2487 3100 2766 3172 propheta!
2787 3099 3062 3158 natalibus
3088 3099 3369 3171 leguntur.
3394 3096 3565 3168 Equi-

1988 3195 2111 3249 dem
2132 3193 2387 3250 existimo
2408 3191 2599 3250 Patres
2631 3195 2789 3259 istos,
2822 3192 2869 3247 si
2901 3192 3031 3247 talia
3070 3190 3172 3262 ipsi
3198 3205 3387 3246 revera
3416 3190 3559 3244 seri-

1987 3291 2234 3355 pserunt,
2288 3298 2437 3340 mere
2496 3284 2852 3354 interpretum
2898 3291 2954 3338 et
3000 3281 3352 3338 collectorum
3400 3278 3553 3350 fungi

1986 3375 2164 3431 officio
2205 3375 2470 3443 voluisse,
2521 3375 2733 3430 nullum
2779 3382 2963 3430 autem
3002 3373 3071 3429 iis
3117 3387 3185 3428 ex
3234 3386 3294 3428 se
3341 3369 3555 3442 pondus

1986 3462 2229 3519 addere:
2272 3480 2339 3519 an
2399 3471 2580 3520 autem
2639 3477 2826 3518 revera
2883 3476 3064 3533 operae
3110 3461 3344 3533 pretium
3393 3459 3556 3516 l’uerit

1990 3554 2362 3609 Rabbinorum
2388 3554 2454 3610 de
2505 3553 2711 3610 sanctis
2752 3554 3026 3609 veteribus
3064 3555 3301 3619 somnia,
3355 3552 3555 3625 quibus

1990 3645 2066 3701 illi
2100 3660 2293 3704 omnes
2321 3660 2495 3703 sacrae
2520 3643 2817 3716 Scripturae
2851 3642 3112 3701 historias
3130 3643 3551 3716 interpolarunt,

1988 3740 2073 3795 vel
2092 3739 2206 3811 jam
2240 3739 2371 3794 olim
2419 3739 2645 3795 collecta
2675 3738 2862 3793 Graece
2901 3735 3201 3806 Latineque
3234 3735 3551 3802 reddidisse,

1988 3832 2071 3886 vel
2104 3831 2158 3886 in
2210 3831 2429 3885 illorum
2483 3827 2640 3884 libris
2684 3826 2934 3898 pluribus
2982 3825 3228 3895 dispersa
3279 3825 3335 3880 in
3381 3840 3551 3880 unum

1988 3920 2233 3977 libellum
2276 3919 2585 3992 collegisse,
2633 3914 3044 3987 prudentiorum
3087 3923 3205 3972 esto
3250 3914 3550 3985 judiciunu

1988 4010 2289 4066 curiositati
2328 4017 2475 4064 certe
2516 4018 2570 4065 et
2610 4004 2961 4062 oblectationi
3011 4005 3262 4060 nonnihil
3309 4004 3555 4062 serviunt

1988 4101 2112 4169 ista,
2150 4115 2328 4173 neque
2368 4098 2532 4155 alicui
2580 4111 2778 4153 noeere
2827 4106 3060 4167 possunt
3114 4097 3209 4167 qui
3256 4096 3338 4152 eis
3390 4093 3549 4149 ildem

1988 4207 2096 4248 non
2136 4207 2390 4265 magnam
2431 4188 2706 4254 babuerit,
2753 4187 3059 4259 intelligens
3090 4204 3215 4245 eum
3247 4186 3551 4257 Tbeopbilo

1989 4284 2289 4358 Raynaudo
2333 4290 2540 4349 nostro,
2575 4285 2644 4341 de
2672 4284 2830 4341 bonis
2873 4292 2929 4340 et
2963 4283 3123 4340 malis
3154 4282 3308 4339 libris
3336 4297 3389 4337 ιι.
3422 4279 3550 4343 332.

1986 4392 2176 4433 eorum
2212 4393 2232 4428 ι
2263 4377 2488 4432 multam
2522 4376 2936 4431 mendacitatem
2966 4384 3022 4430 et
3052 4375 3481 4438 fabulositatem,
3526 4392 3544 4425 i

1987 4464 2240 4537 quodque
2270 4465 2354 4537 (ut
2398 4465 2540 4520 idem
2587 4482 2642 4520 n.
2682 4465 2788 4521 3t8
2832 4467 3004 4536 notat)
3039 4484 3059 4518 ι
3108 4465 3371 4521 Rabbinis
3421 4479 3552 4534 pro-

317 4547 642 4618 episcopus;
700 4563 826 4603 eum
880 4549 1129 4619 petiisset
1170 4551 1240 4606 de
1293 4551 1442 4608 illius
1492 4559 1885 4615 controversiae
1917 4568 1960 4619 υ
1988 4557 2165 4626 prium
2191 4566 2389 4626 quarto
2415 4558 2579 4614 modo
2624 4568 2708 4615 est
2745 4557 2999 4626 fabulari,
3028 4569 3083 4614 et
3107 4574 3229 4628 quae
3267 4572 3549 4628 nunquam

319 4638 466 4692 exitu
498 4637 683 4693 doceri
722 4656 754 4694 a
802 4637 1031 4708 Sabino,
1085 4640 1215 4712 quia
1263 4658 1332 4697 ex
1380 4643 1613 4715 Calippo
1651 4648 1882 4704 diacono

318 4726 554 4783 audierit
576 4729 728 4783 illum
755 4729 1091 4786 Constantiae
1121 4733 1435 4804 episcopum
1469 4735 1806 4796 ordinatum.

389 4818 476 4872 57.
506 4818 706 4886 Habes,
736 4819 956 4886 Lector,
983 4822 1068 4878 bis
1096 4823 1312 4881 duobus
1337 4826 1607 4897 capitibus
1630 4844 1883 4902 compre·

315 4908 754 4972 liensanrtotius
784 4911 1013 4982 prolixoe
1060 4913 1197 4969 alias
1237 4913 1433 4972 fabulae
1476 4932 1770 4986 summam,
1813 4921 1901 4976 eo*

317 4999 446 5066 line,
485 5010 545 5056 ut
575 5002 782 5072 siquid
812 5003 942 5058 alibi
988 5004 1231 5074 reperias
1277 5022 1308 5060 a
1362 5006 1520 5062 nobis
1542 5008 1879 5076 praeteritum

312 5091 365 5145 in
394 5093 588 5162 primis
618 5093 862 5165 quinque
892 5095 1165 5165 capitibus
1202 5098 1347 5165 quod
1387 5097 1476 5151 bic
1525 5098 1686 5153 etiam
1711 5100 1879 5154 attin-

310 5193 513 5254 gatur;
553 5186 868 5242 discernere
894 5187 1092 5256 possis,
1116 5196 1299 5243 utrum
1327 5188 1380 5243 id
1426 5188 1556 5244 binc
1591 5201 1876 5262 acceptum

309 5277 566 5332 aestimari
600 5293 710 5335 nou
733 5278 962 5344 debean
994 5292 1065 5333 an
1108 5294 1257 5347 vero,
1301 5289 1364 5337 ut
1403 5295 1470 5336 ex
1517 5282 1731 5338 meliori
1774 5298 1876 5338 au-

309 5375 461 5420 ctore
492 5366 598 5423 buc
628 5369 974 5439 translatum,
1005 5371 1166 5427 iidem
1196 5380 1476 5428 mereatur
1507 5387 1633 5428 eum
1673 5372 1876 5444 priori·

312 5456 412 5510 bus
439 5459 707 5514 obtinere.
729 5458 993 5516 Similiter
1009 5462 1238 5518 arbitrio
1260 5472 1353 5518 tuo
1377 5463 1645 5534 relinquo.
1666 5464 1876 5521 velisne

312 5562 411 5615 pro
436 5549 672 5618 genuino
701 5548 758 5605 S.
792 5550 1079 5622 Epiphanii
1117 5552 1229 5608 l'etu
1264 5553 1463 5610 babere
1502 5570 1625 5610 cum
1667 5554 1874 5610 Bellar-

312 5640 462 5691 mino
485 5639 679 5693 librum
708 5640 782 5695 De
820 5643 929 5695 vita
969 5643 1341 5712 prophetarum
1384 5660 1664 5715 eorumque
1692 5645 1874 5715 sepul-

311 5739 457 5792 tura,
483 5733 734 5798 quamvis
759 5733 1001 5804 ignotum
1029 5733 1224 5790 Pliotio
1249 5752 1306 5793 n.
1334 5735 1436 5789 122
1490 5745 1547 5791 et
1573 5751 1725 5807 seqq.
1753 5737 1872 5807 ejus

310 5835 475 5886 opera
502 5824 805 5880 recensenti
826 5842 840 5891 ;
865 5841 933 5880 an
954 5842 1077 5883 cum
1101 5827 1397 5885 novissimo
1427 5826 1544 5897 ejus
1576 5827 1869 5898 interprete

1983 4647 2208 4704 ''fuerunt
2228 4658 2456 4704 eruntve
2483 4665 2748 4720 unquam,
2774 4659 3033 4719 tanquam
3056 4665 3187 4705 vera
3216 4665 3548 4721 proponere.

1984 4740 2121 4796 adeo
2157 4755 2345 4798 crasse
2372 4755 2438 4797 ae
2470 4740 2689 4808 stolide,
2723 4750 2879 4796 utne
2910 4739 3115 4810 ingenii
3148 4742 3368 4810 quidem
3404 4741 3548 4796 mica

1982 4831 2421 4901 deprehendatur
2451 4832 2506 4887 in
2536 4829 3005 4888 comminiscendo
3046 4831 3239 4888 dextre
3286 4817 3355 4888 et'
3386 4847 3550 4904 appo-

1983 4922 2104 4987 site,
2140 4922 2499 4993 lingendoque
2530 4922 2881 4993 probabiliter
2926 4933 2981 4979 et
3025 4930 3150 4994 apte
3201 4923 3268 4980 ad
3322 4938 3552 4994 persua-

1980 5012 2240 5069 dendum.
2280 5032 2300 5065 ι
2333 5014 2602 5071 Convenit
2630 5014 2873 5086 prolecto
2898 5028 3009 5071 non
3042 5024 3151 5070 tam
3195 5015 3546 5072 considerare

1979 5105 2105 5174 quis
2129 5103 2263 5174 quid
2286 5105 2589 5174 scripserit,
2634 5108 2703 5163 de
2745 5107 2815 5161 iis
2862 5119 2986 5175 quae
3030 5115 3157 5162 ante
3194 5100 3559 5177 longissimas?

1978 5205 2165 5252 aetates
2194 5204 2315 5251 acta
2345 5195 2618 5264 feruntur,
2644 5198 2808 5255 certis
2838 5196 3003 5252 nullis
3027 5208 3311 5256 auctorum
3336 5214 3555 5256 coaero-

1980 5303 2099 5344 rum
2125 5292 2495 5346 monumentis
2526 5297 2751 5357 testata;
2785 5287 2882 5344 sed
2917 5303 3060 5360 quos
3097 5287 3260 5347 ruerit
3285 5290 3455 5348 duces
3485 5290 3539 5345 in

1978 5379 2267 5437 scribendo
2303 5389 2557 5448 secutus3
2588 5380 2644 5434 bi
2672 5386 2875 5446 antem,
2922 5379 2979 5436 in
2999 5396 3065 5438 eo
3088 5383 3232 5452 quod
3274 5382 3548 5453 tangimus

1976 5479 2322 5540 argumento,
2341 5467 2430 5522 alii
2450 5483 2611 5538 quam
2631 5467 2862 5526 Rabbini
2885 5487 2990 5526 non
3008 5471 3397 5540 suerunt,iique
3410 5484 3542 5526 vero

1978 5562 2227 5617 similiter
2243 5559 2739 5634 llierosolymitano
2757 5564 2967 5620 excidio
2987 5564 3315 5634 posteriores
3331 5575 3542 5617 omnes.

2046 5651 2135 5705 59.
2167 5647 2458 5713 Caeterum,
2476 5653 2602 5722 quia
2625 5654 2758 5708 liber
2777 5655 3025 5725 vulgatus
3050 5653 3153 5708 sub
3182 5652 3399 5708 noniine
3426 5649 3562 5721 Epi-

1977 5738 2183 5810 pbanii‚
2214 5739 2449 5809 primum
2479 5743 2746 5812 superiori
2781 5746 2982 5800 saeeulo
3009 5741 3196 5798 Latine
3221 5741 3326 5812 legi
3356 5742 3542 5812 coepit,

1979 5828 2175 5887 merito
2217 5843 2621 5901 praesumuntur
2674 5835 2967 5907 scriptores
3016 5832 3193 5889 Latini
3236 5835 3550 5902 pracsertim
