3850 6517
289 500 398 559 557

999 491 1373 552 ADVERSUS
1410 492 1760 553 nAEmissss
1798 491 1926 548 ΗΒ.
1970 491 2012 547 l.
2054 492 2222 549 ΤΟΠ.
2264 494 2332 551 ll.
2373 523 2442 535 —
2467 491 2742 552 nAEnES.
2769 491 3008 551 xxxttt.

287 616 438 673 τοῦθ’
468 615 606 688 ὅπερ
631 612 728 667 καὶ
760 611 1016 685 ἠθέλησε,
1044 612 1206 668 τοῦτο
1232 612 1579 693 ἐννοούμενος
1609 612 1638 665 ὀ
1666 612 1761 665 καῖ
1789 608 1881 663 θέ·
1906 613 1953 671 Α
1983 624 2046 663 ac
2076 617 2191 664 turn
2218 610 2466 682 cogitans
2494 626 2618 667 cum
2669 612 2789 666 vult
2829 611 3128 682 volensque
3168 623 3294 664 cum
3335 610 3563 678 cogitat.

296 711 378 761 λει
405 710 447 770 ¹,
472 706 570 760 καὶ
593 704 719 763 τότε
764 702 936 757 θέλων
957 703 1048 757 ὅτε
1095 704 1379 768 ἐννοεῖται,
1404 702 1525 766 ὅλος
1558 701 1738 757 ἔννοια
1782 700 1880 767 ὢν,

294 798 415 863 ὅλος
450 796 688 866 θέλημα,
713 792 835 859 ὅλος
865 793 1014 860 νοῦς,
1057 793 1180 858 ὅλος
1206 793 1511 865 ὀφθαλμὸς,
1545 794 1667 856 ὅλος
1720 791 1882 863 ἀκοὴ,

293 892 416 956 ὅλος
440 888 594 961 πηγὴ
636 887 857 941 πάντων
886 876 994 941 τῶν
1033 870 1275 956 ἀγαθῶν,
1311 885 1409 940 καὶ
1437 884 1653 949 οὐδενὸς
1694 885 1887 938 ἰσοπα-

296 981 427 1046 θοῦς
454 984 476 1014 ¹
504 980 838 1053 περιέχεται.
878 978 1015 1043 Θεὸς
1048 977 1181 1050 γὰρ,
1220 977 1317 1032 καὶ
1344 978 1406 1031 ού
1434 975 1753 1051 φροντίζων,
1788 976 1884 1030 καίΙ

296 1072 521 1147 ἀπορῶν
543 1072 620 1138 ὡς
636 1070 826 1137 Βυθὸς,
853 1071 974 1143 ἤτοι
993 1071 1022 1125 ὁ
1043 1072 1199 1137 Ζεὺς,
1223 1070 1353 1142 περὶ
1369 1064 1431 1125 οῦ
1448 1068 1677 1139 λέγοντα
1703 1066 1885 1139 Ὅμη-

302 1182 396 1237 ρον
424 1165 756 1236 Πτολεμαῖος
778 1164 911 1235 περὶ
936 1162 1112 1217 Βυθοῦ
1146 1162 1324 1231 λέγων
1345 1161 1673 1234 ἐμιμήσατο.
1709 1160 1805 1225 Εἰς
1825 1159 1886 1213 δὲ

302 1257 685 1328 περισσότερον
712 1254 936 1327 ἔλεγχον
959 1253 1056 1310 τοῦ
1082 1252 1397 1319 ἀπατεῶνος
1432 1252 1556 1308 καθ’
1587 1252 1715 1323 ἐξῆς
1746 1253 1884 1306 ὐπο-

298 1347 487 1413 τάξας,
519 1347 910 1420 παραθήσομαι
942 1345 1013 1400 τὰ
1038 1346 1132 1400 ὑπ’
1158 1342 1325 1400 αὐτοῦ
1365 1342 1524 1413 φύσει
1547 1343 1884 1415 Πτολεμαίου

297 1440 491 1511 Φλώρᾳ
511 1441 619 1493 τινὶ
645 1440 868 1508 γυναικὶ
893 1437 1197 1511 γραφέντα,
1227 1435 1494 1507 ἐπαγωγά
1510 1452 1572 1489 τε
1604 1436 1699 1489 καὶ
1721 1435 1886 1509 δηλη·

298 1534 464 1606 τῇρια
498 1532 741 1603 ῥήματα,
782 1528 872 1584 ῖνα
905 1530 981 1601 μή
1007 1546 1094 1594 τις
1124 1528 1396 1600 νομίσειεν
1439 1528 1589 1599 ἡμᾶς
1615 1526 1675 1594 ἐξ
1712 1526 1882 1597 ἀκοῆς

303 1625 461 1695 μόνον
488 1624 580 1678 τὸν
602 1621 900 1678 ἀπατεῶνα
931 1622 1199 1692 ἐλέγχειν,
1233 1620 1308 1693 μὴ
1341 1621 1608 1693 πρότερον
1632 1619 1883 1690 ἐντυχόν·

298 1734 397 1782 τας
422 1720 489 1788 τῇ
511 1716 644 1787 παρ’
665 1713 831 1770 αὐτοῦ
855 1712 1352 1787 παραπεποιημένῃ
1376 1711 1714 1784 διδασκαλίᾳ.
1737 1710 1884 1783 Πρὸς

298 1809 410 1881 γὰρ
441 1810 553 1872 τοῖς
577 1806 893 1880 εἰρημένοις
926 1805 1022 1861 καὶ
1058 1803 1151 1859 τὸν
1193 1804 1357 1877 νόμον
1382 1802 1476 1857 τοῦ
1509 1802 1645 1857 Θεοῦ
1670 1803 1764 1858 τὸν
1798 1802 1887 1858 διὰ

299 1900 579 1966 Μωῦσέως
630 1896 971 1972 βλασφημῶν
1003 1896 1108 1951 ούκ
1146 1895 1499 1967 αἰσχύνεται·
1557 1896 1595 1950 ἀ
1622 1894 1718 1950 καὶ
1768 1893 1885 1948 ἔστι

298 1993 493 2049 ταῦτα·

662 2102 1033 2173 Πτολεμαίου
1056 2098 1209 2171 πρὸς
1236 2096 1504 2169 Φλώραν.

366 2197 443 2252 Γ’.
478 2195 583 2251 Τὸν
608 2194 699 2250 διά
729 2195 1010 2258 Μωῦσεως
1047 2191 1272 2247 τεθέντα
1307 2191 1493 2263 νόμον,
1529 2189 1737 2262 ἀδελφή
1780 2206 1885 2262 μου

298 2287 437 2361 καλὴ
487 2287 702 2358 Φλώρα,
756 2288 840 2341 ὅτι
876 2285 956 2356 μὴ
978 2283 1165 2339 πολλοὶ
1204 2283 1696 2357 προκατελάβοντο,
1739 2284 1887 2361 ’μήτε

298 2378 389 2431 τὸν
427 2377 675 2446 θεμέλιον
702 2375 864 2429 αύτδν
901 2374 1228 2443 ἐγνωκότες,
1258 2376 1395 2448 μήτε
1423 2374 1525 2441 τὰς
1555 2373 1885 2448 προστάξεις

309 2464 505 2530 αὐτῶν,
533 2464 774 2535 ἀκριὸὣς
796 2464 1039 2535 ἠγοῦμαι
1062 2466 1161 2519 καὶ
1195 2466 1279 2521 σοὶ
1305 2466 1633 2522 εὐσύνοπτον
1661 2466 1884 2521 ἔσεσθαι

307 2558 585 2630 pauo-sanc
607 2560 628 2591 ⁸
660 2561 759 2624 τάς
793 2559 1172 2631 διαφωνούσας
1189 2561 1412 2636 γνώμας
1438 2566 1571 2636 περὶ
1595 2564 1784 2619 αὐτοῦ.
1820 2563 1887 2617 ol

303 2650 404 2719 μὲν
438 2650 548 2722 γὰρ
576 2649 682 2704 ύπὸ
727 2649 823 2704 τοῦ
866 2650 1006 2705 Θεοῦ
1041 2652 1137 2705 καὶ
1173 2652 1387 2725 Πατρδς
1431 2653 1888 2725 νενομοθετῆσθαι

297 2740 507 2805 τούτοις
530 2740 809 2811 λέγουσιν·
840 2740 1021 2813 ἕτεροι
1051 2740 1110 2795 δέ
1140 2741 1350 2806 τούτοις
1379 2740 1478 2814 τὴν
1504 2741 1750 2798 ἐναντίαν
1771 2742 1887 2797 ὁδὸν

297 2833 617 2903 τραπέντες,
660 2834 767 2887 ὑπὸ
794 2832 891 2887 τοῦ
928 2831 1308 2905 ἀντικειμένου
1349 2831 1674 2905 φθοροποιοῦ
1701 2832 1889 2888 διαδό-

295 2923 387 2977 λου
420 2924 693 2979 τεθεῖσθαι
743 2923 933 2979 τοῦτον
978 2923 1366 2998 ἰσχυρίζονται,
1408 2923 1488 2990 ὡς
1516 2924 1613 2979 καὶ
1658 2923 1759 2997 τὴν
1791 2923 1889 2979 τοῦ

298 3016 508 3087 κόσμου
556 3017 965 3087 προσάπτουσιν
1014 3015 1168 3088 αὐτῷ
1211 3016 1610 3089 δημιουργίαν,
1660 3015 1887 3090 Πατέρα

298 3109 396 3164 καὶ
448 3108 692 3183 Ποιητὴν
732 3109 919 3164 τοῦτον
942 3156 947 3160 .
975 3108 1227 3178 λέγοντες
1274 3106 1433 3165 εἶναι.
1470 3108 1643 3164 Τοῦτο
1685 3109 1743 3164 δέ
1787 3108 1885 3164 τοῦ

298 3194 502 3259 παντὸς
518 3194 838 3251 &dmum
865 3188 1015 3251 οὗτοι
1042 3195 1313 3261 διαδόντες
1339 3195 1613 3269 ἀλλήλοις,
1639 3198 1735 3252 καὶ
1757 3197 1889 3253 1κά-

1982 699 2252 757 Nimirum
2292 710 2443 758 totus
2483 704 2601 774 ipse
2637 704 2898 774 cogitatio
2934 712 3042 771 est,
3097 711 3246 759 totus
3284 701 3563 763 voluntas,

1982 798 2134 849 totus
2162 808 2344 858 mens,
2375 800 2527 849 totus
2553 794 2761 857 lumen,
2793 801 2943 849 totus
2980 795 3195 859 oculus,
3219 802 3369 850 totus
3407 790 3595 847 audi-²
3695 790 3702 796 '

1984 892 2093 950 tus,
2119 892 2270 943 totus
2303 886 2574 941 bonorum
2618 887 2866 941 omnium
2910 884 3056 950 sons,
3109 898 3448 956 prorsusque
3498 882 3570 936 ab

1983 976 2135 1032 omni
2176 978 2590 1049 perturbatione
2628 985 2909 1045 remotus;
2953 992 3064 1033 non
3117 978 3414 1041 sollicitus,
3454 989 3568 1029 non

1985 1068 2206 1135 anxius,
2247 1069 2396 1125 velut
2421 1067 2633 1141 Bytbus
2670 1069 2785 1136 ille,
2822 1068 2910 1124 vel
2950 1066 3186 1140 Jupiter,
3205 1066 3274 1123 de
3296 1081 3407 1138 quo
3441 1081 3567 1136 quae

1985 1160 2055 1216 ab
2084 1158 2322 1217 Homero
2367 1161 2574 1232 scripta
2618 1169 2771 1228 sunt,
2819 1158 3146 1216 Ptolemaeus
3207 1156 3276 1213 ad
3329 1157 3564 1229 Bythum

1985 1251 2288 1308 transtulit.
2306 1252 2486 1323 Atque
2501 1259 2561 1306 ut
2587 1250 3031 1322 improbissimus
3060 1250 3148 1306 bic
3160 1249 3377 1322 planius
3393 1247 3570 1319 magis

1984 1343 2270 1416 magisque
2307 1341 2608 1410 refellatur,
2640 1342 2799 1414 juvat
2854 1343 2962 1399 hoc
3007 1343 3133 1398 loco
3178 1356 3244 1398 ea
3267 1335 3594 1411 subjicere,⁴

1985 1449 2110 1505 quae
2149 1434 2221 1490 ad
2265 1432 2484 1490 Floram
2542 1435 2835 1507 quamdam
2897 1434 3276 1491 mulierculam
3322 1430 3569 1503 scripsit,

1988 1524 2147 1596 plena
2178 1525 2274 1580 illa
2308 1526 2529 1597 quidem
2590 1526 2865 1583 illecebrae
2905 1524 2975 1581 ad
3006 1524 3470 1597 persuadendum,
3500 1537 3570 1580 ac

1989 1616 2274 1687 pestilera,
2305 1632 2376 1674 ne
2404 1618 2533 1689 quis
2553 1616 2785 1675 forsitan
2815 1625 2988 1689 putet,
3021 1632 3111 1673 me
3134 1633 3202 1674 ex
3231 1616 3419 1672 auditu
3451 1616 3574 1673 solo

1990 1715 2186 1763 contra
2221 1709 2551 1766 nebulonem
2594 1709 2740 1766 bunc
2778 1710 2980 1781 egisse,
3011 1709 3335 1780 nullumque
3372 1708 3569 1778 depra-

1989 1810 2128 1856 vatae
2154 1800 2278 1871 ejus
2305 1801 2574 1859 doctrinm
2603 1802 2895 1875 vestigium
2937 1810 3098 1858 antea
3151 1801 3475 1873 pervidisse.
3506 1797 3574 1854 Et

1989 1889 2207 1962 quidem
2224 1900 2421 1962 praeter
2432 1906 2493 1949 ea
2511 1909 2634 1964 quae
2645 1892 3205 1961 diximus,Mosaicam
3221 1893 3385 1948 etiam
3400 1892 3574 1964 legem

1916 1963 1960 2020 Β
1988 1981 2293 2041 maledictis
2307 1983 2553 2041 incessit.
2573 1982 2668 2041 Est
2689 1991 2870 2041 autem
2896 1983 3169 2053 ejusmodi
3187 1983 3302 2040 baec
3316 1984 3569 2055 epistolaz

2330 2095 2612 2154 Ptolemaei
2654 2098 2725 2153 ad
2758 2096 2981 2154 Floram
3017 2099 3262 2169 epistola.

2057 2185 2144 2243 111.
2172 2186 2370 2259 Legem
2409 2188 2560 2243 illam
2593 2203 2718 2261 quae
2750 2203 2781 2243 a
2806 2188 2958 2247 Mose
3014 2189 3217 2245 tradita
3248 2196 3360 2267 est,
3411 2187 3574 2246 Flora

1989 2293 2150 2336 soror
2171 2280 2581 2347 amantissima,
2599 2296 2778 2353 neque
2809 2289 3153 2354 perspectam
3177 2282 3364 2339 baberi
3381 2297 3575 2355 quam·

1988 2372 2280 2444 plurimos,
2315 2389 2496 2447 neque
2541 2374 2665 2446 ejus
2705 2375 2855 2431 velut
2910 2374 3267 2432 fundamenta
3300 2377 3386 2433 vel
3434 2391 3574 2447 prae·

1988 2464 2192 2535 scripta
2226 2479 2582 2536 cognoscere,
2602 2464 2765 2523 facile
2792 2474 2847 2522 te
2868 2467 3273 2525 intellecturam
3288 2469 3572 2533 existimo.

1988 2558 2034 2613 si
2062 2571 2228 2629 quam
2257 2557 2423 2614 variae
2454 2557 2523 2615 de
2545 2558 2636 2614 illa
2667 2558 2780 2617 sint
2805 2560 3095 2631 opiniones
3121 2560 3405 2616 didiceris.
3431 2558 3575 2615 Sunt

1988 2646 2137 2703 enim
2158 2648 2254 2719 qui
2283 2647 2432 2702 illam
2460 2662 2492 2703 a
2519 2646 2632 2704 Deo
2673 2657 2867 2721 putant
2898 2665 2963 2705 ac
2986 2650 3148 2707 Patre
3171 2651 3342 2708 ruisse
3366 2651 3577 2708 consti·

1990 2745 2189 2797 tutam.
2207 2738 2314 2793 Alii
2330 2738 2666 2795 contrariam
2697 2739 2842 2796 viam
2868 2741 3123 2813 ingressi,
3143 2743 3214 2798 ab
3232 2744 3356 2814 ejus
3375 2744 3576 2800 aemulo

1989 2830 2202 2888 nefario
2222 2831 2471 2888 damone
2492 2831 2657 2888 latam
2689 2830 2985 2899 affirmant,
3025 2849 3057 2889 a
3085 2849 3198 2907 quo
3220 2843 3276 2892 et
3306 2835 3574 2893 mundum

1991 2920 2324 3002 fabricatum·
2369 2930 2647 3008 asserunt,
2706 2930 2764 2979 et
2810 2924 3060 2982 eumdem
3114 2925 3466 2986 Conditorem
3506 2943 3575 2985 ac

1986 3011 2209 3071 Patrem
2257 3030 2386 3072 esse
2437 3014 2721 3072 dictitant.
2762 3013 2968 3074 Verum
3013 3017 3115 3085 illi,
3160 3019 3257 3092 qui
3302 3021 3577 3092 ejusmodi

1989 3104 2246 3179 dogmata
2271 3107 2379 3165 sibi
2413 3108 2650 3165 invicem
2687 3110 3190 3180 communicarunt,
3221 3113 3577 3171 vehementer

1990 3202 2309 3260 hallucinati
2340 3213 2491 3273 sunt,
2533 3213 2589 3262 et
2606 3207 2677 3263 ab
2706 3221 2773 3262 eo
2811 3222 2974 3278 quem
3000 3208 3104 3265 sibi
3147 3218 3573 3282 proposuerant,

295 3305 444 3360 τεροι
486 3286 667 3344 αὐτῶν
710 3286 1110 3360 διαμαρτόντες
1146 3286 1299 3361 παρὰ
1339 3288 1521 3359 σφίσιν
1563 3291 1752 3357 αὐτοῖς
1784 3292 1889 3364 τῆς
1914 3303 1960 3360 c
1992 3309 2165 3365 scopo
2193 3296 2799 3355 veritatisaberrarunt.
2828 3298 2961 3355 Nam
2988 3316 3090 3357 nec
3121 3316 3153 3355 a
3187 3302 3432 3373 perfecto
3460 3301 3574 3359 Deo

299 3376 397 3430 τοῦ
427 3376 787 3448 προκειμένου
814 3376 1078 3450 ἀληθείας
1097 3390 1111 3405 ·
1136 3376 1262 3433 οὔτε
1291 3378 1402 3453 γάρ
1433 3380 1540 3435 ὑπὸ
1564 3381 1662 3435 τοῦ
1681 3382 1890 3437 τελείου

303 3462 445 3520 Θεοῦ
479 3466 575 3521 καὶ
597 3468 810 3541 Πατρδς
842 3469 1092 3540 φαίνεται
1124 3470 1315 3524 τοῦτον
1351 3472 1658 3528 τεθεῖσθαι·
1686 3474 1891 3547 ἐπομε-

301 3571 393 3622 vo<
426 3556 450 3590 ὅ
471 3557 581 3631 γάρ
625 3560 776 3614 ἐστιν
791 3575 807 3590 ·
835 3559 999 3634 ἀτελῆ
1030 3579 1091 3616 τε
1141 3561 1293 3630 ὗντα,
1334 3563 1431 3617 καὶ
1476 3564 1573 3618 τοῦ
1624 3566 1890 3638 σφετέρου

296 3650 654 3723 πληρωθῆναι
686 3652 799 3725 (96)
829 3653 1007 3727 ἐνδεῆ,
1044 3654 1241 3727 ἔχοντά
1272 3673 1335 3710 τε
1381 3657 1709 3728 προστάξεις
1740 3659 1891 3716 ἀνοι-

297 3744 452 3809 κείας
473 3747 539 3817 τῇ
565 3743 663 3798 τοῦ
686 3745 928 3799 τοιούτου
954 3746 1092 3800 Θεοῦ
1124 3748 1286 3815 φύσει
1314 3764 1376 3799 τε
1406 3748 1502 3801 καῖ
1522 3749 1745 3820 γνώμῃ·
1778 3749 1892 3803 οὔτ’

299 3831 365 3891 αῦ
408 3835 570 3889 πάλιν
596 3838 665 3906 τῇ
713 3835 809 3888 τοῦ
860 3835 1243 3905 ἀντικειμένου
1288 3836 1477 3909 ἀδικίᾳ
1518 3837 1682 3909 νόμον
1720 3857 1893 3912 προσ-

299 3930 494 3984 άπτειν
528 3929 548 3959 ⁵
580 3928 786 3981 ἀδικεῖν
824 3926 1129 3999 αἱροῦντος,
1184 3927 1295 3981 τῶν
1321 3944 1383 3983 τε
1416 3929 1546 4000 ἑξῆς
1574 3931 1628 3985 τί
1658 3931 1736 4005 μὴ
1767 3949 1893 3987 συν-

302 4020 561 4092 ορὼντων
594 4017 666 4070 τὰ
689 4016 796 4071 ύπδ
813 4016 908 4072 τοῦ
926 4019 1179 4092 Σωτῆρος
1209 4021 1495 4093 εἰρημένα.
1530 4024 1691 4079 Οἰκία
1708 4027 1819 4099 γὰρ
1854 4026 1890 4099 ἢ

302 4110 463 4172 πόλις
494 4105 817 4179 μερισθεῖσα
841 4107 925 4178 ἐφ’
950 4108 1171 4183 ἑαυτὴν,
1200 4110 1285 4165 ὅτι
1316 4112 1392 4186 μὴ
1420 4112 1643 4170 δύναται
1674 4118 1888 4189 στῆναι,

302 4203 334 4255 ὁ
364 4199 553 4272 Σωτὴρ
598 4198 762 4271 ἡμῶν
793 4201 1127 4273 ἀπεφήνατο.
1158 4202 1279 4259 Ἐτι
1311 4220 1375 4273 γε
1413 4205 1513 4277 τὴν
1544 4206 1641 4261 τοῦ
1678 4208 1888 4281 κόσμου

299 4289 663 4362 δημιουργίαν
684 4288 819 4344 ἰδίαν
868 4289 1017 4359 λέγει
1047 4285 1185 4345 εἶναι
1216 4291 1253 4347 ἀ
1276 4309 1336 4346 τε
1368 4292 1391 4324 “
1415 4295 1594 4350 πάντα
1613 4295 1682 4351 δι’
1721 4298 1889 4353 αὐτοῦ

302 4382 606 4452 γεγονέναι,
656 4384 752 4436 καὶ
790 4384 961 4455 χωρὶς
1010 4383 1176 4438 αὐτοῦ
1215 4385 1439 4456 γέγονεν
1479 4388 1651 4456 οὐδὲν,
1692 4392 1723 4445 ὁ
1750 4391 1889 4447 ἀπύ-

305 4475 489 4538 στολος
516 4478 1004 4548 προαποστερήσας
1022 4475 1137 4549 (97)
1158 4477 1259 4549 τὴν
1275 4477 1387 4533 τῶν
1406 4478 1892 4553 ψευδηγορούντων

302 4566 675 4620 ἀνυπόστατον
715 4567 931 4638 σοφίαν,
966 4568 1061 4624 καὶ
1086 4569 1149 4624 ού
1191 4569 1519 4644 φθοροποιοῦ
1552 4572 1715 4638 Θεοῦ,
1751 4574 1888 4629 ἀλλά

300 4656 508 4711 δικαίου
536 4659 632 4712 καὶ
674 4661 1061 4731 μισοπονήρου.
1107 4662 1486 4736 Ἀπρονοήτων
1521 4664 1580 4718 δε·
1617 4666 1766 4721 ἐστιν
1792 4668 1887 4723 ἀν·

305 4744 538 4815 θρώπων
582 4750 682 4819 τῆς
726 4751 982 4821 προνοίας
1028 4748 1125 4804 τοῦ
1179 4752 1524 4827 Δημιουργοῦ
1579 4756 1656 4830 μὴ
1706 4760 1886 4815 αἰτίαν

302 4838 754 4910 λαμδανομένων,
801 4844 896 4897 καὶ
929 4842 1005 4916 μὴ
1040 4843 1202 4915 μόνον
1239 4844 1301 4900 τὸ
1330 4846 1433 4917 τῆς
1475 4848 1654 4922 ψυχῆς
1708 4851 1884 4925 ὄμμα,

304 4927 445 4983 ἀλλὰ
477 4931 572 4984 καί
604 4930 667 4984 τὸ
696 4930 791 4983 τοῦ
826 4930 1079 5003 σώματος
1106 4937 1559 5009 ,πεπηρωμένωι
1596 4933 1756 4997 Οὗτοι
1788 4944 1886 5014 μὲν

303 5015 401 5074 οὗν
433 5022 511 5085 ὡς
552 5022 957 5096 διημαρτήκασι
988 5027 1089 5096 τῆς
1127 5027 1407 5101 ἀληθείας,
1436 5031 1594 5103 δῆλόν
1625 5034 1708 5088 σοί
1739 5037 1887 5090 ἐστιν

305 5112 373 5165 ἐκ
396 5111 506 5164 τῶν
532 5114 857 5186 εἰρημένων.
898 5117 1203 5173 Πετοόνθασι
1233 5120 1292 5175 δὲ
1316 5120 1475 5175 τοῦτο
1520 5122 1662 5187 ἰδίως
1691 5126 1884 5182 έκάτε-

310 5219 403 5273 ρος
427 5204 629 5269 αὐτῶν,
660 5207 710 5259 οἰ
735 5206 835 5277 μὲν
858 5206 946 5262 διὰ
971 5207 1034 5261 τὸ
1062 5211 1276 5278 ἀγνοεῖν
1299 5211 1392 5265 τὸν
1420 5212 1517 5283 τῆς
1538 5215 1884 5290 δικαιοσύνης

383 5358 400 5389 ¹
430 5355 572 5413 lren.
597 5360 718 5414 τότε
747 5363 884 5417 ἐννο.
915 5362 1004 5417 ὅτε
1036 5362 1196 5417 θέλει.

305 5426 380 5481 τά
409 5444 492 5482 τε.
566 5431 585 5461 ’
620 5430 805 5487 ttatth.
837 5449 934 5499 ιιι,
964 5434 1053 5488 25.

1278 5366 1299 5396 ¹
1328 5363 1370 5418 1?
1373 5404 1387 5417 .
1422 5366 1553 5420 εἴσω
1582 5369 1807 5435 πάθους.

1131 5437 1153 5467 ·
1183 5433 1342 5491 Joan.
1373 5451 1413 5499 t,
1440 5437 1492 5489 5.

382 5585 497 5657 (96)
535 5587 644 5644 Kal
684 5591 791 5645 τοῦ
831 5592 1125 5663 σφετέρου
1154 5594 1563 5665 πληρωθῆναι.
1601 5594 1892 5674 Utcunque

311 5672 515 5715 sensus
558 5660 627 5715 iis
653 5676 721 5716 ex
761 5662 944 5717 verbis
974 5668 1091 5718 erui
1119 5667 1316 5736 possit,
1352 5668 1498 5737 quod
1529 5669 1750 5726 nonnisi
1775 5676 1893 5729 vio·

1995 3403 2060 3443 ac
2087 3388 2251 3445 Patre
2293 3390 2538 3448 stabilita
2570 3393 2815 3460 videtur,
2858 3403 3049 3467 utpote
3099 3397 3284 3453 minus
3308 3397 3574 3469 perfecta,

1992 3488 2050 3535 et
2079 3480 2148 3537 ad
2172 3481 2260 3538 sui
2289 3483 2690 3542 absolutionem
2746 3489 2906 3558 plura
2962 3487 3284 3545 desiderans
3318 3503 3383 3545 ac
3417 3504 3580 3546 man·

1991 3572 2121 3627 data
2152 3576 2402 3645 quaedam
2436 3578 2752 3644 continens,
2781 3595 2905 3651 quae
2932 3578 3026 3636 Dei
3048 3588 3245 3636 natura
3267 3597 3334 3637 ac
3354 3584 3611 3639 decreto.

1993 3674 2121 3721 sunt
2163 3667 2361 3724 aliena.
2392 3667 2581 3740 Neque
2610 3686 2743 3727 vero
2765 3672 3066 3727 adversarii
3102 3656 3265 3741 217
3311 3673 3578 3743 improbi·

1990 3757 2088 3812 tati
2113 3758 2407 3814 tribuenda
2435 3760 2521 3816 lex
2558 3771 2664 3827 cst,
2695 3763 2859 3833 cujus
2921 3764 3210 3835 proprium
3266 3764 3341 3821 sit
3385 3763 3578 3835 inique

1993 3847 2207 3913 sacere;
2231 3851 2438 3923 quique
2464 3855 2537 3908 ita
2585 3861 3001 3926 statuunt,quae
3033 3869 3064 3909 a
3111 3854 3395 3912 salvatore
3424 3854 3578 3912 dicta

1992 3949 2126 3997 sunt
2178 3958 2527 4015 nequaquam
2563 3945 3026 4003 animadvertunt.
3066 3944 3143 4000 lta
3171 3947 3317 4003 enim
3344 3946 3579 4017 illepro·

1995 4033 2298 4101 nuntiavit,
2332 4042 2482 4091 stare
2520 4034 2746 4092 domum
2777 4036 2863 4092 vel
2897 4036 3178 4093 civitatem
3225 4053 3336 4093 non
3389 4051 3574 4109 posse.

1993 4139 2117 4195 quae
2157 4126 2213 4182 in
2245 4127 2484 4199 seipsam
2537 4126 2714 4185 divisa
2774 4129 2846 4196 sit
2875 4131 2918 4184 ⁷.
2955 4127 3223 4185 Praeterea
3250 4130 3512 4187 mundum
3544 4146 3577 4188 a

1994 4230 2054 4274 se
2078 4216 2408 4276 fabricatum
2440 4221 2680 4292 asserit;
2730 4221 3027 4293 omniaque
3058 4237 3154 4294 per
3193 4221 3374 4293 ipsum
3411 4223 3576 4289 facta.

1992 4316 2047 4363 et
2071 4310 2192 4366 sine
2223 4311 2344 4383 ipso
2359 4296 2515 4367 xnibil
2554 4328 2680 4370 esse
2699 4312 2950 4369 lactum⁸.
2986 4312 3198 4380 Quibus
3229 4314 3412 4371 verbis
3443 4330 3579 4385 apo·

1991 4399 2170 4457 stolus
2193 4401 2747 4460 mendacissimorum
2777 4403 3058 4460 hominum
3091 4404 3317 4461 minime
3344 4406 3578 4465 solidam

1992 4490 2316 4559 sapientiam
2343 4490 2565 4559 refellit,
2630 4509 2732 4550 nec
2779 4494 3043 4565 pestifero
3097 4497 3262 4553 alicui
3315 4495 3447 4566 Deo,
3478 4500 3578 4556 sed

1987 4581 2160 4653 justo,
2193 4589 2249 4638 et
2282 4582 2649 4653 improbitatis
2688 4586 2868 4641 omnis
2899 4586 3122 4644 inimico
3149 4588 3364 4645 illarum
3392 4606 3578 4647 rerum

1994 4673 2373 4730 auctoritatem
2421 4675 2690 4732 concedit.
2717 4674 2822 4732 Sed
2857 4678 3266 4734 temerariorum
3294 4680 3580 4736 bominum

1993 4764 2085 4819 illa
2132 4764 2340 4833 judicia
2394 4774 2558 4832 sunt,
2612 4782 2794 4844 neque
2858 4766 3175 4827 Conditoris
3222 4773 3580 4842 providentiae

1995 4874 2193 4917 causas
2227 4860 2670 4933 intelligentium,
2697 4863 2901 4935 quique
2922 4878 3033 4920 non
3063 4864 3229 4922 animi
3247 4867 3444 4935 solum,
3481 4870 3578 4926 sed

1993 4951 2156 5006 etiam
2174 4954 2422 5024 corporis
2453 4954 2630 5011 oculis
2662 4954 2952 5018 videantur
2987 4972 3110 5015 esse
3140 4958 3306 5031 capti.
3333 4958 3578 5026 Quanto·

1996 5055 2125 5108 pere
2158 5042 2324 5110 igitur
2380 5043 2457 5099 illi
2499 5058 2531 5099 a
2563 5029 2795 5102 veritate
2853 5044 3176 5117 dissideant,
3214 5066 3282 5106 ex
3344 5052 3412 5107 iis
3458 5067 3588 5123 quae

1998 5132 2144 5187 dicta
2170 5143 2301 5189 sunt
2331 5135 2547 5192 abunde
2589 5146 2744 5209 potes
2802 5153 3152 5209 cognoscere.
3189 5141 3294 5197 Sed
3317 5151 3585 5215 utrosque

1999 5226 2279 5295 proprium
2312 5228 2572 5299 quiddam
2607 5246 2671 5287 ac
2700 5232 2974 5302 peculiare
3011 5232 3079 5287 ad
3124 5232 3198 5285 ita
3233 5235 3579 5294 sentiendum

2859 5427 2876 5442 .
2996 5388 3018 5419 ⁸
3053 5386 3214 5446 Deest
3252 5392 3383 5464 χρή.
3463 5395 3486 5427 ⁸
3511 5392 3577 5452 F.

1992 5608 2215 5665 nomine
2257 5610 2524 5668 loannem
2578 5613 2882 5685 intelligere
2930 5614 3169 5683 videtur,
3222 5626 3282 5674 ut
3327 5617 3396 5674 ad
3428 5618 3578 5690 λέγει

1993 5679 2159 5748 paulo
2183 5689 2308 5737 ante
2338 5683 2574 5751 positum
2609 5683 2897 5754 referatur,
2927 5686 3034 5743 hoc
3057 5704 3223 5746 sensu
3254 5708 3268 5745 τ
3303 5688 3578 5748 Proeterea

310 5728 492 5817 lenter
531 5729 654 5821 'lieri
695 5739 893 5801 potest.
941 5731 1125 5817 Longe
1157 5735 1288 5790 mibi
1324 5739 1751 5822 aptiusvidetur
1802 5745 1896 5798 καὶ
2000 5748 2255 5803 mundum
2304 5756 2370 5806 ab
2415 5756 2530 5821 ipso
2569 5753 2923 5823 {abricatnm;
2972 5760 3252 5833 omniaque
3278 5761 3572 5830 peripsum

310 5813 410 5851 του
455 5817 529 5870 υφ
586 5801 775 5872 ἐτέρου
821 5801 1193 5876 πληρωθηναι.
1233 5804 1344 5863 Nec
1390 5808 1581 5866 dubnto
1622 5827 1757 5881 qum
1794 5812 1899 5870 hoc
2000 5819 2166 5887 facto,
2191 5831 2240 5874 et
2266 5823 2380 5876 sine
2405 5823 2520 5890 ipso
2549 5824 2682 5878 nibil
2708 5842 2822 5882 esse
2856 5829 3059 5899 [utum
3093 5840 3321 5886 testatur
3348 5830 3574 5899 Aposto-

314 5866 657 6010 Eqiaebanius
693 5872 997 5943 scripserit.

444 5938 499 6010 7)
547 5940 602 5993 Ὁ
648 5942 1003 6012 dudm-walo(
1049 5951 1607 6022 προαποστερήσας.
1658 5953 1907 6026 Apostoll

2001 5891 2114 5957 lus,-
2141 5907 2204 5945 οε
2233 5894 2758 5951 ”remotissimorum
2786 5897 3076 5970 hominum,
3102 5908 3209 5961 ete.
