<?xml version="1.0" encoding="UTF-8"?>
<!DOCTYPE html PUBLIC "-//W3C//DTD XHTML 1.0 Transitional//EN"
    "http://www.w3.org/TR/xhtml1/DTD/xhtml1-transitional.dtd">
<html xmlns="http://www.w3.org/1999/xhtml" xml:lang="en" lang="en">
 <head>
  <title>
</title>
<meta http-equiv="Content-Type" content="text/html;charset=utf-8" />
  <meta name='ocr-system' content='tesseract 3.04.00' />
  <meta name='ocr-capabilities' content='ocr_page ocr_carea ocr_par ocr_line ocrx_word'/>
</head>
<body>
  <div class='ocr_page' id='page_1' title='image "./patrologicursus108migngoog_0431.png"; bbox 0 0 3850 6517; ppageno 0'>
   <div class='ocr_carea' id='block_1_1' title="bbox 289 474 3533 573">
    <p class='ocr_par' dir='ltr' id='par_1_1' title="bbox 289 474 3533 573">
     <span class='ocr_line' id='line_1_1' title="bbox 289 474 3533 573; baseline -0.013 -1"><span class='ocrx_word' id='word_1_1' title='bbox 289 513 384 573; x_wconf 75' lang='lat'>88¹</span> <span class='ocrx_word' id='word_1_2' title='bbox 960 504 1328 561; x_wconf 64' lang='lat' dir='ltr'>ADVERSUS</span> <span class='ocrx_word' id='word_1_3' title='bbox 1367 504 1708 560; x_wconf 66' lang='lat' dir='ltr'>ttfflttzsfits</span> <span class='ocrx_word' id='word_1_4' title='bbox 1750 503 1877 560; x_wconf 80' lang='lat' dir='ltr'>Lm.</span> <span class='ocrx_word' id='word_1_5' title='bbox 1919 502 1982 557; x_wconf 84' lang='grc'>11.</span> <span class='ocrx_word' id='word_1_6' title='bbox 2027 498 2190 556; x_wconf 71' lang='lat' dir='ltr'>Tou.</span> <span class='ocrx_word' id='word_1_7' title='bbox 2227 499 2344 554; x_wconf 86' lang='lat'>1.—-</span> <span class='ocrx_word' id='word_1_8' title='bbox 2382 493 2657 551; x_wconf 73' lang='lat' dir='ltr'>nAEREs.</span> <span class='ocrx_word' id='word_1_9' title='bbox 2705 488 2765 543; x_wconf 81' lang='lat' dir='ltr'>L.</span> <span class='ocrx_word' id='word_1_10' title='bbox 3426 474 3533 532; x_wconf 67' lang='grc'>889</span> 
     </span>
    </p>
   </div>
   <div class='ocr_carea' id='block_1_2' title="bbox 286 600 3536 885">
    <p class='ocr_par' dir='ltr' id='par_1_2' title="bbox 286 600 3536 885">
     <span class='ocr_line' id='line_1_2' title="bbox 286 600 3534 704; baseline -0.01 -17"><span class='ocrx_word' id='word_1_11' title='bbox 286 633 464 695; x_wconf 76' lang='grc' dir='ltr'>ταῖας,</span> <span class='ocrx_word' id='word_1_12' title='bbox 510 630 671 703; x_wconf 69' lang='grc' dir='ltr'>χάριν</span> <span class='ocrx_word' id='word_1_13' title='bbox 711 628 941 691; x_wconf 74' lang='grc' dir='ltr'>διδόντες</span> <span class='ocrx_word' id='word_1_14' title='bbox 976 631 1041 698; x_wconf 81' lang='grc' dir='ltr'>τῇ</span> <span class='ocrx_word' id='word_1_15' title='bbox 1072 627 1207 697; x_wconf 61' lang='grc' dir='ltr'>Εὔα,</span> <span class='ocrx_word' id='word_1_16' title='bbox 1237 628 1318 680; x_wconf 80' lang='grc' dir='ltr'>ὅτι</span> <span class='ocrx_word' id='word_1_17' title='bbox 1355 626 1542 698; x_wconf 82' lang='grc' dir='ltr'>πρώτη</span> <span class='ocrx_word' id='word_1_18' title='bbox 1571 626 1859 698; x_wconf 54' lang='grc' dir='ltr'>ἵβέὸρωκεν</span> <span class='ocrx_word' id='word_1_19' title='bbox 1889 634 1935 689; x_wconf 68' lang='grc' dir='ltr'><strong>Α</strong></span> <span class='ocrx_word' id='word_1_20' title='bbox 1963 624 2154 677; x_wconf 88' lang='lat' dir='ltr'>ritates</span> <span class='ocrx_word' id='word_1_21' title='bbox 2187 619 2601 677; x_wconf 73' lang='lat' dir='ltr'>circumferunt.</span> <span class='ocrx_word' id='word_1_22' title='bbox 2638 610 2984 682; x_wconf 74' lang='lat' dir='ltr'>singularem</span> <span class='ocrx_word' id='word_1_23' title='bbox 3013 604 3136 659; x_wconf 74' lang='lat' dir='ltr'>Evae</span> <span class='ocrx_word' id='word_1_24' title='bbox 3166 602 3395 673; x_wconf 75' lang='lat' dir='ltr'>gratiam</span> <span class='ocrx_word' id='word_1_25' title='bbox 3432 600 3534 704; x_wconf 69' lang='lat' dir='ltr'>tri·</span> 
     </span>
     <span class='ocr_line' id='line_1_3' title="bbox 288 692 3532 791; baseline -0.009 -14"><span class='ocrx_word' id='word_1_26' title='bbox 288 724 396 777; x_wconf 70' lang='grc' dir='ltr'>ἀπὸ</span> <span class='ocrx_word' id='word_1_27' title='bbox 422 722 515 776; x_wconf 77' lang='grc' dir='ltr'>τοῦ</span> <span class='ocrx_word' id='word_1_28' title='bbox 544 721 702 789; x_wconf 74' lang='grc' dir='ltr'>ξύλου</span> <span class='ocrx_word' id='word_1_29' title='bbox 729 721 826 791; x_wconf 76' lang='grc' dir='ltr'>τῆς</span> <span class='ocrx_word' id='word_1_30' title='bbox 861 721 1193 790; x_wconf 75' lang='grc' dir='ltr'>φρονήσεως.</span> <span class='ocrx_word' id='word_1_31' title='bbox 1232 720 1343 772; x_wconf 75' lang='grc' dir='ltr'>Καὶ</span> <span class='ocrx_word' id='word_1_32' title='bbox 1371 719 1468 790; x_wconf 78' lang='grc' dir='ltr'>τὴν</span> <span class='ocrx_word' id='word_1_33' title='bbox 1497 717 1729 789; x_wconf 74' lang='grc' dir='ltr'>ἀδελφὴν</span> <span class='ocrx_word' id='word_1_34' title='bbox 1765 717 1859 771; x_wconf 73' lang='grc' dir='ltr'>τοῦ</span> <span class='ocrx_word' id='word_1_35' title='bbox 1965 716 2161 776; x_wconf 82' lang='lat' dir='ltr'>buum,</span> <span class='ocrx_word' id='word_1_36' title='bbox 2200 712 2344 782; x_wconf 84' lang='lat' dir='ltr'>quod</span> <span class='ocrx_word' id='word_1_37' title='bbox 2392 710 2566 780; x_wconf 90' lang='lat' dir='ltr'>prima</span> <span class='ocrx_word' id='word_1_38' title='bbox 2598 707 2666 761; x_wconf 90' lang='lat' dir='ltr'>de</span> <span class='ocrx_word' id='word_1_39' title='bbox 2705 701 2950 758; x_wconf 69' lang='lat' dir='ltr'>scientiae</span> <span class='ocrx_word' id='word_1_40' title='bbox 2989 699 3169 752; x_wconf 79' lang='lat' dir='ltr'>fructu</span> <span class='ocrx_word' id='word_1_41' title='bbox 3207 692 3532 748; x_wconf 80' lang='lat' dir='ltr'>comederit.</span> 
     </span>
     <span class='ocr_line' id='line_1_4' title="bbox 291 791 3536 885; baseline -0.005 -17"><span class='ocrx_word' id='word_1_42' title='bbox 291 815 568 877; x_wconf 77' lang='grc' dir='ltr'>Μωῡσέως</span> <span class='ocrx_word' id='word_1_43' title='bbox 588 814 663 877; x_wconf 86' lang='grc' dir='ltr'>ὡς</span> <span class='ocrx_word' id='word_1_44' title='bbox 687 811 991 885; x_wconf 76' lang='grc' dir='ltr'>προφήτιδα</span> <span class='ocrx_word' id='word_1_45' title='bbox 1017 811 1285 879; x_wconf 84' lang='grc' dir='ltr'>λέγουσιν,</span> <span class='ocrx_word' id='word_1_46' title='bbox 1315 811 1394 873; x_wconf 71' lang='grc' dir='ltr'>εἰς</span> <span class='ocrx_word' id='word_1_47' title='bbox 1419 808 1724 881; x_wconf 76' lang='grc' dir='ltr'>μαρτυρίαν</span> <span class='ocrx_word' id='word_1_48' title='bbox 1752 806 1861 860; x_wconf 84' lang='grc' dir='ltr'>τῶν</span> <span class='ocrx_word' id='word_1_49' title='bbox 1967 807 2224 863; x_wconf 82' lang='lat' dir='ltr'>Sororem</span> <span class='ocrx_word' id='word_1_50' title='bbox 2258 821 2389 861; x_wconf 82' lang='lat' dir='ltr'>vcro</span> <span class='ocrx_word' id='word_1_51' title='bbox 2433 803 2635 874; x_wconf 71' lang='lat' dir='ltr'>Moysis</span> <span class='ocrx_word' id='word_1_52' title='bbox 2665 798 3070 871; x_wconf 72' lang='lat' dir='ltr'>prophetissam</span> <span class='ocrx_word' id='word_1_53' title='bbox 3108 791 3398 863; x_wconf 56' lang='lat' dir='ltr'>jactissanti</span> <span class='ocrx_word' id='word_1_54' title='bbox 3439 804 3536 843; x_wconf 68' lang='grc' dir='ltr'>ω·</span> 
     </span>
    </p>
   </div>
   <div class='ocr_carea' id='block_1_3' title="bbox 291 899 1870 2348">
    <p class='ocr_par' dir='ltr' id='par_1_3' title="bbox 291 899 1870 2348">
     <span class='ocr_line' id='line_1_5' title="bbox 291 899 1858 979; baseline -0.006 -19"><span class='ocrx_word' id='word_1_55' title='bbox 291 909 420 979; x_wconf 82' lang='grc' dir='ltr'>παρ’</span> <span class='ocrx_word' id='word_1_56' title='bbox 443 907 627 969; x_wconf 76' lang='grc' dir='ltr'>αὐτοῖς</span> <span class='ocrx_word' id='word_1_57' title='bbox 648 905 1055 975; x_wconf 75' lang='grc' dir='ltr'>καθισταμένων</span> <span class='ocrx_word' id='word_1_58' title='bbox 1076 901 1349 971; x_wconf 83' lang='grc' dir='ltr'>γυναικῶν</span> <span class='ocrx_word' id='word_1_59' title='bbox 1375 903 1431 955; x_wconf 93' lang='grc' dir='ltr'>ἐν</span> <span class='ocrx_word' id='word_1_60' title='bbox 1452 901 1550 972; x_wconf 74' lang='grc' dir='ltr'>κλή</span> <span class='ocrx_word' id='word_1_61' title='bbox 1560 918 1656 972; x_wconf 84' lang='grc' dir='ltr'>ρῳ.</span> <span class='ocrx_word' id='word_1_62' title='bbox 1680 899 1858 964; x_wconf 86' lang='grc' dir='ltr'>Ἀλλὰ,</span> 
     </span>
     <span class='ocr_line' id='line_1_6' title="bbox 292 988 1858 1067; baseline -0.006 -17"><span class='ocrx_word' id='word_1_63' title='bbox 292 995 446 1067; x_wconf 81' lang='grc' dir='ltr'>φησὶ,</span> <span class='ocrx_word' id='word_1_64' title='bbox 477 995 739 1064; x_wconf 75' lang='grc' dir='ltr'>τέσσαρες</span> <span class='ocrx_word' id='word_1_65' title='bbox 768 994 1062 1065; x_wconf 77' lang='grc' dir='ltr'>θυγατέρες</span> <span class='ocrx_word' id='word_1_66' title='bbox 1091 988 1229 1063; x_wconf 78' lang='grc' dir='ltr'>ἦσαν</span> <span class='ocrx_word' id='word_1_67' title='bbox 1255 991 1332 1061; x_wconf 82' lang='grc' dir='ltr'>τῷ</span> <span class='ocrx_word' id='word_1_68' title='bbox 1366 991 1614 1060; x_wconf 78' lang='grc' dir='ltr'>Φιλίππῳ</span> <span class='ocrx_word' id='word_1_69' title='bbox 1647 1006 1858 1061; x_wconf 78' lang='grc' dir='ltr'>προφη-</span> 
     </span>
     <span class='ocr_line' id='line_1_7' title="bbox 299 1080 1863 1154; baseline -0.004 -14"><span class='ocrx_word' id='word_1_70' title='bbox 299 1088 572 1140; x_wconf 77' lang='grc' dir='ltr'>τεύουσαι.</span> <span class='ocrx_word' id='word_1_71' title='bbox 610 1086 874 1150; x_wconf 76' lang='grc' dir='ltr'>Πολλάκις</span> <span class='ocrx_word' id='word_1_72' title='bbox 896 1086 953 1137; x_wconf 85' lang='grc' dir='ltr'>δὲ</span> <span class='ocrx_word' id='word_1_73' title='bbox 992 1087 1050 1138; x_wconf 85' lang='grc' dir='ltr'>ὲν</span> <span class='ocrx_word' id='word_1_74' title='bbox 1085 1087 1151 1154; x_wconf 80' lang='grc' dir='ltr'>τῇ</span> <span class='ocrx_word' id='word_1_75' title='bbox 1184 1083 1391 1137; x_wconf 79' lang='grc' dir='ltr'>ἑαυτῶν</span> <span class='ocrx_word' id='word_1_76' title='bbox 1455 1080 1718 1152; x_wconf 73' lang='grc' dir='ltr'>ἐκκλησίᾳ</span> <span class='ocrx_word' id='word_1_77' title='bbox 1752 1083 1863 1134; x_wconf 84' lang='grc' dir='ltr'>εἰσ-</span> 
     </span>
     <span class='ocr_line' id='line_1_8' title="bbox 295 1172 1858 1249; baseline -0.005 -17"><span class='ocrx_word' id='word_1_78' title='bbox 295 1180 544 1249; x_wconf 85' lang='grc' dir='ltr'>έρχονται</span> <span class='ocrx_word' id='word_1_79' title='bbox 592 1176 1115 1248; x_wconf 70' lang='grc' dir='ltr'>λαμπαδηφοροῦσαι</span> <span class='ocrx_word' id='word_1_80' title='bbox 1173 1174 1314 1229; x_wconf 74' lang='grc' dir='ltr'>ἑπτά</span> <span class='ocrx_word' id='word_1_81' title='bbox 1372 1191 1518 1237; x_wconf 85' lang='grc' dir='ltr'>τινες</span> <span class='ocrx_word' id='word_1_82' title='bbox 1565 1172 1858 1244; x_wconf 86' lang='grc' dir='ltr'>παρθένοι,</span> 
     </span>
     <span class='ocr_line' id='line_1_9' title="bbox 295 1264 1863 1342; baseline -0.004 -20"><span class='ocrx_word' id='word_1_83' title='bbox 295 1272 656 1342; x_wconf 86' lang='grc' dir='ltr'>λευχείμονες,</span> <span class='ocrx_word' id='word_1_84' title='bbox 684 1270 844 1341; x_wconf 77' lang='grc' dir='ltr'>δῆθεν</span> <span class='ocrx_word' id='word_1_85' title='bbox 879 1270 1191 1341; x_wconf 81' lang='grc' dir='ltr'>ἐρχόμεναι,</span> <span class='ocrx_word' id='word_1_86' title='bbox 1222 1268 1311 1323; x_wconf 84' lang='grc' dir='ltr'>ἴνα</span> <span class='ocrx_word' id='word_1_87' title='bbox 1342 1266 1755 1339; x_wconf 73' lang='grc' dir='ltr'>προφητεύσωσι</span> <span class='ocrx_word' id='word_1_88' title='bbox 1785 1264 1863 1335; x_wconf 82' lang='grc' dir='ltr'>τῷ</span> 
     </span>
     <span class='ocr_line' id='line_1_10' title="bbox 293 1359 1861 1434; baseline -0.002 -19"><span class='ocrx_word' id='word_1_89' title='bbox 293 1363 426 1434; x_wconf 81' lang='grc' dir='ltr'>λαῷ.</span> <span class='ocrx_word' id='word_1_90' title='bbox 454 1364 519 1415; x_wconf 81' lang='lat' dir='ltr'>At</span> <span class='ocrx_word' id='word_1_91' title='bbox 558 1363 615 1416; x_wconf 81' lang='grc' dir='ltr'>δὲ</span> <span class='ocrx_word' id='word_1_92' title='bbox 645 1364 848 1433; x_wconf 80' lang='grc' dir='ltr'>τρόπον</span> <span class='ocrx_word' id='word_1_93' title='bbox 866 1364 990 1416; x_wconf 78' lang='grc' dir='ltr'>τινὰ</span> <span class='ocrx_word' id='word_1_94' title='bbox 1024 1363 1428 1433; x_wconf 78' lang='grc' dir='ltr'>ἐνδεικνύμεναι</span> <span class='ocrx_word' id='word_1_95' title='bbox 1468 1359 1861 1431; x_wconf 79' lang='grc' dir='ltr'>ἐνθουσιασμοῦ</span> 
     </span>
     <span class='ocr_line' id='line_1_11' title="bbox 295 1452 1864 1528; baseline -0.002 -20"><span class='ocrx_word' id='word_1_96' title='bbox 295 1459 406 1519; x_wconf 85' lang='grc' dir='ltr'>τοῖς</span> <span class='ocrx_word' id='word_1_97' title='bbox 455 1455 691 1528; x_wconf 80' lang='grc' dir='ltr'>παροῦσι</span> <span class='ocrx_word' id='word_1_98' title='bbox 732 1456 883 1519; x_wconf 82' lang='grc' dir='ltr'>λαοῖς</span> <span class='ocrx_word' id='word_1_99' title='bbox 934 1456 1150 1527; x_wconf 77' lang='grc' dir='ltr'>ἀπάτην</span> <span class='ocrx_word' id='word_1_100' title='bbox 1188 1456 1533 1525; x_wconf 75' lang='grc' dir='ltr'>ἐργάζοντα.,</span> <span class='ocrx_word' id='word_1_101' title='bbox 1571 1452 1777 1507; x_wconf 84' lang='grc' dir='ltr'>κλαίειν</span> <span class='ocrx_word' id='word_1_102' title='bbox 1803 1469 1864 1505; x_wconf 87' lang='grc' dir='ltr'>τε</span> 
     </span>
     <span class='ocr_line' id='line_1_12' title="bbox 296 1546 1866 1617; baseline -0.001 -19"><span class='ocrx_word' id='word_1_103' title='bbox 296 1546 560 1614; x_wconf 77' lang='grc' dir='ltr'>ποιοῦσιν,</span> <span class='ocrx_word' id='word_1_104' title='bbox 592 1548 667 1611; x_wconf 83' lang='grc' dir='ltr'>ὡς</span> <span class='ocrx_word' id='word_1_105' title='bbox 695 1547 875 1600; x_wconf 81' lang='grc' dir='ltr'>οἶκτον</span> <span class='ocrx_word' id='word_1_106' title='bbox 902 1546 1187 1617; x_wconf 77' lang='grc' dir='ltr'>μετανοίας</span> <span class='ocrx_word' id='word_1_107' title='bbox 1210 1547 1458 1613; x_wconf 76' lang='grc' dir='ltr'>ἄγουσαι,</span> <span class='ocrx_word' id='word_1_108' title='bbox 1498 1546 1706 1617; x_wconf 78' lang='grc' dir='ltr'>δάκρυα</span> <span class='ocrx_word' id='word_1_109' title='bbox 1748 1546 1866 1615; x_wconf 81' lang='grc' dir='ltr'>χεό-</span> 
     </span>
     <span class='ocr_line' id='line_1_13' title="bbox 298 1635 1867 1709; baseline -0.003 -18"><span class='ocrx_word' id='word_1_110' title='bbox 298 1640 599 1708; x_wconf 72' lang='grc' dir='ltr'>μεναι,καὶ</span> <span class='ocrx_word' id='word_1_111' title='bbox 649 1638 886 1709; x_wconf 76' lang='grc' dir='ltr'>σχήματί</span> <span class='ocrx_word' id='word_1_112' title='bbox 934 1654 1039 1690; x_wconf 87' lang='grc' dir='ltr'>τινι</span> <span class='ocrx_word' id='word_1_113' title='bbox 1083 1636 1474 1707; x_wconf 79' lang='grc' dir='ltr'>ἐποδυρόμεναι</span> <span class='ocrx_word' id='word_1_114' title='bbox 1507 1636 1597 1689; x_wconf 81' lang='grc' dir='ltr'>τὸν</span> <span class='ocrx_word' id='word_1_115' title='bbox 1625 1635 1732 1688; x_wconf 84' lang='grc' dir='ltr'>τῶν</span> <span class='ocrx_word' id='word_1_116' title='bbox 1773 1637 1867 1688; x_wconf 81' lang='grc' dir='ltr'>ἀν-</span> 
     </span>
     <span class='ocr_line' id='line_1_14' title="bbox 295 1728 1862 1801; baseline -0.002 -19"><span class='ocrx_word' id='word_1_117' title='bbox 295 1729 529 1801; x_wconf 81' lang='grc' dir='ltr'>θρώπων</span> <span class='ocrx_word' id='word_1_118' title='bbox 562 1729 694 1800; x_wconf 85' lang='grc' dir='ltr'>βίον.</span> <span class='ocrx_word' id='word_1_119' title='bbox 751 1728 1070 1783; x_wconf 81' lang='grc' dir='ltr'>Ἐπίσκοποί</span> <span class='ocrx_word' id='word_1_120' title='bbox 1100 1745 1159 1781; x_wconf 84' lang='grc' dir='ltr'>τε</span> <span class='ocrx_word' id='word_1_121' title='bbox 1202 1730 1331 1800; x_wconf 78' lang='grc' dir='ltr'>παρ’</span> <span class='ocrx_word' id='word_1_122' title='bbox 1368 1728 1552 1789; x_wconf 78' lang='grc' dir='ltr'>αὐτοῖς</span> <span class='ocrx_word' id='word_1_123' title='bbox 1585 1729 1862 1796; x_wconf 81' lang='grc' dir='ltr'>γυναῖκες,</span> 
     </span>
     <span class='ocr_line' id='line_1_15' title="bbox 296 1817 1865 1894; baseline -0.003 -20"><span class='ocrx_word' id='word_1_124' title='bbox 296 1822 389 1874; x_wconf 76' lang='grc' dir='ltr'>καὶ</span> <span class='ocrx_word' id='word_1_125' title='bbox 417 1820 772 1894; x_wconf 73' lang='grc' dir='ltr'>πρεσὸύτεροι</span> <span class='ocrx_word' id='word_1_126' title='bbox 806 1823 1081 1889; x_wconf 83' lang='grc' dir='ltr'>γυναῖκες,</span> <span class='ocrx_word' id='word_1_127' title='bbox 1128 1820 1223 1873; x_wconf 78' lang='grc' dir='ltr'>καὶ</span> <span class='ocrx_word' id='word_1_128' title='bbox 1266 1820 1333 1872; x_wconf 64' lang='grc' dir='ltr'>τὰ</span> <span class='ocrx_word' id='word_1_129' title='bbox 1385 1819 1549 1874; x_wconf 81' lang='grc' dir='ltr'>ἄλλα·</span> <span class='ocrx_word' id='word_1_130' title='bbox 1579 1817 1654 1883; x_wconf 86' lang='grc' dir='ltr'>ὡς</span> <span class='ocrx_word' id='word_1_131' title='bbox 1701 1818 1865 1889; x_wconf 81' lang='grc' dir='ltr'>μηδὲν</span> 
     </span>
     <span class='ocr_line' id='line_1_16' title="bbox 295 1910 1866 1983; baseline -0.001 -19"><span class='ocrx_word' id='word_1_132' title='bbox 295 1911 572 1980; x_wconf 81' lang='grc' dir='ltr'>διαφέρειν</span> <span class='ocrx_word' id='word_1_133' title='bbox 619 1913 782 1983; x_wconf 80' lang='grc' dir='ltr'>φησίν</span> <span class='ocrx_word' id='word_1_134' title='bbox 811 1914 850 1965; x_wconf 89' lang='lat'>¹.</span> <span class='ocrx_word' id='word_1_135' title='bbox 904 1914 1000 1964; x_wconf 86' lang='grc' dir='ltr'>Ἐν</span> <span class='ocrx_word' id='word_1_136' title='bbox 1044 1912 1156 1981; x_wconf 71' lang='grc' dir='ltr'>γὰρ</span> <span class='ocrx_word' id='word_1_137' title='bbox 1199 1910 1430 1980; x_wconf 77' lang='grc' dir='ltr'>Χριστῷ</span> <span class='ocrx_word' id='word_1_138' title='bbox 1480 1912 1681 1979; x_wconf 81' lang='grc' dir='ltr'>Ἰησοῦ</span> <span class='ocrx_word' id='word_1_139' title='bbox 1727 1912 1866 1967; x_wconf 80' lang='grc' dir='ltr'>οὔτε</span> 
     </span>
     <span class='ocr_line' id='line_1_17' title="bbox 295 2001 1861 2071; baseline -0.003 -14"><span class='ocrx_word' id='word_1_140' title='bbox 295 2003 484 2071; x_wconf 75' lang='grc' dir='ltr'>ἄρσεν</span> <span class='ocrx_word' id='word_1_141' title='bbox 510 2004 650 2057; x_wconf 81' lang='grc' dir='ltr'>οὔτε</span> <span class='ocrx_word' id='word_1_142' title='bbox 701 2002 874 2071; x_wconf 69' lang='grc' dir='ltr'>θῆλυ.</span> <span class='ocrx_word' id='word_1_143' title='bbox 926 2002 1113 2056; x_wconf 81' lang='grc' dir='ltr'>Ταῦτά</span> <span class='ocrx_word' id='word_1_144' title='bbox 1156 2005 1331 2065; x_wconf 84' lang='grc' dir='ltr'>ἐστιν,</span> <span class='ocrx_word' id='word_1_145' title='bbox 1364 2001 1399 2055; x_wconf 74' lang='grc' dir='ltr'>ἃ</span> <span class='ocrx_word' id='word_1_146' title='bbox 1440 2002 1861 2071; x_wconf 79' lang='grc' dir='ltr'>κατειλήφαμεν.</span> 
     </span>
     <span class='ocr_line' id='line_1_18' title="bbox 308 2092 1866 2169; baseline -0.004 -20"><span class='ocrx_word' id='word_1_147' title='bbox 308 2094 693 2169; x_wconf 78' lang='grc' dir='ltr'>Ἀρτοτυρίτας</span> <span class='ocrx_word' id='word_1_148' title='bbox 722 2096 779 2148; x_wconf 82' lang='grc' dir='ltr'>δὲ</span> <span class='ocrx_word' id='word_1_149' title='bbox 827 2094 1024 2157; x_wconf 71' lang='grc' dir='ltr'>αὐτοὺς</span> <span class='ocrx_word' id='word_1_150' title='bbox 1056 2093 1313 2147; x_wconf 83' lang='grc' dir='ltr'>καλοῦσιν</span> <span class='ocrx_word' id='word_1_151' title='bbox 1358 2094 1466 2146; x_wconf 78' lang='grc' dir='ltr'>ἀπὸ</span> <span class='ocrx_word' id='word_1_152' title='bbox 1515 2092 1608 2144; x_wconf 78' lang='grc' dir='ltr'>τοῦ</span> <span class='ocrx_word' id='word_1_153' title='bbox 1655 2093 1713 2144; x_wconf 90' lang='grc' dir='ltr'>ἐν</span> <span class='ocrx_word' id='word_1_154' title='bbox 1755 2094 1866 2155; x_wconf 84' lang='grc' dir='ltr'>τοῖς</span> 
     </span>
     <span class='ocr_line' id='line_1_19' title="bbox 292 2181 1870 2257; baseline -0.002 -20"><span class='ocrx_word' id='word_1_155' title='bbox 292 2184 470 2239; x_wconf 78' lang='grc' dir='ltr'>αὐτῶν</span> <span class='ocrx_word' id='word_1_156' title='bbox 506 2184 825 2257; x_wconf 75' lang='grc' dir='ltr'>μυστηρίοις</span> <span class='ocrx_word' id='word_1_157' title='bbox 849 2183 1199 2247; x_wconf 77' lang='grc' dir='ltr'>ἐπιτιθέντας</span> <span class='ocrx_word' id='word_1_158' title='bbox 1230 2183 1395 2254; x_wconf 82' lang='grc' dir='ltr'>ἄρτον</span> <span class='ocrx_word' id='word_1_159' title='bbox 1431 2183 1527 2236; x_wconf 70' lang='grc' dir='ltr'>καὶ</span> <span class='ocrx_word' id='word_1_160' title='bbox 1564 2181 1749 2253; x_wconf 82' lang='grc' dir='ltr'>τυρὸν,</span> <span class='ocrx_word' id='word_1_161' title='bbox 1771 2182 1870 2235; x_wconf 75' lang='grc' dir='ltr'>καὶ</span> 
     </span>
     <span class='ocr_line' id='line_1_20' title="bbox 292 2277 1299 2348; baseline -0.002 -17"><span class='ocrx_word' id='word_1_162' title='bbox 292 2277 467 2341; x_wconf 74' lang='grc' dir='ltr'>οὕτως</span> <span class='ocrx_word' id='word_1_163' title='bbox 494 2281 665 2331; x_wconf 85' lang='grc' dir='ltr'>ποιεῖν</span> <span class='ocrx_word' id='word_1_164' title='bbox 698 2277 767 2332; x_wconf 76' lang='grc' dir='ltr'>τὰ</span> <span class='ocrx_word' id='word_1_165' title='bbox 794 2278 975 2331; x_wconf 78' lang='grc' dir='ltr'>αὐτῶν</span> <span class='ocrx_word' id='word_1_166' title='bbox 1009 2277 1299 2348; x_wconf 73' lang='grc' dir='ltr'>μυστήρια.</span> 
     </span>
    </p>
   </div>
   <div class='ocr_carea' id='block_1_4' title="bbox 292 2415 1869 3137">
    <p class='ocr_par' dir='ltr' id='par_1_4' title="bbox 292 2415 1869 3137">
     <span class='ocr_line' id='line_1_21' title="bbox 321 2415 1867 2495; baseline 0 -18"><span class='ocrx_word' id='word_1_167' title='bbox 321 2415 327 2420; x_wconf 60' lang='grc'><em>’</em></span> <span class='ocrx_word' id='word_1_168' title='bbox 367 2427 441 2478; x_wconf 72' lang='grc' dir='ltr'>Γ.</span> <span class='ocrx_word' id='word_1_169' title='bbox 500 2426 655 2478; x_wconf 81' lang='grc' dir='ltr'>Πᾶσα</span> <span class='ocrx_word' id='word_1_170' title='bbox 701 2426 758 2477; x_wconf 78' lang='grc' dir='ltr'>δὲ</span> <span class='ocrx_word' id='word_1_171' title='bbox 800 2425 1101 2495; x_wconf 81' lang='grc' dir='ltr'>ἀνθρώπων</span> <span class='ocrx_word' id='word_1_172' title='bbox 1134 2423 1301 2493; x_wconf 80' lang='grc' dir='ltr'>χλεύη</span> <span class='ocrx_word' id='word_1_173' title='bbox 1351 2425 1409 2476; x_wconf 89' lang='grc' dir='ltr'>ἐν</span> <span class='ocrx_word' id='word_1_174' title='bbox 1441 2423 1519 2494; x_wconf 77' lang='grc' dir='ltr'>τῷ</span> <span class='ocrx_word' id='word_1_175' title='bbox 1562 2423 1867 2495; x_wconf 80' lang='grc' dir='ltr'>ἀποστῆναι</span> 
     </span>
     <span class='ocr_line' id='line_1_22' title="bbox 296 2515 1868 2587; baseline -0.001 -16"><span class='ocrx_word' id='word_1_176' title='bbox 296 2516 406 2571; x_wconf 82' lang='grc' dir='ltr'>ἀπὸ</span> <span class='ocrx_word' id='word_1_177' title='bbox 452 2517 550 2587; x_wconf 81' lang='grc' dir='ltr'>τῆς</span> <span class='ocrx_word' id='word_1_178' title='bbox 603 2516 769 2587; x_wconf 77' lang='grc' dir='ltr'>ὀρθῆς</span> <span class='ocrx_word' id='word_1_179' title='bbox 811 2515 1072 2580; x_wconf 81' lang='grc' dir='ltr'>πίστεως,</span> <span class='ocrx_word' id='word_1_180' title='bbox 1128 2516 1224 2567; x_wconf 73' lang='grc' dir='ltr'>καὶ</span> <span class='ocrx_word' id='word_1_181' title='bbox 1257 2516 1339 2577; x_wconf 83' lang='grc' dir='ltr'>είς</span> <span class='ocrx_word' id='word_1_182' title='bbox 1389 2516 1699 2586; x_wconf 79' lang='grc' dir='ltr'>ἀμηχανίαν</span> <span class='ocrx_word' id='word_1_183' title='bbox 1740 2516 1868 2586; x_wconf 78' lang='grc' dir='ltr'>τρέ-</span> 
     </span>
     <span class='ocr_line' id='line_1_23' title="bbox 295 2606 1869 2678; baseline 0 -17"><span class='ocrx_word' id='word_1_184' title='bbox 295 2608 517 2674; x_wconf 82' lang='grc' dir='ltr'>πεσθαι,</span> <span class='ocrx_word' id='word_1_185' title='bbox 544 2609 635 2662; x_wconf 81' lang='grc' dir='ltr'>καὶ</span> <span class='ocrx_word' id='word_1_186' title='bbox 669 2610 750 2671; x_wconf 77' lang='grc' dir='ltr'>είς</span> <span class='ocrx_word' id='word_1_187' title='bbox 774 2607 1039 2678; x_wconf 69' lang='grc' dir='ltr'>διαφορὰν</span> <span class='ocrx_word' id='word_1_188' title='bbox 1077 2606 1486 2677; x_wconf 83' lang='grc' dir='ltr'>ἐνθουσιασμῶν</span> <span class='ocrx_word' id='word_1_189' title='bbox 1517 2624 1575 2660; x_wconf 84' lang='grc' dir='ltr'>τε</span> <span class='ocrx_word' id='word_1_190' title='bbox 1603 2608 1696 2661; x_wconf 67' lang='grc' dir='ltr'>καὶ</span> <span class='ocrx_word' id='word_1_191' title='bbox 1718 2609 1869 2678; x_wconf 74' lang='grc' dir='ltr'>ἐνερ-</span> 
     </span>
     <span class='ocr_line' id='line_1_24' title="bbox 296 2699 1867 2772; baseline -0.001 -19"><span class='ocrx_word' id='word_1_192' title='bbox 296 2701 478 2772; x_wconf 86' lang='grc' dir='ltr'>γειῶν.</span> <span class='ocrx_word' id='word_1_193' title='bbox 516 2700 1013 2770; x_wconf 75' lang='grc' dir='ltr'>Ἐκὸακχευόμεναι</span> <span class='ocrx_word' id='word_1_194' title='bbox 1044 2699 1153 2769; x_wconf 71' lang='grc' dir='ltr'>γὰρ</span> <span class='ocrx_word' id='word_1_195' title='bbox 1177 2700 1233 2752; x_wconf 76' lang='grc' dir='ltr'>αἱ</span> <span class='ocrx_word' id='word_1_196' title='bbox 1258 2699 1489 2753; x_wconf 78' lang='grc' dir='ltr'>διάνοιαι</span> <span class='ocrx_word' id='word_1_197' title='bbox 1516 2700 1604 2753; x_wconf 71' lang='grc' dir='ltr'>ἀεὶ</span> <span class='ocrx_word' id='word_1_198' title='bbox 1634 2700 1761 2765; x_wconf 70' lang='grc' dir='ltr'>τοὺς</span> <span class='ocrx_word' id='word_1_199' title='bbox 1791 2700 1867 2772; x_wconf 79' lang='grc' dir='ltr'>μὴ</span> 
     </span>
     <span class='ocr_line' id='line_1_25' title="bbox 295 2790 1867 2864; baseline -0.001 -18"><span class='ocrx_word' id='word_1_200' title='bbox 295 2792 625 2862; x_wconf 81' lang='grc' dir='ltr'>κατέχοντας</span> <span class='ocrx_word' id='word_1_201' title='bbox 650 2793 747 2864; x_wconf 74' lang='grc' dir='ltr'>τὴν</span> <span class='ocrx_word' id='word_1_202' title='bbox 789 2791 1036 2862; x_wconf 78' lang='grc' dir='ltr'>ἄγκυραν</span> <span class='ocrx_word' id='word_1_203' title='bbox 1083 2792 1182 2862; x_wconf 77' lang='grc' dir='ltr'>τῆς</span> <span class='ocrx_word' id='word_1_204' title='bbox 1220 2790 1499 2861; x_wconf 81' lang='grc' dir='ltr'>ἀληθείας,</span> <span class='ocrx_word' id='word_1_205' title='bbox 1539 2791 1655 2845; x_wconf 83' lang='grc' dir='ltr'>ἀλλ’</span> <span class='ocrx_word' id='word_1_206' title='bbox 1692 2792 1867 2845; x_wconf 81' lang='grc' dir='ltr'>ἐπιδι-</span> 
     </span>
     <span class='ocr_line' id='line_1_26' title="bbox 294 2881 1866 2955; baseline 0.001 -18"><span class='ocrx_word' id='word_1_207' title='bbox 294 2884 478 2948; x_wconf 77' lang='grc' dir='ltr'>δόντας</span> <span class='ocrx_word' id='word_1_208' title='bbox 500 2885 726 2948; x_wconf 78' lang='grc' dir='ltr'>ἑαυτοὺς</span> <span class='ocrx_word' id='word_1_209' title='bbox 758 2882 837 2954; x_wconf 81' lang='grc' dir='ltr'>τῷ</span> <span class='ocrx_word' id='word_1_210' title='bbox 859 2882 1075 2955; x_wconf 75' lang='grc' dir='ltr'>φέροντι</span> <span class='ocrx_word' id='word_1_211' title='bbox 1095 2881 1236 2935; x_wconf 67' lang='grc' dir='ltr'>κατὰ</span> <span class='ocrx_word' id='word_1_212' title='bbox 1259 2883 1440 2936; x_wconf 75' lang='grc' dir='ltr'>πᾶσαν</span> <span class='ocrx_word' id='word_1_213' title='bbox 1464 2881 1641 2936; x_wconf 79' lang='grc' dir='ltr'>ὁτιοῦν</span> <span class='ocrx_word' id='word_1_214' title='bbox 1666 2883 1866 2939; x_wconf 86' lang='grc' dir='ltr'>αἰτίαν.</span> 
     </span>
     <span class='ocr_line' id='line_1_27' title="bbox 297 2975 1868 3050; baseline 0.001 -22"><span class='ocrx_word' id='word_1_215' title='bbox 297 2975 416 3029; x_wconf 73' lang='grc' dir='ltr'>Κᾶν</span> <span class='ocrx_word' id='word_1_216' title='bbox 446 2992 508 3030; x_wconf 85' lang='grc' dir='ltr'>τε</span> <span class='ocrx_word' id='word_1_217' title='bbox 562 2975 676 3050; x_wconf 74' lang='grc' dir='ltr'>γὰρ</span> <span class='ocrx_word' id='word_1_218' title='bbox 704 2977 957 3043; x_wconf 82' lang='grc' dir='ltr'>γυναῖκες</span> <span class='ocrx_word' id='word_1_219' title='bbox 1005 2977 1134 3046; x_wconf 80' lang='grc' dir='ltr'>παρ’</span> <span class='ocrx_word' id='word_1_220' title='bbox 1182 2975 1366 3039; x_wconf 79' lang='grc' dir='ltr'>αὐτοῖς</span> <span class='ocrx_word' id='word_1_221' title='bbox 1409 2977 1491 3040; x_wconf 82' lang='grc' dir='ltr'>είς</span> <span class='ocrx_word' id='word_1_222' title='bbox 1561 2976 1868 3049; x_wconf 78' lang='grc' dir='ltr'>ἐπισκοπὴν</span> 
     </span>
     <span class='ocr_line' id='line_1_28' title="bbox 292 3064 1868 3137; baseline 0.001 -17"><span class='ocrx_word' id='word_1_223' title='bbox 292 3065 384 3120; x_wconf 71' lang='grc' dir='ltr'>καὶ</span> <span class='ocrx_word' id='word_1_224' title='bbox 458 3064 851 3137; x_wconf 67' lang='grc' dir='ltr'>πρεσᾶῡτέριον</span> <span class='ocrx_word' id='word_1_225' title='bbox 940 3066 1294 3120; x_wconf 68' lang='grc' dir='ltr'>καθίστανται</span> <span class='ocrx_word' id='word_1_226' title='bbox 1357 3064 1449 3120; x_wconf 78' lang='grc' dir='ltr'>διὰ</span> <span class='ocrx_word' id='word_1_227' title='bbox 1511 3066 1613 3137; x_wconf 75' lang='grc' dir='ltr'>τὴν</span> <span class='ocrx_word' id='word_1_228' title='bbox 1680 3066 1825 3122; x_wconf 74' lang='grc' dir='ltr'>Εὔαν</span> <span class='ocrx_word' id='word_1_229' title='bbox 1852 3107 1868 3132; x_wconf 90' lang='grc'>,</span> 
     </span>
    </p>
   </div>
   <div class='ocr_carea' id='block_1_5' title="bbox 190 3153 1868 3229">
    <p class='ocr_par' dir='ltr' id='par_1_5' title="bbox 190 3153 1868 3229">
     <span class='ocr_line' id='line_1_29' title="bbox 190 3153 1868 3229; baseline 0.004 -21"><span class='ocrx_word' id='word_1_230' title='bbox 190 3187 207 3202; x_wconf 86' lang='lat'><strong>·</strong></span> <span class='ocrx_word' id='word_1_231' title='bbox 292 3153 548 3209; x_wconf 81' lang='grc' dir='ltr'>ἀκούουσι</span> <span class='ocrx_word' id='word_1_232' title='bbox 604 3154 699 3210; x_wconf 79' lang='grc' dir='ltr'>τοῦ</span> <span class='ocrx_word' id='word_1_233' title='bbox 741 3156 950 3229; x_wconf 80' lang='grc' dir='ltr'>Κυρίου</span> <span class='ocrx_word' id='word_1_234' title='bbox 1004 3157 1287 3227; x_wconf 82' lang='grc' dir='ltr'>λέγοντος·</span> <span class='ocrx_word' id='word_1_235' title='bbox 1339 3158 1499 3227; x_wconf 66' lang='grc' dir='ltr'>Πρίς</span> <span class='ocrx_word' id='word_1_236' title='bbox 1544 3159 1650 3213; x_wconf 85' lang='grc' dir='ltr'>τὸν</span> <span class='ocrx_word' id='word_1_237' title='bbox 1677 3160 1868 3229; x_wconf 78' lang='grc' dir='ltr'>ἄνδρα</span> 
     </span>
    </p>
   </div>
   <div class='ocr_carea' id='block_1_6' title="bbox 290 3249 1871 3946">
    <p class='ocr_par' dir='ltr' id='par_1_6' title="bbox 290 3249 1871 3946">
     <span class='ocr_line' id='line_1_30' title="bbox 295 3249 1863 3321; baseline 0.004 -21"><span class='ocrx_word' id='word_1_238' title='bbox 295 3262 410 3301; x_wconf 86' lang='grc' dir='ltr'>σου</span> <span class='ocrx_word' id='word_1_239' title='bbox 428 3250 466 3316; x_wconf 78' lang='grc' dir='ltr'><strong><em>ἡ</em></strong></span> <span class='ocrx_word' id='word_1_240' title='bbox 492 3249 849 3319; x_wconf 66' lang='grc' dir='ltr'>ἀποστροφή</span> <span class='ocrx_word' id='word_1_241' title='bbox 875 3266 993 3304; x_wconf 86' lang='grc' dir='ltr'>σου</span> <span class='ocrx_word' id='word_1_242' title='bbox 1012 3292 1027 3316; x_wconf 89' lang='grc'>,</span> <span class='ocrx_word' id='word_1_243' title='bbox 1058 3250 1156 3304; x_wconf 74' lang='grc' dir='ltr'>καὶ</span> <span class='ocrx_word' id='word_1_244' title='bbox 1181 3251 1365 3317; x_wconf 81' lang='grc' dir='ltr'>αὑτός</span> <span class='ocrx_word' id='word_1_245' title='bbox 1390 3264 1508 3305; x_wconf 83' lang='grc' dir='ltr'>σου</span> <span class='ocrx_word' id='word_1_246' title='bbox 1538 3253 1863 3321; x_wconf 83' lang='grc' dir='ltr'>κυριεύσει.</span> 
     </span>
     <span class='ocr_line' id='line_1_31' title="bbox 294 3339 1865 3412; baseline 0.001 -18"><span class='ocrx_word' id='word_1_247' title='bbox 294 3339 498 3412; x_wconf 56' lang='lat' dir='ltr'>Annua</span> <span class='ocrx_word' id='word_1_248' title='bbox 541 3341 598 3395; x_wconf 77' lang='grc' dir='ltr'>δὲ</span> <span class='ocrx_word' id='word_1_249' title='bbox 653 3342 854 3406; x_wconf 73' lang='grc' dir='ltr'>αὐτοὺς</span> <span class='ocrx_word' id='word_1_250' title='bbox 902 3344 996 3395; x_wconf 75' lang='grc' dir='ltr'>καὶ</span> <span class='ocrx_word' id='word_1_251' title='bbox 1045 3343 1075 3395; x_wconf 84' lang='grc' dir='ltr'><strong>ὀ</strong></span> <span class='ocrx_word' id='word_1_252' title='bbox 1126 3340 1483 3407; x_wconf 80' lang='grc' dir='ltr'>ἀποστολικδς</span> <span class='ocrx_word' id='word_1_253' title='bbox 1539 3342 1695 3410; x_wconf 83' lang='grc' dir='ltr'>λόγος</span> <span class='ocrx_word' id='word_1_254' title='bbox 1716 3360 1730 3374; x_wconf 93' lang='grc'><em>·</em></span> <span class='ocrx_word' id='word_1_255' title='bbox 1781 3342 1865 3396; x_wconf 86' lang='grc' dir='ltr'>ὅτι</span> 
     </span>
     <span class='ocr_line' id='line_1_32' title="bbox 295 3431 1868 3501; baseline 0.002 -17"><span class='ocrx_word' id='word_1_256' title='bbox 295 3431 546 3484; x_wconf 73' lang='grc' dir='ltr'>Γυναικὶ</span> <span class='ocrx_word' id='word_1_257' title='bbox 589 3434 702 3488; x_wconf 76' lang='grc' dir='ltr'>οὐκ</span> <span class='ocrx_word' id='word_1_258' title='bbox 744 3432 1039 3501; x_wconf 73' lang='grc' dir='ltr'>ἐπιτρέπω</span> <span class='ocrx_word' id='word_1_259' title='bbox 1078 3432 1327 3497; x_wconf 69' lang='grc' dir='ltr'>λαλεῖν,</span> <span class='ocrx_word' id='word_1_260' title='bbox 1374 3433 1513 3487; x_wconf 83' lang='grc' dir='ltr'>οὔτε</span> <span class='ocrx_word' id='word_1_261' title='bbox 1556 3431 1868 3487; x_wconf 82' lang='grc' dir='ltr'>αὐθεντεῖν</span> 
     </span>
     <span class='ocr_line' id='line_1_33' title="bbox 294 3519 1868 3594; baseline 0.001 -18"><span class='ocrx_word' id='word_1_262' title='bbox 294 3519 514 3591; x_wconf 76' lang='grc' dir='ltr'>ἀνδρός</span> <span class='ocrx_word' id='word_1_263' title='bbox 533 3536 550 3553; x_wconf 89' lang='grc'><em>·</em></span> <span class='ocrx_word' id='word_1_264' title='bbox 587 3524 684 3578; x_wconf 70' lang='grc' dir='ltr'>καὶ</span> <span class='ocrx_word' id='word_1_265' title='bbox 711 3523 876 3580; x_wconf 74' lang='grc' dir='ltr'>πάλιν</span> <span class='ocrx_word' id='word_1_266' title='bbox 894 3540 910 3556; x_wconf 90' lang='grc'><em>·</em></span> <span class='ocrx_word' id='word_1_267' title='bbox 943 3525 1027 3578; x_wconf 77' lang='grc' dir='ltr'>οὐ</span> <span class='ocrx_word' id='word_1_268' title='bbox 1052 3523 1164 3593; x_wconf 74' lang='grc' dir='ltr'>γάρ</span> <span class='ocrx_word' id='word_1_269' title='bbox 1189 3520 1363 3579; x_wconf 81' lang='grc' dir='ltr'>ἐστιν</span> <span class='ocrx_word' id='word_1_270' title='bbox 1388 3523 1543 3592; x_wconf 74' lang='grc' dir='ltr'>ἀνὴρ</span> <span class='ocrx_word' id='word_1_271' title='bbox 1569 3525 1637 3578; x_wconf 75' lang='grc' dir='ltr'>ἐκ</span> <span class='ocrx_word' id='word_1_272' title='bbox 1666 3540 1868 3594; x_wconf 73' lang='grc' dir='ltr'>γυναι-</span> 
     </span>
     <span class='ocr_line' id='line_1_34' title="bbox 294 3610 1869 3685; baseline 0.002 -18"><span class='ocrx_word' id='word_1_273' title='bbox 294 3610 420 3678; x_wconf 75' lang='grc' dir='ltr'>κὸς,</span> <span class='ocrx_word' id='word_1_274' title='bbox 468 3612 632 3670; x_wconf 64' lang='grc' dir='ltr'>ἀλλὰ</span> <span class='ocrx_word' id='word_1_275' title='bbox 659 3614 816 3685; x_wconf 72' lang='grc' dir='ltr'>γυνὴ</span> <span class='ocrx_word' id='word_1_276' title='bbox 857 3614 930 3681; x_wconf 77' lang='grc' dir='ltr'>ἐξ</span> <span class='ocrx_word' id='word_1_277' title='bbox 969 3615 1185 3682; x_wconf 75' lang='grc' dir='ltr'>ἀνδρός</span> <span class='ocrx_word' id='word_1_278' title='bbox 1211 3631 1228 3647; x_wconf 90' lang='grc'><em>·</em></span> <span class='ocrx_word' id='word_1_279' title='bbox 1262 3615 1379 3677; x_wconf 79' lang='grc' dir='ltr'>καὶ,</span> <span class='ocrx_word' id='word_1_280' title='bbox 1435 3615 1497 3668; x_wconf 77' lang='grc'>’0</span> <span class='ocrx_word' id='word_1_281' title='bbox 1539 3615 1713 3683; x_wconf 80' lang='grc' dir='ltr'>Ἀδὰμ</span> <span class='ocrx_word' id='word_1_282' title='bbox 1755 3618 1869 3670; x_wconf 70' lang='grc' dir='ltr'>οὐκ</span> 
     </span>
     <span class='ocr_line' id='line_1_35' title="bbox 290 3701 1870 3769; baseline 0.002 -14"><span class='ocrx_word' id='word_1_283' title='bbox 290 3701 586 3769; x_wconf 67' lang='grc' dir='ltr'>ἠπάτηται</span> <span class='ocrx_word' id='word_1_284' title='bbox 612 3742 627 3767; x_wconf 90' lang='grc'>,</span> <span class='ocrx_word' id='word_1_285' title='bbox 678 3706 817 3756; x_wconf 62' lang='grc' dir='ltr'>ἀλλ’</span> <span class='ocrx_word' id='word_1_286' title='bbox 863 3707 902 3768; x_wconf 83' lang='grc' dir='ltr'><strong>ή</strong></span> <span class='ocrx_word' id='word_1_287' title='bbox 959 3705 1085 3755; x_wconf 77' lang='grc' dir='ltr'>Εὔα</span> <span class='ocrx_word' id='word_1_288' title='bbox 1135 3704 1335 3768; x_wconf 76' lang='grc' dir='ltr'>πρώτη</span> <span class='ocrx_word' id='word_1_289' title='bbox 1384 3705 1757 3768; x_wconf 79' lang='grc' dir='ltr'>ἁπατηθεῑσα</span> <span class='ocrx_word' id='word_1_290' title='bbox 1801 3706 1870 3758; x_wconf 74' lang='grc' dir='ltr'>ἐν</span> 
     </span>
     <span class='ocr_line' id='line_1_36' title="bbox 293 3788 1871 3867; baseline 0.003 -25"><span class='ocrx_word' id='word_1_291' title='bbox 293 3790 626 3856; x_wconf 70' lang='grc' dir='ltr'>παρασύσει</span> <span class='ocrx_word' id='word_1_292' title='bbox 664 3790 889 3858; x_wconf 74' lang='grc' dir='ltr'>γέγονε.</span> <span class='ocrx_word' id='word_1_293' title='bbox 936 3790 1047 3841; x_wconf 76' lang='grc' dir='ltr'>Καὶ</span> <span class='ocrx_word' id='word_1_294' title='bbox 1078 3788 1123 3841; x_wconf 81' lang='grc' dir='ltr'>ὣ</span> <span class='ocrx_word' id='word_1_295' title='bbox 1167 3791 1269 3859; x_wconf 79' lang='grc' dir='ltr'>τῆς</span> <span class='ocrx_word' id='word_1_296' title='bbox 1312 3791 1619 3863; x_wconf 74' lang='grc' dir='ltr'>πολυφόρου</span> <span class='ocrx_word' id='word_1_297' title='bbox 1662 3795 1871 3867; x_wconf 82' lang='grc' dir='ltr'>πλάνης</span> 
     </span>
     <span class='ocr_line' id='line_1_37' title="bbox 295 3877 882 3946; baseline 0 -17"><span class='ocrx_word' id='word_1_298' title='bbox 295 3877 389 3929; x_wconf 75' lang='grc' dir='ltr'>τοῦ</span> <span class='ocrx_word' id='word_1_299' title='bbox 424 3877 629 3946; x_wconf 76' lang='grc' dir='ltr'>κόσμου</span> <span class='ocrx_word' id='word_1_300' title='bbox 659 3877 882 3929; x_wconf 73' lang='grc' dir='ltr'>τούτουῑ</span> 
     </span>
    </p>
   </div>
   <div class='ocr_carea' id='block_1_7' title="bbox 297 4053 1873 4611">
    <p class='ocr_par' dir='ltr' id='par_1_7' title="bbox 297 4053 1873 4489">
     <span class='ocr_line' id='line_1_38' title="bbox 370 4053 1871 4128; baseline 0.008 -23"><span class='ocrx_word' id='word_1_301' title='bbox 370 4054 460 4106; x_wconf 78' lang='grc' dir='ltr'>Διὸ</span> <span class='ocrx_word' id='word_1_302' title='bbox 497 4054 571 4116; x_wconf 80' lang='grc' dir='ltr'>ὡς</span> <span class='ocrx_word' id='word_1_303' title='bbox 601 4053 766 4106; x_wconf 74' lang='grc' dir='ltr'>νωδόν</span> <span class='ocrx_word' id='word_1_304' title='bbox 797 4071 849 4106; x_wconf 91' lang='grc' dir='ltr'>τι</span> <span class='ocrx_word' id='word_1_305' title='bbox 881 4054 976 4107; x_wconf 77' lang='grc' dir='ltr'>καὶ</span> <span class='ocrx_word' id='word_1_306' title='bbox 998 4055 1309 4128; x_wconf 66' lang='grc' dir='ltr'>ἀφροσύνης</span> <span class='ocrx_word' id='word_1_307' title='bbox 1337 4056 1592 4127; x_wconf 78' lang='grc' dir='ltr'>ἔμπλεον,</span> <span class='ocrx_word' id='word_1_308' title='bbox 1625 4062 1871 4117; x_wconf 82' lang='grc' dir='ltr'>ἀσκαλα-</span> 
     </span>
     <span class='ocr_line' id='line_1_39' title="bbox 302 4143 1871 4224; baseline 0.009 -29"><span class='ocrx_word' id='word_1_309' title='bbox 302 4143 472 4197; x_wconf 78' lang='grc' dir='ltr'>6ὠτου</span> <span class='ocrx_word' id='word_1_310' title='bbox 499 4144 654 4214; x_wconf 81' lang='grc' dir='ltr'>δίκην</span> <span class='ocrx_word' id='word_1_311' title='bbox 679 4144 882 4215; x_wconf 79' lang='grc' dir='ltr'>ταύτην</span> <span class='ocrx_word' id='word_1_312' title='bbox 903 4145 1209 4219; x_wconf 87' lang='grc' dir='ltr'>παρελθὼν,</span> <span class='ocrx_word' id='word_1_313' title='bbox 1231 4149 1326 4202; x_wconf 77' lang='grc' dir='ltr'>ἐπὶ</span> <span class='ocrx_word' id='word_1_314' title='bbox 1357 4150 1456 4215; x_wconf 77' lang='grc' dir='ltr'>τὰς</span> <span class='ocrx_word' id='word_1_315' title='bbox 1489 4151 1617 4223; x_wconf 72' lang='grc' dir='ltr'>ἑξῆς</span> <span class='ocrx_word' id='word_1_316' title='bbox 1655 4153 1871 4224; x_wconf 76' lang='grc' dir='ltr'>βαδιοῦ-</span> 
     </span>
     <span class='ocr_line' id='line_1_40' title="bbox 304 4230 1873 4317; baseline 0.009 -30"><span class='ocrx_word' id='word_1_317' title='bbox 304 4252 420 4305; x_wconf 87' lang='grc' dir='ltr'>μαι,</span> <span class='ocrx_word' id='word_1_318' title='bbox 450 4230 495 4289; x_wconf 84' lang='grc' dir='ltr'><strong>ὧ</strong></span> <span class='ocrx_word' id='word_1_319' title='bbox 533 4235 828 4307; x_wconf 72' lang='grc' dir='ltr'>ἀγαπητοὶ,</span> <span class='ocrx_word' id='word_1_320' title='bbox 860 4234 993 4291; x_wconf 80' lang='grc' dir='ltr'>Θεὸν</span> <span class='ocrx_word' id='word_1_321' title='bbox 1030 4239 1448 4312; x_wconf 76' lang='grc' dir='ltr'>ἐπικαλούμενοι</span> <span class='ocrx_word' id='word_1_322' title='bbox 1472 4245 1492 4276; x_wconf 80' lang='lat'><strong>¹</strong></span> <span class='ocrx_word' id='word_1_323' title='bbox 1516 4246 1596 4309; x_wconf 82' lang='grc' dir='ltr'>είς</span> <span class='ocrx_word' id='word_1_324' title='bbox 1620 4245 1873 4317; x_wconf 76' lang='grc' dir='ltr'>βοήθειαν</span> 
     </span>
     <span class='ocr_line' id='line_1_41' title="bbox 298 4328 1873 4409; baseline 0.01 -32"><span class='ocrx_word' id='word_1_325' title='bbox 298 4328 397 4396; x_wconf 78' lang='grc' dir='ltr'>τῆς</span> <span class='ocrx_word' id='word_1_326' title='bbox 423 4329 700 4400; x_wconf 78' lang='grc' dir='ltr'>ἡμετέρας</span> <span class='ocrx_word' id='word_1_327' title='bbox 737 4328 1142 4401; x_wconf 81' lang='grc' dir='ltr'>ταπεινότητος,</span> <span class='ocrx_word' id='word_1_328' title='bbox 1188 4332 1283 4385; x_wconf 77' lang='grc' dir='ltr'>καὶ</span> <span class='ocrx_word' id='word_1_329' title='bbox 1332 4334 1413 4398; x_wconf 81' lang='grc' dir='ltr'>εἰς</span> <span class='ocrx_word' id='word_1_330' title='bbox 1447 4335 1727 4407; x_wconf 74' lang='grc' dir='ltr'>πλήρωσιν</span> <span class='ocrx_word' id='word_1_331' title='bbox 1775 4338 1873 4409; x_wconf 78' lang='grc' dir='ltr'>τῆς</span> 
     </span>
     <span class='ocr_line' id='line_1_42' title="bbox 297 4419 844 4489; baseline 0.004 -17"><span class='ocrx_word' id='word_1_332' title='bbox 297 4419 454 4489; x_wconf 75' lang='grc' dir='ltr'>ἡμῶν</span> <span class='ocrx_word' id='word_1_333' title='bbox 494 4420 844 4489; x_wconf 82' lang='grc' dir='ltr'>ἐπαγγελίας.</span> 
     </span>
    </p>

    <p class='ocr_par' dir='ltr' id='par_1_8' title="bbox 457 4532 1712 4611">
     <span class='ocr_line' id='line_1_43' title="bbox 457 4532 1712 4611; baseline 0.007 -26"><span class='ocrx_word' id='word_1_334' title='bbox 457 4532 648 4585; x_wconf 79' lang='grc' dir='ltr'><strong>ΚΑΤΑ</strong></span> <span class='ocrx_word' id='word_1_335' title='bbox 685 4532 1559 4593; x_wconf 78' lang='grc' dir='ltr'><strong>ΤΕΣΣΔΡΕΣΚΑῘΔΕΚΑΤΙΤΩΝ</strong></span> <span class='ocrx_word' id='word_1_336' title='bbox 1602 4539 1712 4611; x_wconf 82' lang='grc'>(6),</span> 
     </span>
    </p>
   </div>
   <div class='ocr_carea' id='block_1_8' title="bbox 366 4644 1869 4839">
    <p class='ocr_par' dir='ltr' id='par_1_9' title="bbox 366 4644 1869 4839">
     <span class='ocr_line' id='line_1_44' title="bbox 601 4644 1576 4718; baseline 0.01 -22"><span class='ocrx_word' id='word_1_337' title='bbox 601 4644 951 4713; x_wconf 80' lang='grc' dir='ltr'>Τριακοστὴ,</span> <span class='ocrx_word' id='word_1_338' title='bbox 980 4647 1019 4713; x_wconf 75' lang='grc' dir='ltr'><em>ἡ</em></span> <span class='ocrx_word' id='word_1_339' title='bbox 1044 4648 1144 4701; x_wconf 71' lang='grc' dir='ltr'>καὶ</span> <span class='ocrx_word' id='word_1_340' title='bbox 1172 4651 1576 4718; x_wconf 72' lang='grc' dir='ltr'>πεντηκοστὴ.</span> 
     </span>
     <span class='ocr_line' id='line_1_45' title="bbox 366 4757 1869 4839; baseline 0.005 -27"><span class='ocrx_word' id='word_1_341' title='bbox 366 4761 446 4814; x_wconf 79' lang='grc' dir='ltr'>Α’.</span> <span class='ocrx_word' id='word_1_342' title='bbox 499 4758 630 4811; x_wconf 80' lang='grc' dir='ltr'>Ἀπὸ</span> <span class='ocrx_word' id='word_1_343' title='bbox 656 4757 862 4813; x_wconf 76' lang='grc' dir='ltr'>τούτων</span> <span class='ocrx_word' id='word_1_344' title='bbox 899 4759 1008 4815; x_wconf 83' lang='grc' dir='ltr'>τῶν</span> <span class='ocrx_word' id='word_1_345' title='bbox 1033 4760 1128 4815; x_wconf 74' lang='grc' dir='ltr'>δύο</span> <span class='ocrx_word' id='word_1_346' title='bbox 1156 4764 1419 4836; x_wconf 73' lang='grc' dir='ltr'>αἱρέσεων</span> <span class='ocrx_word' id='word_1_347' title='bbox 1450 4764 1587 4837; x_wconf 70' lang='grc' dir='ltr'>ὁμοῦ</span> <span class='ocrx_word' id='word_1_348' title='bbox 1613 4766 1869 4839; x_wconf 75' lang='grc' dir='ltr'>ἀλλήλαις</span> 
     </span>
    </p>
   </div>
   <div class='ocr_carea' id='block_1_9' title="bbox 297 4912 1450 5052">
    <p class='ocr_par' dir='ltr' id='par_1_10' title="bbox 297 4912 1450 5052">
     <span class='ocr_line' id='line_1_46' title="bbox 374 4912 1430 4989; baseline 0.004 -20"><span class='ocrx_word' id='word_1_349' title='bbox 374 4915 391 4945; x_wconf 84' lang='lat'><strong>¹</strong></span> <span class='ocrx_word' id='word_1_350' title='bbox 425 4912 550 4969; x_wconf 89' lang='lat' dir='ltr'>Cor.</span> <span class='ocrx_word' id='word_1_351' title='bbox 588 4913 767 4981; x_wconf 82' lang='grc' dir='ltr'>φύσιν.</span> <span class='ocrx_word' id='word_1_352' title='bbox 844 4916 864 4947; x_wconf 80' lang='lat'>²</span> <span class='ocrx_word' id='word_1_353' title='bbox 890 4913 948 4970; x_wconf 73' lang='lat' dir='ltr'>F.</span> <span class='ocrx_word' id='word_1_354' title='bbox 984 4918 1430 4989; x_wconf 74' lang='grc' dir='ltr'>ἐπικαλούμενος.</span> 
     </span>
     <span class='ocr_line' id='line_1_47' title="bbox 297 4981 1450 5052; baseline 0.007 -14"><span class='ocrx_word' id='word_1_355' title='bbox 297 4984 386 5038; x_wconf 70' lang='lat' dir='ltr'>at.</span> <span class='ocrx_word' id='word_1_356' title='bbox 464 4984 484 5014; x_wconf 83' lang='lat'>⁷</span> <span class='ocrx_word' id='word_1_357' title='bbox 516 4981 537 5036; x_wconf 86' lang='grc' dir='ltr'>Ι</span> <span class='ocrx_word' id='word_1_358' title='bbox 568 4986 696 5039; x_wconf 75' lang='lat' dir='ltr'>Cor.</span> <span class='ocrx_word' id='word_1_359' title='bbox 732 5001 808 5050; x_wconf 79' lang='lat' dir='ltr'>xi,</span> <span class='ocrx_word' id='word_1_360' title='bbox 840 4987 895 5040; x_wconf 88' lang='lat'>8.</span> <span class='ocrx_word' id='word_1_361' title='bbox 986 4987 1052 5038; x_wconf 85' lang='lat'>⁸1</span> <span class='ocrx_word' id='word_1_362' title='bbox 1085 4987 1227 5043; x_wconf 84' lang='lat' dir='ltr'>Tim.</span> <span class='ocrx_word' id='word_1_363' title='bbox 1268 5005 1329 5052; x_wconf 88' lang='grc' dir='ltr'>ιι,</span> <span class='ocrx_word' id='word_1_364' title='bbox 1364 4991 1450 5048; x_wconf 73' lang='grc' dir='ltr'>Η.</span> 
     </span>
    </p>
   </div>
   <div class='ocr_carea' id='block_1_10' title="bbox 299 5138 1877 5986">
    <p class='ocr_par' dir='ltr' id='par_1_11' title="bbox 299 5138 1877 5986">
     <span class='ocr_line' id='line_1_48' title="bbox 368 5138 1869 5211; baseline 0.004 -17"><span class='ocrx_word' id='word_1_365' title='bbox 368 5138 443 5211; x_wconf 89' lang='grc'>(6)</span> <span class='ocrx_word' id='word_1_366' title='bbox 491 5141 1235 5209; x_wconf 77' lang='grc' dir='ltr'>Τεσσαρεσκαιδεκατιτῶι·,</span> <span class='ocrx_word' id='word_1_367' title='bbox 1274 5144 1389 5200; x_wconf 79' lang='lat' dir='ltr'>sive</span> <span class='ocrx_word' id='word_1_368' title='bbox 1421 5143 1869 5211; x_wconf 84' lang='lat' dir='ltr'>Quartadecima-</span> 
     </span>
     <span class='ocr_line' id='line_1_49' title="bbox 300 5212 1869 5284; baseline 0.004 -20"><span class='ocrx_word' id='word_1_369' title='bbox 300 5227 491 5265; x_wconf 90' lang='lat' dir='ltr'>norum</span> <span class='ocrx_word' id='word_1_370' title='bbox 541 5212 765 5266; x_wconf 69' lang='lat' dir='ltr'>haeresis</span> <span class='ocrx_word' id='word_1_371' title='bbox 813 5226 876 5266; x_wconf 90' lang='lat' dir='ltr'>ea</span> <span class='ocrx_word' id='word_1_372' title='bbox 924 5212 1145 5282; x_wconf 85' lang='lat' dir='ltr'>proprie</span> <span class='ocrx_word' id='word_1_373' title='bbox 1195 5214 1425 5279; x_wconf 86' lang='lat' dir='ltr'>dicitur,</span> <span class='ocrx_word' id='word_1_374' title='bbox 1472 5232 1593 5284; x_wconf 82' lang='lat' dir='ltr'>quae</span> <span class='ocrx_word' id='word_1_375' title='bbox 1638 5216 1869 5271; x_wconf 66' lang='lat' dir='ltr'>«ludaico</span> 
     </span>
     <span class='ocr_line' id='line_1_50' title="bbox 300 5279 1872 5356; baseline 0.003 -21"><span class='ocrx_word' id='word_1_376' title='bbox 300 5297 451 5335; x_wconf 86' lang='lat' dir='ltr'>more</span> <span class='ocrx_word' id='word_1_377' title='bbox 478 5279 686 5335; x_wconf 80' lang='lat' dir='ltr'>Pascha</span> <span class='ocrx_word' id='word_1_378' title='bbox 716 5281 840 5334; x_wconf 92' lang='lat' dir='ltr'>luna</span> <span class='ocrx_word' id='word_1_379' title='bbox 868 5298 959 5336; x_wconf 81' lang='lat' dir='ltr'>xiv</span> <span class='ocrx_word' id='word_1_380' title='bbox 999 5283 1383 5337; x_wconf 82' lang='lat' dir='ltr'>celebrandum</span> <span class='ocrx_word' id='word_1_381' title='bbox 1434 5287 1651 5347; x_wconf 82' lang='lat' dir='ltr'>asserit,</span> <span class='ocrx_word' id='word_1_382' title='bbox 1684 5302 1872 5356; x_wconf 83' lang='lat' dir='ltr'>quam·</span> 
     </span>
     <span class='ocr_line' id='line_1_51' title="bbox 300 5351 1869 5423; baseline 0.004 -20"><span class='ocrx_word' id='word_1_383' title='bbox 300 5366 517 5420; x_wconf 85' lang='lat' dir='ltr'>cunque</span> <span class='ocrx_word' id='word_1_384' title='bbox 561 5351 780 5405; x_wconf 81' lang='lat' dir='ltr'>demunt</span> <span class='ocrx_word' id='word_1_385' title='bbox 824 5352 878 5405; x_wconf 90' lang='lat' dir='ltr'>in</span> <span class='ocrx_word' id='word_1_386' title='bbox 917 5352 1106 5406; x_wconf 77' lang='lat' dir='ltr'>teriam</span> <span class='ocrx_word' id='word_1_387' title='bbox 1142 5354 1347 5408; x_wconf 87' lang='lat' dir='ltr'>incidat</span> <span class='ocrx_word' id='word_1_388' title='bbox 1374 5372 1389 5407; x_wconf 81' lang='grc' dir='ltr'>ι</span> <span class='ocrx_word' id='word_1_389' title='bbox 1421 5370 1543 5423; x_wconf 84' lang='lat' dir='ltr'>quae</span> <span class='ocrx_word' id='word_1_390' title='bbox 1576 5355 1680 5411; x_wconf 84' lang='lat' dir='ltr'>suit</span> <span class='ocrx_word' id='word_1_391' title='bbox 1711 5358 1869 5410; x_wconf 83' lang='lat' dir='ltr'>Asia-</span> 
     </span>
     <span class='ocr_line' id='line_1_52' title="bbox 299 5419 1868 5497; baseline 0.005 -26"><span class='ocrx_word' id='word_1_392' title='bbox 299 5419 532 5474; x_wconf 90' lang='lat' dir='ltr'>ticorum</span> <span class='ocrx_word' id='word_1_393' title='bbox 556 5423 761 5490; x_wconf 85' lang='lat' dir='ltr'>opinio,</span> <span class='ocrx_word' id='word_1_394' title='bbox 794 5422 887 5491; x_wconf 80' lang='lat' dir='ltr'>qui</span> <span class='ocrx_word' id='word_1_395' title='bbox 920 5422 1150 5478; x_wconf 63' lang='lat' dir='ltr'>«loannis</span> <span class='ocrx_word' id='word_1_396' title='bbox 1179 5425 1505 5479; x_wconf 89' lang='lat' dir='ltr'>auctoritate</span> <span class='ocrx_word' id='word_1_397' title='bbox 1537 5425 1657 5479; x_wconf 78' lang='lat' dir='ltr'>freti</span> <span class='ocrx_word' id='word_1_398' title='bbox 1698 5426 1868 5497; x_wconf 89' lang='lat' dir='ltr'>perti-</span> 
     </span>
     <span class='ocr_line' id='line_1_53' title="bbox 302 5490 1868 5563; baseline 0.004 -20"><span class='ocrx_word' id='word_1_399' title='bbox 302 5490 509 5543; x_wconf 87' lang='lat' dir='ltr'>naciter</span> <span class='ocrx_word' id='word_1_400' title='bbox 549 5493 712 5545; x_wconf 89' lang='lat' dir='ltr'>ritum</span> <span class='ocrx_word' id='word_1_401' title='bbox 749 5493 922 5555; x_wconf 89' lang='lat' dir='ltr'>illum,</span> <span class='ocrx_word' id='word_1_402' title='bbox 946 5495 1505 5563; x_wconf 74' lang='lat' dir='ltr'>consuetudinemque</span> <span class='ocrx_word' id='word_1_403' title='bbox 1553 5502 1868 5550; x_wconf 74' lang='lat' dir='ltr'>tenuerunt.</span> 
     </span>
     <span class='ocr_line' id='line_1_54' title="bbox 300 5559 1872 5633; baseline 0.006 -22"><span class='ocrx_word' id='word_1_404' title='bbox 300 5559 377 5614; x_wconf 82' lang='lat' dir='ltr'>De</span> <span class='ocrx_word' id='word_1_405' title='bbox 402 5574 511 5629; x_wconf 82' lang='lat' dir='ltr'>quo</span> <span class='ocrx_word' id='word_1_406' title='bbox 540 5560 807 5615; x_wconf 78' lang='lat' dir='ltr'>Eusebius</span> <span class='ocrx_word' id='word_1_407' title='bbox 837 5563 873 5616; x_wconf 93' lang='lat' dir='ltr'>l.</span> <span class='ocrx_word' id='word_1_408' title='bbox 898 5579 932 5616; x_wconf 84' lang='lat' dir='ltr'>v</span> <span class='ocrx_word' id='word_1_409' title='bbox 970 5562 1110 5617; x_wconf 74' lang='lat' dir='ltr'>msa.</span> <span class='ocrx_word' id='word_1_410' title='bbox 1150 5561 1313 5616; x_wconf 79' lang='lat' dir='ltr'>Addit</span> <span class='ocrx_word' id='word_1_411' title='bbox 1340 5563 1681 5633; x_wconf 74' lang='lat' dir='ltr'>Augustinus</span> <span class='ocrx_word' id='word_1_412' title='bbox 1711 5566 1748 5619; x_wconf 81' lang='lat' dir='ltr'>l.</span> <span class='ocrx_word' id='word_1_413' title='bbox 1795 5566 1872 5621; x_wconf 77' lang='lat' dir='ltr'>De</span> 
     </span>
     <span class='ocr_line' id='line_1_55' title="bbox 302 5628 1871 5691; baseline 0.006 -11"><span class='ocrx_word' id='word_1_414' title='bbox 302 5628 489 5684; x_wconf 73' lang='lat' dir='ltr'>lioeres.</span> <span class='ocrx_word' id='word_1_415' title='bbox 523 5631 741 5685; x_wconf 86' lang='lat' dir='ltr'>eosdem</span> <span class='ocrx_word' id='word_1_416' title='bbox 778 5632 901 5687; x_wconf 89' lang='lat' dir='ltr'>illos</span> <span class='ocrx_word' id='word_1_417' title='bbox 937 5648 1024 5686; x_wconf 80' lang='lat' dir='ltr'>xiv</span> <span class='ocrx_word' id='word_1_418' title='bbox 1058 5635 1183 5687; x_wconf 87' lang='lat' dir='ltr'>luna</span> <span class='ocrx_word' id='word_1_419' title='bbox 1219 5631 1396 5688; x_wconf 84' lang='lat' dir='ltr'>Martii</span> <span class='ocrx_word' id='word_1_420' title='bbox 1429 5636 1632 5690; x_wconf 86' lang='lat' dir='ltr'>mensis</span> <span class='ocrx_word' id='word_1_421' title='bbox 1661 5634 1871 5691; x_wconf 80' lang='lat' dir='ltr'><strong>Pascha</strong></span> 
     </span>
     <span class='ocr_line' id='line_1_56' title="bbox 305 5699 1870 5765; baseline 0.005 -14"><span class='ocrx_word' id='word_1_422' title='bbox 305 5699 510 5754; x_wconf 78' lang='lat' dir='ltr'>fixisse.</span> <span class='ocrx_word' id='word_1_423' title='bbox 549 5699 651 5755; x_wconf 87' lang='lat' dir='ltr'>Ubi</span> <span class='ocrx_word' id='word_1_424' title='bbox 688 5700 941 5757; x_wconf 74' lang='lat' dir='ltr'>Martium</span> <span class='ocrx_word' id='word_1_425' title='bbox 987 5718 1096 5759; x_wconf 89' lang='lat' dir='ltr'>non</span> <span class='ocrx_word' id='word_1_426' title='bbox 1138 5701 1414 5757; x_wconf 75' lang='lat' dir='ltr'>lulianum</span> <span class='ocrx_word' id='word_1_427' title='bbox 1442 5742 1458 5765; x_wconf 85' lang='lat'><strong>‚</strong></span> <span class='ocrx_word' id='word_1_428' title='bbox 1493 5704 1588 5760; x_wconf 81' lang='lat' dir='ltr'>scd</span> <span class='ocrx_word' id='word_1_429' title='bbox 1623 5706 1870 5760; x_wconf 89' lang='lat' dir='ltr'>lunarem</span> 
     </span>
     <span class='ocr_line' id='line_1_57' title="bbox 304 5769 1875 5844; baseline 0.006 -24"><span class='ocrx_word' id='word_1_430' title='bbox 304 5769 530 5840; x_wconf 80' lang='lat' dir='ltr'>intelligi</span> <span class='ocrx_word' id='word_1_431' title='bbox 561 5786 787 5826; x_wconf 87' lang='lat' dir='ltr'>necesse</span> <span class='ocrx_word' id='word_1_432' title='bbox 825 5781 927 5836; x_wconf 69' lang='lat' dir='ltr'>est,</span> <span class='ocrx_word' id='word_1_433' title='bbox 961 5788 1083 5826; x_wconf 90' lang='lat' dir='ltr'>cum</span> <span class='ocrx_word' id='word_1_434' title='bbox 1112 5775 1358 5844; x_wconf 80' lang='lat' dir='ltr'>plerique</span> <span class='ocrx_word' id='word_1_435' title='bbox 1395 5775 1683 5843; x_wconf 81' lang='lat' dir='ltr'>paschales</span> <span class='ocrx_word' id='word_1_436' title='bbox 1719 5791 1875 5830; x_wconf 79' lang='lat' dir='ltr'>men-</span> 
     </span>
     <span class='ocr_line' id='line_1_58' title="bbox 304 5840 1875 5913; baseline 0.006 -21"><span class='ocrx_word' id='word_1_437' title='bbox 304 5856 393 5894; x_wconf 67' lang='lat' dir='ltr'>ses</span> <span class='ocrx_word' id='word_1_438' title='bbox 424 5842 587 5896; x_wconf 88' lang='lat' dir='ltr'>ctiam</span> <span class='ocrx_word' id='word_1_439' title='bbox 613 5840 825 5898; x_wconf 67' lang='lat' dir='ltr'>Judaici</span> <span class='ocrx_word' id='word_1_440' title='bbox 857 5843 911 5898; x_wconf 91' lang='lat' dir='ltr'>in</span> <span class='ocrx_word' id='word_1_441' title='bbox 938 5842 1175 5913; x_wconf 77' lang='lat' dir='ltr'>Aprilem</span> <span class='ocrx_word' id='word_1_442' title='bbox 1227 5842 1548 5899; x_wconf 86' lang='lat' dir='ltr'>inciderent.</span> <span class='ocrx_word' id='word_1_443' title='bbox 1584 5844 1699 5900; x_wconf 81' lang='lat' dir='ltr'>Nisi</span> <span class='ocrx_word' id='word_1_444' title='bbox 1733 5845 1875 5903; x_wconf 76' lang='lat' dir='ltr'>sorte</span> 
     </span>
     <span class='ocr_line' id='line_1_59' title="bbox 301 5909 1877 5986; baseline 0.004 -20"><span class='ocrx_word' id='word_1_445' title='bbox 301 5909 359 5966; x_wconf 83' lang='lat' dir='ltr'>in</span> <span class='ocrx_word' id='word_1_446' title='bbox 401 5927 465 5969; x_wconf 82' lang='lat' dir='ltr'>ea</span> <span class='ocrx_word' id='word_1_447' title='bbox 501 5913 721 5986; x_wconf 79' lang='lat' dir='ltr'>quidam</span> <span class='ocrx_word' id='word_1_448' title='bbox 766 5914 1021 5985; x_wconf 84' lang='lat' dir='ltr'>opinione</span> <span class='ocrx_word' id='word_1_449' title='bbox 1073 5913 1312 5982; x_wconf 81' lang='lat' dir='ltr'>fuerint,</span> <span class='ocrx_word' id='word_1_450' title='bbox 1349 5921 1408 5969; x_wconf 91' lang='lat' dir='ltr'>ut</span> <span class='ocrx_word' id='word_1_451' title='bbox 1449 5913 1643 5973; x_wconf 77' lang='lat' dir='ltr'>Martio</span> <span class='ocrx_word' id='word_1_452' title='bbox 1689 5931 1877 5973; x_wconf 81' lang='lat' dir='ltr'>mense</span> 
     </span>
    </p>
   </div>
   <div class='ocr_carea' id='block_1_11' title="bbox 1542 4921 2524 4992">
    <p class='ocr_par' dir='ltr' id='par_1_12' title="bbox 1542 4921 2524 4992">
     <span class='ocr_line' id='line_1_60' title="bbox 1542 4921 2524 4992; baseline 0.011 -18"><span class='ocrx_word' id='word_1_453' title='bbox 1542 4921 1561 4953; x_wconf 79' lang='lat'><em>²</em></span> <span class='ocrx_word' id='word_1_454' title='bbox 1588 4923 1709 4977; x_wconf 82' lang='lat' dir='ltr'>Act.</span> <span class='ocrx_word' id='word_1_455' title='bbox 1748 4939 1859 4988; x_wconf 81' lang='lat' dir='ltr'>xxi,</span> <span class='ocrx_word' id='word_1_456' title='bbox 1903 4925 1959 4985; x_wconf 79' lang='grc'>9.</span> <span class='ocrx_word' id='word_1_457' title='bbox 2038 4925 2057 4956; x_wconf 70' lang='lat'>⁸</span> <span class='ocrx_word' id='word_1_458' title='bbox 2090 4926 2264 4982; x_wconf 80' lang='lat' dir='ltr'>Galat.</span> <span class='ocrx_word' id='word_1_459' title='bbox 2302 4944 2384 4992; x_wconf 87' lang='grc' dir='ltr'>ιιι,</span> <span class='ocrx_word' id='word_1_460' title='bbox 2432 4930 2524 4985; x_wconf 73' lang='lat'>28.</span> 
     </span>
    </p>
   </div>
   <div class='ocr_carea' id='block_1_12' title="bbox 1958 884 3549 1958">
    <p class='ocr_par' dir='ltr' id='par_1_13' title="bbox 1958 884 3549 1958">
     <span class='ocr_line' id='line_1_61' title="bbox 1958 884 3536 971; baseline -0.014 -16"><span class='ocrx_word' id='word_1_461' title='bbox 1958 900 2050 971; x_wconf 87' lang='lat' dir='ltr'>jus</span> <span class='ocrx_word' id='word_1_462' title='bbox 2081 898 2334 969; x_wconf 80' lang='lat' dir='ltr'>exemplo</span> <span class='ocrx_word' id='word_1_463' title='bbox 2363 911 2463 951; x_wconf 92' lang='lat' dir='ltr'>suo</span> <span class='ocrx_word' id='word_1_464' title='bbox 2499 895 2575 949; x_wconf 90' lang='lat' dir='ltr'>illi</span> <span class='ocrx_word' id='word_1_465' title='bbox 2603 890 3036 963; x_wconf 88' lang='lat' dir='ltr'>cooptandarum</span> <span class='ocrx_word' id='word_1_466' title='bbox 3077 887 3133 940; x_wconf 90' lang='lat' dir='ltr'>in</span> <span class='ocrx_word' id='word_1_467' title='bbox 3173 884 3382 939; x_wconf 87' lang='lat' dir='ltr'>clerum</span> <span class='ocrx_word' id='word_1_468' title='bbox 3415 894 3536 933; x_wconf 84' lang='lat' dir='ltr'>mu·</span> 
     </span>
     <span class='ocr_line' id='line_1_62' title="bbox 1964 977 3534 1055; baseline -0.015 -9"><span class='ocrx_word' id='word_1_469' title='bbox 1964 993 2157 1047; x_wconf 87' lang='lat' dir='ltr'>lierum</span> <span class='ocrx_word' id='word_1_470' title='bbox 2206 990 2465 1045; x_wconf 91' lang='lat' dir='ltr'>instituto</span> <span class='ocrx_word' id='word_1_471' title='bbox 2523 985 2910 1055; x_wconf 80' lang='lat' dir='ltr'>suffragantur.</span> <span class='ocrx_word' id='word_1_472' title='bbox 2974 977 3118 1045; x_wconf 78' lang='lat' dir='ltr'>Quin</span> <span class='ocrx_word' id='word_1_473' title='bbox 3162 981 3219 1031; x_wconf 88' lang='lat' dir='ltr'>et</span> <span class='ocrx_word' id='word_1_474' title='bbox 3271 979 3534 1044; x_wconf 83' lang='lat' dir='ltr'>quatuor,</span> 
     </span>
     <span class='ocr_line' id='line_1_63' title="bbox 1963 1060 3536 1153; baseline -0.013 -17"><span class='ocrx_word' id='word_1_475' title='bbox 1963 1083 2234 1153; x_wconf 84' lang='lat' dir='ltr'>inquiunt,</span> <span class='ocrx_word' id='word_1_476' title='bbox 2253 1080 2534 1149; x_wconf 85' lang='lat' dir='ltr'>Philippus</span> <span class='ocrx_word' id='word_1_477' title='bbox 2565 1076 2932 1147; x_wconf 80' lang='lat' dir='ltr'>prophetissas</span> <span class='ocrx_word' id='word_1_478' title='bbox 2964 1071 3101 1125; x_wconf 76' lang='lat' dir='ltr'>[ilias</span> <span class='ocrx_word' id='word_1_479' title='bbox 3132 1066 3322 1121; x_wconf 83' lang='lat' dir='ltr'>habuit</span> <span class='ocrx_word' id='word_1_480' title='bbox 3347 1065 3388 1117; x_wconf 72' lang='grc' dir='ltr'>ἰ</span> <span class='ocrx_word' id='word_1_481' title='bbox 3421 1060 3536 1116; x_wconf 76' lang='lat' dir='ltr'>Sae-</span> 
     </span>
     <span class='ocr_line' id='line_1_64' title="bbox 1963 1153 3536 1244; baseline -0.014 -16"><span class='ocrx_word' id='word_1_482' title='bbox 1963 1188 2256 1244; x_wconf 90' lang='lat' dir='ltr'>penumero</span> <span class='ocrx_word' id='word_1_483' title='bbox 2285 1172 2340 1225; x_wconf 89' lang='lat' dir='ltr'>in</span> <span class='ocrx_word' id='word_1_484' title='bbox 2371 1171 2585 1225; x_wconf 89' lang='lat' dir='ltr'>illorum</span> <span class='ocrx_word' id='word_1_485' title='bbox 2617 1166 2901 1222; x_wconf 87' lang='lat' dir='ltr'>ecclesiam</span> <span class='ocrx_word' id='word_1_486' title='bbox 2936 1171 3145 1232; x_wconf 82' lang='lat' dir='ltr'>septem</span> <span class='ocrx_word' id='word_1_487' title='bbox 3167 1173 3293 1213; x_wconf 84' lang='lat' dir='ltr'>cum</span> <span class='ocrx_word' id='word_1_488' title='bbox 3323 1153 3536 1210; x_wconf 74' lang='lat' dir='ltr'>facibus</span> 
     </span>
     <span class='ocr_line' id='line_1_65' title="bbox 1963 1243 3533 1334; baseline -0.014 -16"><span class='ocrx_word' id='word_1_489' title='bbox 1963 1263 2203 1334; x_wconf 76' lang='lat' dir='ltr'>virgines</span> <span class='ocrx_word' id='word_1_490' title='bbox 2261 1259 2664 1332; x_wconf 81' lang='lat' dir='ltr'>ingrediuntur,</span> <span class='ocrx_word' id='word_1_491' title='bbox 2704 1253 2938 1312; x_wconf 88' lang='lat' dir='ltr'>candida</span> <span class='ocrx_word' id='word_1_492' title='bbox 2993 1260 3162 1310; x_wconf 78' lang='lat' dir='ltr'>veste.</span> <span class='ocrx_word' id='word_1_493' title='bbox 3218 1256 3279 1302; x_wconf 91' lang='lat' dir='ltr'>ut</span> <span class='ocrx_word' id='word_1_494' title='bbox 3330 1243 3533 1317; x_wconf 87' lang='lat' dir='ltr'>populo</span> 
     </span>
     <span class='ocr_line' id='line_1_66' title="bbox 1964 1337 3536 1409; baseline -0.016 0"><span class='ocrx_word' id='word_1_495' title='bbox 1964 1354 2222 1409; x_wconf 84' lang='lat' dir='ltr'>videlicet</span> <span class='ocrx_word' id='word_1_496' title='bbox 2248 1350 2473 1405; x_wconf 87' lang='lat' dir='ltr'>oracula</span> <span class='ocrx_word' id='word_1_497' title='bbox 2504 1348 2755 1403; x_wconf 81' lang='lat' dir='ltr'>reddant.</span> <span class='ocrx_word' id='word_1_498' title='bbox 2795 1344 2888 1399; x_wconf 79' lang='lat' dir='ltr'>11ae</span> <span class='ocrx_word' id='word_1_499' title='bbox 2921 1356 3044 1398; x_wconf 90' lang='lat' dir='ltr'>cum</span> <span class='ocrx_word' id='word_1_500' title='bbox 3075 1337 3314 1409; x_wconf 87' lang='lat' dir='ltr'>speciem</span> <span class='ocrx_word' id='word_1_501' title='bbox 3344 1348 3536 1405; x_wconf 88' lang='lat' dir='ltr'>quam·</span> 
     </span>
     <span class='ocr_line' id='line_1_67' title="bbox 1964 1425 3538 1512; baseline -0.015 -12"><span class='ocrx_word' id='word_1_502' title='bbox 1964 1445 2088 1500; x_wconf 88' lang='lat' dir='ltr'>dam</span> <span class='ocrx_word' id='word_1_503' title='bbox 2122 1444 2326 1498; x_wconf 80' lang='lat' dir='ltr'>suroris</span> <span class='ocrx_word' id='word_1_504' title='bbox 2369 1456 2481 1512; x_wconf 83' lang='lat' dir='ltr'>prae</span> <span class='ocrx_word' id='word_1_505' title='bbox 2526 1455 2586 1495; x_wconf 90' lang='lat' dir='ltr'>se</span> <span class='ocrx_word' id='word_1_506' title='bbox 2634 1437 2883 1497; x_wconf 79' lang='lat' dir='ltr'>tulerint,</span> <span class='ocrx_word' id='word_1_507' title='bbox 2934 1430 3246 1488; x_wconf 84' lang='lat' dir='ltr'>astantibus</span> <span class='ocrx_word' id='word_1_508' title='bbox 3279 1425 3538 1488; x_wconf 79' lang='lat' dir='ltr'>illudunt,</span> 
     </span>
     <span class='ocr_line' id='line_1_68' title="bbox 1965 1518 3542 1603; baseline -0.013 -13"><span class='ocrx_word' id='word_1_509' title='bbox 1965 1543 2018 1591; x_wconf 92' lang='lat' dir='ltr'>et</span> <span class='ocrx_word' id='word_1_510' title='bbox 2061 1535 2127 1589; x_wconf 88' lang='lat' dir='ltr'>ad</span> <span class='ocrx_word' id='word_1_511' title='bbox 2170 1534 2359 1589; x_wconf 86' lang='lat' dir='ltr'>fletum</span> <span class='ocrx_word' id='word_1_512' title='bbox 2390 1538 2718 1603; x_wconf 74' lang='lat' dir='ltr'>provocant,</span> <span class='ocrx_word' id='word_1_513' title='bbox 2767 1536 2826 1582; x_wconf 90' lang='lat' dir='ltr'>ut</span> <span class='ocrx_word' id='word_1_514' title='bbox 2878 1526 2926 1581; x_wconf 91' lang='lat' dir='ltr'>is</span> <span class='ocrx_word' id='word_1_515' title='bbox 2976 1520 3319 1595; x_wconf 83' lang='lat' dir='ltr'>poenitentiae</span> <span class='ocrx_word' id='word_1_516' title='bbox 3356 1518 3542 1571; x_wconf 80' lang='lat' dir='ltr'>luctus</span> 
     </span>
     <span class='ocr_line' id='line_1_69' title="bbox 1965 1608 3542 1687; baseline -0.015 -5"><span class='ocrx_word' id='word_1_517' title='bbox 1965 1641 2090 1682; x_wconf 89' lang='lat' dir='ltr'>esse</span> <span class='ocrx_word' id='word_1_518' title='bbox 2137 1625 2403 1679; x_wconf 75' lang='lat' dir='ltr'>videatur.</span> <span class='ocrx_word' id='word_1_519' title='bbox 2456 1620 2594 1675; x_wconf 88' lang='lat' dir='ltr'>Nam</span> <span class='ocrx_word' id='word_1_520' title='bbox 2640 1625 2696 1674; x_wconf 89' lang='lat' dir='ltr'>et</span> <span class='ocrx_word' id='word_1_521' title='bbox 2747 1620 3019 1687; x_wconf 78' lang='lat' dir='ltr'>lacrymas</span> <span class='ocrx_word' id='word_1_522' title='bbox 3077 1608 3436 1683; x_wconf 74' lang='lat' dir='ltr'>profundunt.</span> <span class='ocrx_word' id='word_1_523' title='bbox 3486 1613 3542 1660; x_wconf 88' lang='lat' dir='ltr'>et</span> 
     </span>
     <span class='ocr_line' id='line_1_70' title="bbox 1966 1697 3540 1783; baseline -0.014 -13"><span class='ocrx_word' id='word_1_524' title='bbox 1966 1723 2084 1770; x_wconf 93' lang='lat' dir='ltr'>toto</span> <span class='ocrx_word' id='word_1_525' title='bbox 2141 1712 2392 1783; x_wconf 89' lang='lat' dir='ltr'>corporis</span> <span class='ocrx_word' id='word_1_526' title='bbox 2441 1721 2596 1782; x_wconf 80' lang='lat' dir='ltr'>gestu</span> <span class='ocrx_word' id='word_1_527' title='bbox 2648 1709 2818 1764; x_wconf 83' lang='lat' dir='ltr'>vitam</span> <span class='ocrx_word' id='word_1_528' title='bbox 2890 1704 3174 1759; x_wconf 90' lang='lat' dir='ltr'>hominum</span> <span class='ocrx_word' id='word_1_529' title='bbox 3229 1697 3540 1768; x_wconf 76' lang='lat' dir='ltr'>deplorant.</span> 
     </span>
     <span class='ocr_line' id='line_1_71' title="bbox 1966 1784 3549 1874; baseline -0.013 -17"><span class='ocrx_word' id='word_1_530' title='bbox 1966 1803 2124 1874; x_wconf 78' lang='lat' dir='ltr'>Apud</span> <span class='ocrx_word' id='word_1_531' title='bbox 2154 1800 2376 1858; x_wconf 86' lang='lat' dir='ltr'>eosdem</span> <span class='ocrx_word' id='word_1_532' title='bbox 2409 1799 2666 1853; x_wconf 87' lang='lat' dir='ltr'>mulieres</span> <span class='ocrx_word' id='word_1_533' title='bbox 2694 1792 2939 1866; x_wconf 73' lang='lat' dir='ltr'>episcopi</span> <span class='ocrx_word' id='word_1_534' title='bbox 2981 1796 3184 1846; x_wconf 88' lang='lat' dir='ltr'>suntet</span> <span class='ocrx_word' id='word_1_535' title='bbox 3210 1784 3549 1858; x_wconf 64' lang='lat' dir='ltr'>presbyteri,</span> 
     </span>
     <span class='ocr_line' id='line_1_72' title="bbox 1967 1880 3545 1958; baseline -0.011 -11"><span class='ocrx_word' id='word_1_536' title='bbox 1967 1901 2022 1947; x_wconf 91' lang='lat' dir='ltr'>et</span> <span class='ocrx_word' id='word_1_537' title='bbox 2054 1892 2122 1946; x_wconf 89' lang='lat' dir='ltr'>ad</span> <span class='ocrx_word' id='word_1_538' title='bbox 2163 1899 2392 1946; x_wconf 63' lang='lat' dir='ltr'>caeteros</span> <span class='ocrx_word' id='word_1_539' title='bbox 2424 1886 2630 1958; x_wconf 80' lang='lat' dir='ltr'>gradus</span> <span class='ocrx_word' id='word_1_540' title='bbox 2665 1886 2996 1954; x_wconf 81' lang='lat' dir='ltr'>alleguntur,</span> <span class='ocrx_word' id='word_1_541' title='bbox 3030 1880 3239 1936; x_wconf 90' lang='lat' dir='ltr'>nullum</span> <span class='ocrx_word' id='word_1_542' title='bbox 3271 1883 3331 1930; x_wconf 89' lang='lat' dir='ltr'>ut</span> <span class='ocrx_word' id='word_1_543' title='bbox 3376 1890 3545 1931; x_wconf 75' lang='lat' dir='ltr'>sexus</span> 
     </span>
    </p>
   </div>
   <div class='ocr_carea' id='block_1_13' title="bbox 1896 1971 3535 2039">
    <p class='ocr_par' dir='ltr' id='par_1_14' title="bbox 1896 1971 3535 2039">
     <span class='ocr_line' id='line_1_73' title="bbox 1896 1971 3535 2039; baseline -0.012 1"><span class='ocrx_word' id='word_1_544' title='bbox 1896 1971 1941 2025; x_wconf 79' lang='grc' dir='ltr'>Β</span> <span class='ocrx_word' id='word_1_545' title='bbox 1968 1984 2265 2039; x_wconf 87' lang='lat' dir='ltr'>discrimen</span> <span class='ocrx_word' id='word_1_546' title='bbox 2293 1987 2560 2036; x_wconf 78' lang='lat' dir='ltr'>servetur.</span> <span class='ocrx_word' id='word_1_547' title='bbox 2591 1976 2735 2029; x_wconf 72' lang='lat' dir='ltr'>Nam</span> <span class='ocrx_word' id='word_1_548' title='bbox 2759 1977 2813 2028; x_wconf 81' lang='lat' dir='ltr'>in</span> <span class='ocrx_word' id='word_1_549' title='bbox 2841 1972 3052 2028; x_wconf 76' lang='lat' dir='ltr'>Christo</span> <span class='ocrx_word' id='word_1_550' title='bbox 3081 1972 3212 2026; x_wconf 75' lang='lat' dir='ltr'>Jesu</span> <span class='ocrx_word' id='word_1_551' title='bbox 3237 1985 3397 2039; x_wconf 62' lang='lat' dir='ltr'>neque</span> <span class='ocrx_word' id='word_1_552' title='bbox 3419 1983 3535 2021; x_wconf 79' lang='lat' dir='ltr'>ntus</span> 
     </span>
    </p>
   </div>
   <div class='ocr_carea' id='block_1_14' title="bbox 1967 2061 3551 4508">
    <p class='ocr_par' dir='ltr' id='par_1_15' title="bbox 1967 2061 3547 2399">
     <span class='ocr_line' id='line_1_74' title="bbox 1967 2061 3547 2147; baseline -0.012 -17"><span class='ocrx_word' id='word_1_553' title='bbox 1967 2082 2067 2139; x_wconf 78' lang='lat' dir='ltr'>est,</span> <span class='ocrx_word' id='word_1_554' title='bbox 2107 2088 2271 2141; x_wconf 81' lang='lat' dir='ltr'>neque</span> <span class='ocrx_word' id='word_1_555' title='bbox 2300 2071 2495 2140; x_wconf 74' lang='lat' dir='ltr'>semina</span> <span class='ocrx_word' id='word_1_556' title='bbox 2518 2069 2558 2122; x_wconf 78' lang='lat'>⁸.</span> <span class='ocrx_word' id='word_1_557' title='bbox 2588 2066 2712 2122; x_wconf 80' lang='lat' dir='ltr'>Haec</span> <span class='ocrx_word' id='word_1_558' title='bbox 2757 2072 2886 2120; x_wconf 90' lang='lat' dir='ltr'>sunt</span> <span class='ocrx_word' id='word_1_559' title='bbox 2915 2079 3037 2147; x_wconf 55' lang='lat' dir='ltr'>qua?</span> <span class='ocrx_word' id='word_1_560' title='bbox 3066 2064 3134 2117; x_wconf 91' lang='lat' dir='ltr'>de</span> <span class='ocrx_word' id='word_1_561' title='bbox 3181 2061 3291 2115; x_wconf 87' lang='lat' dir='ltr'>illis</span> <span class='ocrx_word' id='word_1_562' title='bbox 3327 2072 3547 2128; x_wconf 89' lang='lat' dir='ltr'>compe--</span> 
     </span>
     <span class='ocr_line' id='line_1_75' title="bbox 1968 2150 3545 2232; baseline -0.01 -14"><span class='ocrx_word' id='word_1_563' title='bbox 1968 2164 2079 2218; x_wconf 88' lang='lat' dir='ltr'>rire</span> <span class='ocrx_word' id='word_1_564' title='bbox 2135 2162 2440 2232; x_wconf 83' lang='lat' dir='ltr'>potuimus.</span> <span class='ocrx_word' id='word_1_565' title='bbox 2485 2159 2758 2215; x_wconf 77' lang='lat' dir='ltr'>Caeterum</span> <span class='ocrx_word' id='word_1_566' title='bbox 2799 2154 3135 2225; x_wconf 81' lang='lat' dir='ltr'>Artotyritas</span> <span class='ocrx_word' id='word_1_567' title='bbox 3183 2150 3406 2207; x_wconf 86' lang='lat' dir='ltr'>eosdem</span> <span class='ocrx_word' id='word_1_568' title='bbox 3461 2151 3545 2203; x_wconf 87' lang='lat' dir='ltr'>id-</span> 
     </span>
     <span class='ocr_line' id='line_1_76' title="bbox 1968 2244 3547 2321; baseline -0.009 -13"><span class='ocrx_word' id='word_1_569' title='bbox 1968 2254 2122 2309; x_wconf 90' lang='lat' dir='ltr'>circo</span> <span class='ocrx_word' id='word_1_570' title='bbox 2151 2259 2381 2318; x_wconf 81' lang='lat' dir='ltr'>vocant,</span> <span class='ocrx_word' id='word_1_571' title='bbox 2402 2248 2549 2321; x_wconf 85' lang='lat' dir='ltr'>quod</span> <span class='ocrx_word' id='word_1_572' title='bbox 2577 2248 2644 2301; x_wconf 89' lang='lat' dir='ltr'>ad</span> <span class='ocrx_word' id='word_1_573' title='bbox 2674 2244 3008 2302; x_wconf 87' lang='lat' dir='ltr'>celebranda</span> <span class='ocrx_word' id='word_1_574' title='bbox 3041 2244 3302 2315; x_wconf 73' lang='lat' dir='ltr'>mysteria</span> <span class='ocrx_word' id='word_1_575' title='bbox 3323 2256 3422 2296; x_wconf 89' lang='lat' dir='ltr'>sua</span> <span class='ocrx_word' id='word_1_576' title='bbox 3451 2255 3547 2311; x_wconf 82' lang='lat' dir='ltr'>pa-</span> 
     </span>
     <span class='ocr_line' id='line_1_77' title="bbox 1968 2337 2763 2399; baseline -0.01 -1"><span class='ocrx_word' id='word_1_577' title='bbox 1968 2358 2094 2399; x_wconf 87' lang='lat' dir='ltr'>nem</span> <span class='ocrx_word' id='word_1_578' title='bbox 2122 2349 2178 2396; x_wconf 91' lang='lat' dir='ltr'>ct</span> <span class='ocrx_word' id='word_1_579' title='bbox 2216 2356 2440 2396; x_wconf 88' lang='lat' dir='ltr'>caseum</span> <span class='ocrx_word' id='word_1_580' title='bbox 2479 2337 2763 2393; x_wconf 86' lang='lat' dir='ltr'>adhibent.</span> 
     </span>
    </p>

    <p class='ocr_par' dir='ltr' id='par_1_16' title="bbox 1967 2424 3551 4050">
     <span class='ocr_line' id='line_1_78' title="bbox 2039 2424 3548 2493; baseline -0.004 -10"><span class='ocrx_word' id='word_1_581' title='bbox 2039 2429 2129 2485; x_wconf 86' lang='grc' dir='ltr'>ΙΙΙ.</span> <span class='ocrx_word' id='word_1_582' title='bbox 2170 2430 2375 2486; x_wconf 84' lang='lat' dir='ltr'>Verum</span> <span class='ocrx_word' id='word_1_583' title='bbox 2403 2431 2684 2485; x_wconf 78' lang='lat' dir='ltr'>enimvero</span> <span class='ocrx_word' id='word_1_584' title='bbox 2708 2427 2800 2481; x_wconf 85' lang='lat' dir='ltr'>ubi</span> <span class='ocrx_word' id='word_1_585' title='bbox 2827 2427 2895 2481; x_wconf 90' lang='lat' dir='ltr'>ab</span> <span class='ocrx_word' id='word_1_586' title='bbox 2923 2426 3137 2481; x_wconf 87' lang='lat' dir='ltr'>sincera</span> <span class='ocrx_word' id='word_1_587' title='bbox 3169 2424 3431 2493; x_wconf 74' lang='lat' dir='ltr'>religione</span> <span class='ocrx_word' id='word_1_588' title='bbox 3459 2438 3548 2477; x_wconf 86' lang='lat' dir='ltr'>se·</span> 
     </span>
     <span class='ocr_line' id='line_1_79' title="bbox 1970 2514 3551 2587; baseline -0.006 -9"><span class='ocrx_word' id='word_1_589' title='bbox 1970 2524 2078 2579; x_wconf 89' lang='lat' dir='ltr'>mel</span> <span class='ocrx_word' id='word_1_590' title='bbox 2107 2523 2422 2578; x_wconf 86' lang='lat' dir='ltr'>aberratum</span> <span class='ocrx_word' id='word_1_591' title='bbox 2450 2529 2558 2584; x_wconf 85' lang='lat' dir='ltr'>est.</span> <span class='ocrx_word' id='word_1_592' title='bbox 2588 2520 2820 2575; x_wconf 88' lang='lat' dir='ltr'>ridicula</span> <span class='ocrx_word' id='word_1_593' title='bbox 2854 2533 2919 2573; x_wconf 89' lang='lat' dir='ltr'>ae</span> <span class='ocrx_word' id='word_1_594' title='bbox 2955 2517 3293 2587; x_wconf 86' lang='lat' dir='ltr'>perturbata,</span> <span class='ocrx_word' id='word_1_595' title='bbox 3328 2530 3450 2585; x_wconf 83' lang='lat' dir='ltr'>quae</span> <span class='ocrx_word' id='word_1_596' title='bbox 3475 2514 3551 2568; x_wconf 84' lang='lat' dir='ltr'>ab</span> 
     </span>
     <span class='ocr_line' id='line_1_80' title="bbox 1972 2610 3548 2684; baseline -0.006 -15"><span class='ocrx_word' id='word_1_597' title='bbox 1972 2614 2289 2669; x_wconf 86' lang='lat' dir='ltr'>hominibus</span> <span class='ocrx_word' id='word_1_598' title='bbox 2328 2620 2619 2684; x_wconf 78' lang='lat' dir='ltr'>geruntur,</span> <span class='ocrx_word' id='word_1_599' title='bbox 2655 2627 2781 2667; x_wconf 88' lang='lat' dir='ltr'>esse</span> <span class='ocrx_word' id='word_1_600' title='bbox 2815 2610 2998 2664; x_wconf 87' lang='lat' dir='ltr'>omnia</span> <span class='ocrx_word' id='word_1_601' title='bbox 3041 2623 3268 2663; x_wconf 87' lang='lat' dir='ltr'>necesse</span> <span class='ocrx_word' id='word_1_602' title='bbox 3309 2617 3417 2671; x_wconf 84' lang='lat' dir='ltr'>est,</span> <span class='ocrx_word' id='word_1_603' title='bbox 3453 2622 3548 2660; x_wconf 83' lang='lat' dir='ltr'>va·</span> 
     </span>
     <span class='ocr_line' id='line_1_81' title="bbox 1970 2702 3550 2775; baseline -0.006 -15"><span class='ocrx_word' id='word_1_604' title='bbox 1970 2708 2053 2761; x_wconf 90' lang='lat' dir='ltr'>ria</span> <span class='ocrx_word' id='word_1_605' title='bbox 2085 2715 2145 2761; x_wconf 90' lang='lat' dir='ltr'>ut</span> <span class='ocrx_word' id='word_1_606' title='bbox 2173 2706 2302 2762; x_wconf 86' lang='lat' dir='ltr'>inde</span> <span class='ocrx_word' id='word_1_607' title='bbox 2349 2705 2553 2760; x_wconf 79' lang='lat' dir='ltr'>suroris</span> <span class='ocrx_word' id='word_1_608' title='bbox 2605 2718 2828 2775; x_wconf 81' lang='lat' dir='ltr'>genera.</span> <span class='ocrx_word' id='word_1_609' title='bbox 2863 2702 3286 2772; x_wconf 83' lang='lat' dir='ltr'>daemonumque</span> <span class='ocrx_word' id='word_1_610' title='bbox 3329 2702 3383 2753; x_wconf 90' lang='lat' dir='ltr'>in</span> <span class='ocrx_word' id='word_1_611' title='bbox 3429 2712 3550 2752; x_wconf 91' lang='lat' dir='ltr'>cor·</span> 
     </span>
     <span class='ocr_line' id='line_1_82' title="bbox 1968 2788 3550 2868; baseline -0.005 -15"><span class='ocrx_word' id='word_1_612' title='bbox 1968 2812 2104 2867; x_wconf 89' lang='lat' dir='ltr'>pora</span> <span class='ocrx_word' id='word_1_613' title='bbox 2127 2796 2523 2868; x_wconf 87' lang='lat' dir='ltr'>impressiones</span> <span class='ocrx_word' id='word_1_614' title='bbox 2544 2794 2816 2850; x_wconf 90' lang='lat' dir='ltr'>oriantur.</span> <span class='ocrx_word' id='word_1_615' title='bbox 2840 2790 2976 2847; x_wconf 85' lang='lat' dir='ltr'>Nam</span> <span class='ocrx_word' id='word_1_616' title='bbox 2999 2793 3093 2863; x_wconf 88' lang='lat' dir='ltr'>qui</span> <span class='ocrx_word' id='word_1_617' title='bbox 3120 2792 3366 2847; x_wconf 70' lang='lat' dir='ltr'>veritatis</span> <span class='ocrx_word' id='word_1_618' title='bbox 3383 2788 3550 2862; x_wconf 67' lang='grc'>419</span> 
     </span>
     <span class='ocr_line' id='line_1_83' title="bbox 1970 2879 3547 2949; baseline -0.008 -6"><span class='ocrx_word' id='word_1_619' title='bbox 1970 2885 2270 2943; x_wconf 80' lang='lat' dir='ltr'>anchoram</span> <span class='ocrx_word' id='word_1_620' title='bbox 2327 2886 2554 2941; x_wconf 77' lang='lat' dir='ltr'>minime</span> <span class='ocrx_word' id='word_1_621' title='bbox 2582 2885 2853 2949; x_wconf 85' lang='lat' dir='ltr'>retinent,</span> <span class='ocrx_word' id='word_1_622' title='bbox 2889 2882 2986 2939; x_wconf 85' lang='lat' dir='ltr'>sed</span> <span class='ocrx_word' id='word_1_623' title='bbox 3014 2889 3301 2938; x_wconf 80' lang='lat' dir='ltr'>ventorum</span> <span class='ocrx_word' id='word_1_624' title='bbox 3323 2879 3547 2933; x_wconf 83' lang='lat' dir='ltr'>flatibus</span> 
     </span>
     <span class='ocr_line' id='line_1_84' title="bbox 1971 2970 3542 3052; baseline -0.007 -18"><span class='ocrx_word' id='word_1_625' title='bbox 1971 2994 2303 3052; x_wconf 85' lang='lat' dir='ltr'>quacunque</span> <span class='ocrx_word' id='word_1_626' title='bbox 2339 2993 2399 3034; x_wconf 88' lang='lat' dir='ltr'>se</span> <span class='ocrx_word' id='word_1_627' title='bbox 2433 2975 2724 3032; x_wconf 79' lang='lat' dir='ltr'>occasione</span> <span class='ocrx_word' id='word_1_628' title='bbox 2755 2976 3096 3047; x_wconf 87' lang='lat' dir='ltr'>permittunt,</span> <span class='ocrx_word' id='word_1_629' title='bbox 3144 2975 3340 3028; x_wconf 86' lang='lat' dir='ltr'>horum</span> <span class='ocrx_word' id='word_1_630' title='bbox 3371 2970 3542 3025; x_wconf 87' lang='lat' dir='ltr'>animi</span> 
     </span>
     <span class='ocr_line' id='line_1_85' title="bbox 1972 3064 3550 3144; baseline -0.006 -18"><span class='ocrx_word' id='word_1_631' title='bbox 1972 3072 2286 3144; x_wconf 80' lang='lat' dir='ltr'>praecipites</span> <span class='ocrx_word' id='word_1_632' title='bbox 2313 3070 2550 3125; x_wconf 86' lang='lat' dir='ltr'>amentia</span> <span class='ocrx_word' id='word_1_633' title='bbox 2583 3069 2854 3126; x_wconf 78' lang='lat' dir='ltr'>seruntur.</span> <span class='ocrx_word' id='word_1_634' title='bbox 2884 3067 3042 3135; x_wconf 87' lang='lat' dir='ltr'>Quod</span> <span class='ocrx_word' id='word_1_635' title='bbox 3076 3067 3220 3122; x_wconf 88' lang='lat' dir='ltr'>enim</span> <span class='ocrx_word' id='word_1_636' title='bbox 3258 3064 3550 3119; x_wconf 83' lang='lat' dir='ltr'>muliercu-</span> 
     </span>
     <span class='ocr_line' id='line_1_86' title="bbox 1971 3154 3547 3232; baseline -0.004 -17"><span class='ocrx_word' id='word_1_637' title='bbox 1971 3162 2054 3219; x_wconf 85' lang='lat' dir='ltr'>las</span> <span class='ocrx_word' id='word_1_638' title='bbox 2101 3162 2170 3217; x_wconf 90' lang='lat' dir='ltr'>ad</span> <span class='ocrx_word' id='word_1_639' title='bbox 2220 3162 2609 3232; x_wconf 86' lang='lat' dir='ltr'>episcoporum</span> <span class='ocrx_word' id='word_1_640' title='bbox 2664 3167 2758 3213; x_wconf 90' lang='lat' dir='ltr'>aut</span> <span class='ocrx_word' id='word_1_641' title='bbox 2807 3158 3253 3229; x_wconf 77' lang='lat' dir='ltr'>presbyterorum</span> <span class='ocrx_word' id='word_1_642' title='bbox 3298 3154 3547 3209; x_wconf 85' lang='lat' dir='ltr'>ordinem</span> 
     </span>
     <span class='ocr_line' id='line_1_87' title="bbox 1974 3246 3549 3321; baseline -0.003 -16"><span class='ocrx_word' id='word_1_643' title='bbox 1974 3251 2275 3312; x_wconf 86' lang='lat' dir='ltr'>asciscunt.</span> <span class='ocrx_word' id='word_1_644' title='bbox 2311 3251 2476 3321; x_wconf 88' lang='lat' dir='ltr'>idque</span> <span class='ocrx_word' id='word_1_645' title='bbox 2503 3251 2575 3306; x_wconf 90' lang='lat' dir='ltr'>ob</span> <span class='ocrx_word' id='word_1_646' title='bbox 2611 3250 2774 3306; x_wconf 82' lang='lat' dir='ltr'>Evam</span> <span class='ocrx_word' id='word_1_647' title='bbox 2818 3248 3001 3305; x_wconf 78' lang='lat' dir='ltr'>facere</span> <span class='ocrx_word' id='word_1_648' title='bbox 3043 3263 3105 3304; x_wconf 88' lang='lat' dir='ltr'>se</span> <span class='ocrx_word' id='word_1_649' title='bbox 3142 3246 3421 3312; x_wconf 79' lang='lat' dir='ltr'>dictitant,</span> <span class='ocrx_word' id='word_1_650' title='bbox 3455 3260 3549 3301; x_wconf 86' lang='lat' dir='ltr'>au·</span> 
     </span>
     <span class='ocr_line' id='line_1_88' title="bbox 1974 3336 3549 3413; baseline -0.005 -15"><span class='ocrx_word' id='word_1_651' title='bbox 1974 3342 2135 3398; x_wconf 88' lang='lat' dir='ltr'>diunt</span> <span class='ocrx_word' id='word_1_652' title='bbox 2186 3358 2322 3399; x_wconf 88' lang='lat' dir='ltr'>sane</span> <span class='ocrx_word' id='word_1_653' title='bbox 2362 3342 2509 3413; x_wconf 85' lang='lat' dir='ltr'>quod</span> <span class='ocrx_word' id='word_1_654' title='bbox 2540 3356 2572 3396; x_wconf 86' lang='lat' dir='ltr'>a</span> <span class='ocrx_word' id='word_1_655' title='bbox 2599 3339 2833 3397; x_wconf 86' lang='lat' dir='ltr'>Domino</span> <span class='ocrx_word' id='word_1_656' title='bbox 2864 3339 3073 3394; x_wconf 88' lang='lat' dir='ltr'>dictum</span> <span class='ocrx_word' id='word_1_657' title='bbox 3111 3344 3197 3393; x_wconf 88' lang='lat' dir='ltr'>est</span> <span class='ocrx_word' id='word_1_658' title='bbox 3225 3356 3238 3390; x_wconf 91' lang='lat'>:</span> <span class='ocrx_word' id='word_1_659' title='bbox 3267 3336 3349 3390; x_wconf 77' lang='lat' dir='ltr'>Ad</span> <span class='ocrx_word' id='word_1_660' title='bbox 3380 3339 3549 3391; x_wconf 78' lang='lat' dir='ltr'>virum</span> 
     </span>
     <span class='ocr_line' id='line_1_89' title="bbox 1969 3427 3550 3502; baseline -0.003 -16"><span class='ocrx_word' id='word_1_661' title='bbox 1969 3435 2069 3487; x_wconf 74' lang='lat' dir='ltr'>erit</span> <span class='ocrx_word' id='word_1_662' title='bbox 2112 3435 2379 3489; x_wconf 73' lang='lat' dir='ltr'>conversio</span> <span class='ocrx_word' id='word_1_663' title='bbox 2417 3444 2533 3499; x_wconf 78' lang='lat' dir='ltr'>tua,</span> <span class='ocrx_word' id='word_1_664' title='bbox 2565 3442 2614 3488; x_wconf 84' lang='lat' dir='ltr'>et</span> <span class='ocrx_word' id='word_1_665' title='bbox 2660 3433 2768 3502; x_wconf 81' lang='lat' dir='ltr'>ipse</span> <span class='ocrx_word' id='word_1_666' title='bbox 2802 3428 3309 3489; x_wconf 31' lang='lat' dir='ltr'>dominabitur-tibi</span> <span class='ocrx_word' id='word_1_667' title='bbox 3330 3429 3371 3481; x_wconf 86' lang='lat'>⁸.</span> <span class='ocrx_word' id='word_1_668' title='bbox 3405 3427 3550 3494; x_wconf 86' lang='lat' dir='ltr'>Quin</span> 
     </span>
     <span class='ocr_line' id='line_1_90' title="bbox 1970 3519 3549 3596; baseline -0.003 -18"><span class='ocrx_word' id='word_1_669' title='bbox 1970 3524 2108 3579; x_wconf 85' lang='lat' dir='ltr'>illud</span> <span class='ocrx_word' id='word_1_670' title='bbox 2145 3526 2404 3595; x_wconf 80' lang='lat' dir='ltr'>ignorant</span> <span class='ocrx_word' id='word_1_671' title='bbox 2448 3524 2696 3596; x_wconf 80' lang='lat' dir='ltr'>Apostoli</span> <span class='ocrx_word' id='word_1_672' title='bbox 2735 3522 3114 3592; x_wconf 72' lang='lat' dir='ltr'>praescriptum</span> <span class='ocrx_word' id='word_1_673' title='bbox 3147 3539 3160 3574; x_wconf 91' lang='lat'><strong>:</strong></span> <span class='ocrx_word' id='word_1_674' title='bbox 3194 3519 3407 3574; x_wconf 77' lang='lat' dir='ltr'>Mulieri</span> <span class='ocrx_word' id='word_1_675' title='bbox 3445 3537 3549 3573; x_wconf 77' lang='lat' dir='ltr'>nor:</span> 
     </span>
     <span class='ocr_line' id='line_1_91' title="bbox 1969 3609 3545 3687; baseline -0.003 -18"><span class='ocrx_word' id='word_1_676' title='bbox 1969 3616 2215 3683; x_wconf 79' lang='lat' dir='ltr'>permitto</span> <span class='ocrx_word' id='word_1_677' title='bbox 2245 3616 2412 3687; x_wconf 77' lang='lat' dir='ltr'>loqui,</span> <span class='ocrx_word' id='word_1_678' title='bbox 2444 3631 2605 3685; x_wconf 75' lang='lat' dir='ltr'>neque</span> <span class='ocrx_word' id='word_1_679' title='bbox 2631 3617 2686 3668; x_wconf 80' lang='lat' dir='ltr'>in</span> <span class='ocrx_word' id='word_1_680' title='bbox 2715 3617 2852 3668; x_wconf 76' lang='lat' dir='ltr'>viros</span> <span class='ocrx_word' id='word_1_681' title='bbox 2886 3613 3257 3666; x_wconf 70' lang='lat' dir='ltr'>anctoritatem</span> <span class='ocrx_word' id='word_1_682' title='bbox 3291 3609 3482 3665; x_wconf 77' lang='lat' dir='ltr'>habere</span> <span class='ocrx_word' id='word_1_683' title='bbox 3499 3610 3545 3674; x_wconf 65' lang='grc' dir='ltr'>*ς</span> 
     </span>
     <span class='ocr_line' id='line_1_92' title="bbox 1970 3697 3549 3764; baseline -0.006 -5"><span class='ocrx_word' id='word_1_684' title='bbox 1970 3705 2101 3759; x_wconf 86' lang='lat' dir='ltr'>item</span> <span class='ocrx_word' id='word_1_685' title='bbox 2133 3724 2147 3759; x_wconf 82' lang='grc' dir='ltr'>ι</span> <span class='ocrx_word' id='word_1_686' title='bbox 2175 3704 2298 3758; x_wconf 85' lang='grc' dir='ltr'>Νοιι</span> <span class='ocrx_word' id='word_1_687' title='bbox 2327 3706 2464 3757; x_wconf 83' lang='lat' dir='ltr'>enim</span> <span class='ocrx_word' id='word_1_688' title='bbox 2512 3703 2593 3757; x_wconf 77' lang='lat' dir='ltr'>vir</span> <span class='ocrx_word' id='word_1_689' title='bbox 2639 3710 2718 3757; x_wconf 84' lang='lat' dir='ltr'>est</span> <span class='ocrx_word' id='word_1_690' title='bbox 2768 3717 2801 3754; x_wconf 81' lang='lat' dir='ltr'>a</span> <span class='ocrx_word' id='word_1_691' title='bbox 2841 3700 3078 3764; x_wconf 72' lang='lat' dir='ltr'>muliere,</span> <span class='ocrx_word' id='word_1_692' title='bbox 3113 3698 3206 3753; x_wconf 69' lang='lat' dir='ltr'>sed</span> <span class='ocrx_word' id='word_1_693' title='bbox 3256 3697 3446 3751; x_wconf 73' lang='grc' dir='ltr'>ιιιιιΙὶιϊ</span> <span class='ocrx_word' id='word_1_694' title='bbox 3483 3712 3549 3752; x_wconf 75' lang='lat' dir='ltr'>ex</span> 
     </span>
     <span class='ocr_line' id='line_1_93' title="bbox 1971 3788 3549 3862; baseline -0.004 -14"><span class='ocrx_word' id='word_1_695' title='bbox 1971 3794 2148 3862; x_wconf 80' lang='lat' dir='ltr'>viro⁷;</span> <span class='ocrx_word' id='word_1_696' title='bbox 2195 3803 2249 3850; x_wconf 88' lang='lat' dir='ltr'>et</span> <span class='ocrx_word' id='word_1_697' title='bbox 2278 3812 2292 3848; x_wconf 77' lang='grc' dir='ltr'>τ</span> <span class='ocrx_word' id='word_1_698' title='bbox 2323 3794 2497 3848; x_wconf 72' lang='lat' dir='ltr'>Adam</span> <span class='ocrx_word' id='word_1_699' title='bbox 2535 3811 2639 3849; x_wconf 84' lang='lat' dir='ltr'>non</span> <span class='ocrx_word' id='word_1_700' title='bbox 2672 3803 2750 3847; x_wconf 78' lang='lat' dir='ltr'>est</span> <span class='ocrx_word' id='word_1_701' title='bbox 2800 3794 3065 3861; x_wconf 77' lang='lat' dir='ltr'>deceptus,</span> <span class='ocrx_word' id='word_1_702' title='bbox 3114 3791 3204 3845; x_wconf 78' lang='lat' dir='ltr'>sed</span> <span class='ocrx_word' id='word_1_703' title='bbox 3256 3788 3369 3843; x_wconf 84' lang='lat' dir='ltr'>Era</span> <span class='ocrx_word' id='word_1_704' title='bbox 3401 3790 3549 3859; x_wconf 82' lang='lat' dir='ltr'>prior</span> 
     </span>
     <span class='ocr_line' id='line_1_94' title="bbox 1967 3885 3547 3959; baseline -0.002 -18"><span class='ocrx_word' id='word_1_705' title='bbox 1967 3888 2185 3958; x_wconf 74' lang='lat' dir='ltr'>decepta</span> <span class='ocrx_word' id='word_1_706' title='bbox 2217 3891 2269 3942; x_wconf 85' lang='grc' dir='ltr'>ιἰι</span> <span class='ocrx_word' id='word_1_707' title='bbox 2310 3889 2731 3959; x_wconf 63' lang='lat' dir='ltr'>transgressione</span> <span class='ocrx_word' id='word_1_708' title='bbox 2757 3887 2922 3955; x_wconf 52' lang='lat' dir='ltr'>[aith</span> <span class='ocrx_word' id='word_1_709' title='bbox 2958 3888 3003 3941; x_wconf 80' lang='grc' dir='ltr'>θ</span> <span class='ocrx_word' id='word_1_710' title='bbox 3047 3886 3234 3940; x_wconf 87' lang='lat' dir='ltr'>mundi</span> <span class='ocrx_word' id='word_1_711' title='bbox 3264 3885 3430 3953; x_wconf 86' lang='lat' dir='ltr'>hujus</span> <span class='ocrx_word' id='word_1_712' title='bbox 3453 3901 3547 3938; x_wconf 76' lang='lat' dir='ltr'>va·</span> 
     </span>
     <span class='ocr_line' id='line_1_95' title="bbox 1972 3979 3012 4050; baseline -0.006 -16"><span class='ocrx_word' id='word_1_713' title='bbox 1972 3980 2203 4035; x_wconf 89' lang='lat' dir='ltr'>nitatem</span> <span class='ocrx_word' id='word_1_714' title='bbox 2232 3994 2591 4050; x_wconf 84' lang='lat' dir='ltr'>erroremque</span> <span class='ocrx_word' id='word_1_715' title='bbox 2618 3979 3012 4050; x_wconf 77' lang='lat' dir='ltr'>multiplicem!</span> 
     </span>
    </p>

    <p class='ocr_par' dir='ltr' id='par_1_17' title="bbox 1971 4067 3549 4508">
     <span class='ocr_line' id='line_1_96' title="bbox 2041 4067 3548 4138; baseline 0.001 -13"><span class='ocrx_word' id='word_1_716' title='bbox 2041 4067 2151 4125; x_wconf 81' lang='lat' dir='ltr'>sed</span> <span class='ocrx_word' id='word_1_717' title='bbox 2186 4069 2324 4138; x_wconf 77' lang='lat' dir='ltr'>jam,</span> <span class='ocrx_word' id='word_1_718' title='bbox 2370 4069 2707 4137; x_wconf 89' lang='lat' dir='ltr'>charissimi,</span> <span class='ocrx_word' id='word_1_719' title='bbox 2738 4071 3001 4126; x_wconf 82' lang='lat' dir='ltr'>edentula</span> <span class='ocrx_word' id='word_1_720' title='bbox 3035 4070 3157 4136; x_wconf 84' lang='lat' dir='ltr'>hac,</span> <span class='ocrx_word' id='word_1_721' title='bbox 3193 4076 3249 4126; x_wconf 90' lang='lat' dir='ltr'>et</span> <span class='ocrx_word' id='word_1_722' title='bbox 3295 4070 3548 4125; x_wconf 82' lang='lat' dir='ltr'>amentiae</span> 
     </span>
     <span class='ocr_line' id='line_1_97' title="bbox 1971 4162 3549 4235; baseline 0.003 -20"><span class='ocrx_word' id='word_1_723' title='bbox 1971 4162 2132 4232; x_wconf 86' lang='lat' dir='ltr'>plena</span> <span class='ocrx_word' id='word_1_724' title='bbox 2180 4162 2381 4218; x_wconf 69' lang='lat' dir='ltr'>haeresi</span> <span class='ocrx_word' id='word_1_725' title='bbox 2423 4163 2697 4220; x_wconf 87' lang='lat' dir='ltr'>stellionis</span> <span class='ocrx_word' id='word_1_726' title='bbox 2748 4164 2924 4220; x_wconf 86' lang='lat' dir='ltr'>instar</span> <span class='ocrx_word' id='word_1_727' title='bbox 2970 4163 3264 4235; x_wconf 84' lang='lat' dir='ltr'>praeterita‚</span> <span class='ocrx_word' id='word_1_728' title='bbox 3307 4163 3549 4234; x_wconf 77' lang='lat' dir='ltr'>reliquas</span> 
     </span>
     <span class='ocr_line' id='line_1_98' title="bbox 1971 4253 3546 4326; baseline 0.004 -19"><span class='ocrx_word' id='word_1_729' title='bbox 1971 4253 2388 4326; x_wconf 79' lang='lat' dir='ltr'>aggrediamur;</span> <span class='ocrx_word' id='word_1_730' title='bbox 2437 4270 2503 4311; x_wconf 88' lang='lat' dir='ltr'>ac</span> <span class='ocrx_word' id='word_1_731' title='bbox 2549 4254 2647 4311; x_wconf 87' lang='lat' dir='ltr'>Dei</span> <span class='ocrx_word' id='word_1_732' title='bbox 2698 4257 2935 4326; x_wconf 88' lang='lat' dir='ltr'>primum</span> <span class='ocrx_word' id='word_1_733' title='bbox 2982 4258 3340 4326; x_wconf 88' lang='lat' dir='ltr'>imploremus</span> <span class='ocrx_word' id='word_1_734' title='bbox 3388 4258 3546 4314; x_wconf 79' lang='lat' dir='ltr'>auxi-</span> 
     </span>
     <span class='ocr_line' id='line_1_99' title="bbox 1971 4346 3545 4417; baseline 0.004 -19"><span class='ocrx_word' id='word_1_735' title='bbox 1971 4346 2129 4410; x_wconf 85' lang='lat' dir='ltr'>lium,</span> <span class='ocrx_word' id='word_1_736' title='bbox 2167 4354 2225 4399; x_wconf 92' lang='lat' dir='ltr'>ut</span> <span class='ocrx_word' id='word_1_737' title='bbox 2259 4347 2306 4402; x_wconf 88' lang='lat' dir='ltr'>is</span> <span class='ocrx_word' id='word_1_738' title='bbox 2335 4346 2593 4400; x_wconf 84' lang='lat' dir='ltr'>tenuitati</span> <span class='ocrx_word' id='word_1_739' title='bbox 2617 4353 2821 4401; x_wconf 64' lang='lat' dir='ltr'>nostrae</span> <span class='ocrx_word' id='word_1_740' title='bbox 2863 4346 3180 4412; x_wconf 72' lang='lat' dir='ltr'>subveniat,</span> <span class='ocrx_word' id='word_1_741' title='bbox 3214 4363 3323 4417; x_wconf 79' lang='lat' dir='ltr'>quo</span> <span class='ocrx_word' id='word_1_742' title='bbox 3352 4363 3545 4403; x_wconf 88' lang='lat' dir='ltr'>susce-</span> 
     </span>
     <span class='ocr_line' id='line_1_100' title="bbox 1972 4436 3051 4508; baseline 0.003 -21"><span class='ocrx_word' id='word_1_743' title='bbox 1972 4444 2121 4504; x_wconf 86' lang='lat' dir='ltr'>ptum</span> <span class='ocrx_word' id='word_1_744' title='bbox 2155 4451 2294 4506; x_wconf 89' lang='lat' dir='ltr'>opus</span> <span class='ocrx_word' id='word_1_745' title='bbox 2324 4436 2393 4490; x_wconf 88' lang='lat' dir='ltr'>ad</span> <span class='ocrx_word' id='word_1_746' title='bbox 2422 4438 2628 4492; x_wconf 83' lang='lat' dir='ltr'>exitum</span> <span class='ocrx_word' id='word_1_747' title='bbox 2656 4440 3051 4508; x_wconf 85' lang='lat' dir='ltr'>perducamus.</span> 
     </span>
    </p>
   </div>
   <div class='ocr_carea' id='block_1_15' title="bbox 2244 4532 3270 4727">
    <p class='ocr_par' dir='ltr' id='par_1_18' title="bbox 2244 4532 3270 4727">
     <span class='ocr_line' id='line_1_101' title="bbox 2244 4532 3270 4620; baseline 0.004 -15"><span class='ocrx_word' id='word_1_748' title='bbox 2244 4549 2526 4605; x_wconf 64' lang='lat' dir='ltr'>coarna</span> <span class='ocrx_word' id='word_1_749' title='bbox 2562 4532 3270 4620; x_wconf 67' lang='lat' dir='ltr'><strong>QUA&#39;RTADECOEANOS.</strong></span> 
     </span>
     <span class='ocr_line' id='line_1_102' title="bbox 2440 4659 3109 4727; baseline 0.004 -14"><span class='ocrx_word' id='word_1_750' title='bbox 2440 4659 2672 4716; x_wconf 78' lang='lat' dir='ltr'>Hoeresis</span> <span class='ocrx_word' id='word_1_751' title='bbox 2697 4661 2747 4715; x_wconf 86' lang='lat' dir='ltr'><em>X</em></span> <span class='ocrx_word' id='word_1_752' title='bbox 2753 4662 2802 4715; x_wconf 79' lang='lat' dir='ltr'><em>X</em></span> <span class='ocrx_word' id='word_1_753' title='bbox 2808 4661 2858 4715; x_wconf 83' lang='lat' dir='ltr'><strong><em>X</em></strong></span> <span class='ocrx_word' id='word_1_754' title='bbox 2864 4702 2880 4727; x_wconf 92' lang='lat'>‚</span> <span class='ocrx_word' id='word_1_755' title='bbox 2915 4664 3020 4717; x_wconf 76' lang='lat' dir='ltr'>sive</span> <span class='ocrx_word' id='word_1_756' title='bbox 3045 4662 3109 4716; x_wconf 79' lang='lat' dir='ltr'>L.</span> 
     </span>
    </p>
   </div>
   <div class='ocr_carea' id='block_1_16' title="bbox 2049 4770 3542 4849">
    <p class='ocr_par' dir='ltr' id='par_1_19' title="bbox 2049 4770 3542 4849">
     <span class='ocr_line' id='line_1_103' title="bbox 2049 4770 3542 4849; baseline 0.005 -25"><span class='ocrx_word' id='word_1_757' title='bbox 2049 4770 2087 4824; x_wconf 89' lang='lat' dir='ltr'>l.</span> <span class='ocrx_word' id='word_1_758' title='bbox 2131 4770 2208 4825; x_wconf 75' lang='lat' dir='ltr'>Ex</span> <span class='ocrx_word' id='word_1_759' title='bbox 2263 4773 2331 4829; x_wconf 87' lang='lat' dir='ltr'>iis</span> <span class='ocrx_word' id='word_1_760' title='bbox 2360 4772 2574 4829; x_wconf 83' lang='lat' dir='ltr'>duabus</span> <span class='ocrx_word' id='word_1_761' title='bbox 2615 4774 2759 4829; x_wconf 86' lang='lat' dir='ltr'>inter</span> <span class='ocrx_word' id='word_1_762' title='bbox 2806 4790 2867 4831; x_wconf 85' lang='lat' dir='ltr'>se</span> <span class='ocrx_word' id='word_1_763' title='bbox 2908 4776 3214 4832; x_wconf 85' lang='lat' dir='ltr'>commistis</span> <span class='ocrx_word' id='word_1_764' title='bbox 3244 4776 3542 4849; x_wconf 66' lang='lat' dir='ltr'>Phrygum.</span> 
     </span>
    </p>
   </div>
   <div class='ocr_carea' id='block_1_17' title="bbox 2617 4928 3540 4997">
    <p class='ocr_par' dir='ltr' id='par_1_20' title="bbox 2617 4928 3540 4997">
     <span class='ocr_line' id='line_1_104' title="bbox 2617 4928 3540 4997; baseline 0.003 -15"><span class='ocrx_word' id='word_1_765' title='bbox 2617 4928 2806 4987; x_wconf 71' lang='lat' dir='ltr'>‘Gom</span> <span class='ocrx_word' id='word_1_766' title='bbox 2855 4946 2936 4992; x_wconf 81' lang='grc' dir='ltr'>ιιι,</span> <span class='ocrx_word' id='word_1_767' title='bbox 2989 4930 3070 4985; x_wconf 81' lang='lat'>16.</span> <span class='ocrx_word' id='word_1_768' title='bbox 3150 4933 3170 4962; x_wconf 80' lang='lat'><em>⁶</em></span> <span class='ocrx_word' id='word_1_769' title='bbox 3207 4929 3379 4985; x_wconf 78' lang='lat' dir='ltr'>icor.</span> <span class='ocrx_word' id='word_1_770' title='bbox 3428 4948 3540 4997; x_wconf 76' lang='lat' dir='ltr'>xiv,</span> 
     </span>
    </p>
   </div>
   <div class='ocr_carea' id='block_1_18' title="bbox 1969 5148 3545 5991">
    <p class='ocr_par' dir='ltr' id='par_1_21' title="bbox 1969 5148 3545 5991">
     <span class='ocr_line' id='line_1_105' title="bbox 2042 5148 3543 5218; baseline 0.001 -16"><span class='ocrx_word' id='word_1_771' title='bbox 2042 5156 2238 5218; x_wconf 87' lang='lat' dir='ltr'>rpetuo</span> <span class='ocrx_word' id='word_1_772' title='bbox 2271 5148 2660 5203; x_wconf 85' lang='lat' dir='ltr'>celebrandum</span> <span class='ocrx_word' id='word_1_773' title='bbox 2691 5156 2966 5218; x_wconf 85' lang='lat' dir='ltr'>putarent.</span> <span class='ocrx_word' id='word_1_774' title='bbox 3007 5148 3210 5202; x_wconf 85' lang='lat' dir='ltr'>Scribit</span> <span class='ocrx_word' id='word_1_775' title='bbox 3234 5150 3375 5202; x_wconf 88' lang='lat' dir='ltr'>cuim</span> <span class='ocrx_word' id='word_1_776' title='bbox 3416 5148 3543 5203; x_wconf 84' lang='lat' dir='ltr'>Phi-</span> 
     </span>
     <span class='ocr_line' id='line_1_106' title="bbox 1991 5217 3544 5285; baseline 0.002 -13"><span class='ocrx_word' id='word_1_777' title='bbox 1991 5219 2196 5274; x_wconf 83' lang='lat' dir='ltr'>astrius</span> <span class='ocrx_word' id='word_1_778' title='bbox 2253 5217 2778 5285; x_wconf 88' lang='lat' dir='ltr'>Quartadccimanos</span> <span class='ocrx_word' id='word_1_779' title='bbox 2835 5218 3043 5274; x_wconf 82' lang='lat' dir='ltr'>Pascha</span> <span class='ocrx_word' id='word_1_780' title='bbox 3105 5233 3291 5272; x_wconf 87' lang='lat' dir='ltr'>mense</span> <span class='ocrx_word' id='word_1_781' title='bbox 3348 5218 3544 5275; x_wconf 80' lang='lat' dir='ltr'>Martio</span> 
     </span>
     <span class='ocr_line' id='line_1_107' title="bbox 1969 5286 3545 5358; baseline 0 -15"><span class='ocrx_word' id='word_1_782' title='bbox 1969 5289 2360 5343; x_wconf 82' lang='lat' dir='ltr'>celebrandum</span> <span class='ocrx_word' id='word_1_783' title='bbox 2406 5304 2674 5343; x_wconf 87' lang='lat' dir='ltr'>asserere.</span> <span class='ocrx_word' id='word_1_784' title='bbox 2718 5291 2895 5358; x_wconf 80' lang='lat' dir='ltr'>Atque</span> <span class='ocrx_word' id='word_1_785' title='bbox 2940 5289 3054 5341; x_wconf 72' lang='lat' dir='ltr'>hacc</span> <span class='ocrx_word' id='word_1_786' title='bbox 3092 5286 3201 5338; x_wconf 84' lang='grc' dir='ltr'>τῶν</span> <span class='ocrx_word' id='word_1_787' title='bbox 3237 5289 3419 5343; x_wconf 81' lang='grc' dir='ltr'>Τεσσα</span> <span class='ocrx_word' id='word_1_788' title='bbox 3455 5306 3545 5343; x_wconf 83' lang='grc' dir='ltr'>εσ-</span> 
     </span>
     <span class='ocr_line' id='line_1_108' title="bbox 1971 5358 3544 5430; baseline 0.002 -19"><span class='ocrx_word' id='word_1_789' title='bbox 1971 5358 2362 5413; x_wconf 82' lang='grc' dir='ltr'>καιδεκατιτῶν</span> <span class='ocrx_word' id='word_1_790' title='bbox 2395 5374 2522 5413; x_wconf 80' lang='lat' dir='ltr'>vera</span> <span class='ocrx_word' id='word_1_791' title='bbox 2563 5365 2680 5420; x_wconf 79' lang='lat' dir='ltr'>est,</span> <span class='ocrx_word' id='word_1_792' title='bbox 2729 5367 2784 5413; x_wconf 86' lang='lat' dir='ltr'>et</span> <span class='ocrx_word' id='word_1_793' title='bbox 2815 5371 3069 5430; x_wconf 78' lang='lat' dir='ltr'>germana</span> <span class='ocrx_word' id='word_1_794' title='bbox 3118 5358 3295 5421; x_wconf 88' lang='lat' dir='ltr'>notio,</span> <span class='ocrx_word' id='word_1_795' title='bbox 3344 5375 3402 5414; x_wconf 86' lang='lat' dir='ltr'>se</span> <span class='ocrx_word' id='word_1_796' title='bbox 3490 5370 3544 5416; x_wconf 89' lang='lat' dir='ltr'>et</span> 
     </span>
     <span class='ocr_line' id='line_1_109' title="bbox 1972 5427 3543 5499; baseline 0.001 -18"><span class='ocrx_word' id='word_1_797' title='bbox 1972 5430 2079 5482; x_wconf 91' lang='lat' dir='ltr'>alia</span> <span class='ocrx_word' id='word_1_798' title='bbox 2128 5428 2230 5482; x_wconf 84' lang='lat' dir='ltr'>suit</span> <span class='ocrx_word' id='word_1_799' title='bbox 2261 5429 2452 5483; x_wconf 87' lang='lat' dir='ltr'>eodem</span> <span class='ocrx_word' id='word_1_800' title='bbox 2489 5428 2758 5482; x_wconf 76' lang='lat' dir='ltr'>vocabulo</span> <span class='ocrx_word' id='word_1_801' title='bbox 2795 5427 3188 5497; x_wconf 80' lang='lat' dir='ltr'>comprehensa</span> <span class='ocrx_word' id='word_1_802' title='bbox 3222 5427 3543 5499; x_wconf 77' lang='lat' dir='ltr'>depravato·</span> 
     </span>
     <span class='ocr_line' id='line_1_110' title="bbox 1973 5496 3539 5567; baseline 0.003 -15"><span class='ocrx_word' id='word_1_803' title='bbox 1973 5513 2093 5552; x_wconf 89' lang='lat' dir='ltr'>rum</span> <span class='ocrx_word' id='word_1_804' title='bbox 2135 5499 2366 5553; x_wconf 85' lang='lat' dir='ltr'>istorum</span> <span class='ocrx_word' id='word_1_805' title='bbox 2414 5497 2601 5563; x_wconf 82' lang='lat' dir='ltr'>factio,</span> <span class='ocrx_word' id='word_1_806' title='bbox 2645 5513 2765 5567; x_wconf 67' lang='lat' dir='ltr'>quae</span> <span class='ocrx_word' id='word_1_807' title='bbox 2812 5499 2948 5552; x_wconf 85' lang='lat' dir='ltr'>mira</span> <span class='ocrx_word' id='word_1_808' title='bbox 2981 5496 3214 5567; x_wconf 74' lang='lat' dir='ltr'>‹ptatlam</span> <span class='ocrx_word' id='word_1_809' title='bbox 3253 5501 3539 5557; x_wconf 74' lang='lat' dir='ltr'>abusione,</span> 
     </span>
     <span class='ocr_line' id='line_1_111' title="bbox 1974 5566 3541 5638; baseline 0.001 -19"><span class='ocrx_word' id='word_1_810' title='bbox 1974 5567 2595 5633; x_wconf 86' lang='lat' dir='ltr'>Quartadccimanorum</span> <span class='ocrx_word' id='word_1_811' title='bbox 2630 5583 2827 5623; x_wconf 77' lang='lat' dir='ltr'>noiiien</span> <span class='ocrx_word' id='word_1_812' title='bbox 2856 5569 3076 5622; x_wconf 87' lang='lat' dir='ltr'>meruit.</span> <span class='ocrx_word' id='word_1_813' title='bbox 3102 5566 3357 5622; x_wconf 88' lang='lat' dir='ltr'>Nonnulli</span> <span class='ocrx_word' id='word_1_814' title='bbox 3382 5569 3541 5638; x_wconf 82' lang='lat' dir='ltr'>quip-</span> 
     </span>
     <span class='ocr_line' id='line_1_112' title="bbox 1974 5637 3541 5708; baseline -0.003 -17"><span class='ocrx_word' id='word_1_815' title='bbox 1974 5653 2043 5708; x_wconf 91' lang='lat' dir='ltr'>pe</span> <span class='ocrx_word' id='word_1_816' title='bbox 2083 5637 2412 5693; x_wconf 81' lang='lat' dir='ltr'>celcbrando</span> <span class='ocrx_word' id='word_1_817' title='bbox 2462 5638 2710 5691; x_wconf 82' lang='lat' dir='ltr'>l’aschati</span> <span class='ocrx_word' id='word_1_818' title='bbox 2761 5647 2969 5692; x_wconf 88' lang='lat' dir='ltr'>certum</span> <span class='ocrx_word' id='word_1_819' title='bbox 3020 5638 3074 5691; x_wconf 90' lang='lat' dir='ltr'>in</span> <span class='ocrx_word' id='word_1_820' title='bbox 3132 5654 3273 5694; x_wconf 79' lang='lat' dir='ltr'>anno</span> <span class='ocrx_word' id='word_1_821' title='bbox 3323 5638 3541 5692; x_wconf 69' lang='lat' dir='ltr'>Julian«.</span> 
     </span>
     <span class='ocr_line' id='line_1_113' title="bbox 1975 5707 3540 5773; baseline -0.001 -11"><span class='ocrx_word' id='word_1_822' title='bbox 1975 5709 2119 5762; x_wconf 82' lang='lat' dir='ltr'>diem</span> <span class='ocrx_word' id='word_1_823' title='bbox 2149 5715 2460 5763; x_wconf 88' lang='lat' dir='ltr'>statuerunt</span> <span class='ocrx_word' id='word_1_824' title='bbox 2494 5725 2506 5761; x_wconf 82' lang='grc' dir='ltr'>ι</span> <span class='ocrx_word' id='word_1_825' title='bbox 2542 5709 2689 5763; x_wconf 73' lang='lat' dir='ltr'>velut</span> <span class='ocrx_word' id='word_1_826' title='bbox 2718 5723 2811 5761; x_wconf 70' lang='lat' dir='ltr'>viu</span> <span class='ocrx_word' id='word_1_827' title='bbox 2867 5707 2986 5765; x_wconf 76' lang='lat' dir='ltr'>Kal.</span> <span class='ocrx_word' id='word_1_828' title='bbox 3017 5718 3109 5761; x_wconf 85' lang='lat' dir='ltr'>aut</span> <span class='ocrx_word' id='word_1_829' title='bbox 3143 5725 3231 5770; x_wconf 73' lang='lat' dir='ltr'>xv,</span> <span class='ocrx_word' id='word_1_830' title='bbox 3267 5717 3358 5763; x_wconf 85' lang='lat' dir='ltr'>ant</span> <span class='ocrx_word' id='word_1_831' title='bbox 3384 5724 3449 5773; x_wconf 76' lang='lat' dir='ltr'>x.‚</span> <span class='ocrx_word' id='word_1_832' title='bbox 3472 5707 3540 5761; x_wconf 85' lang='lat' dir='ltr'>de</span> 
     </span>
     <span class='ocr_line' id='line_1_114' title="bbox 1975 5775 3543 5858; baseline -0.002 -26"><span class='ocrx_word' id='word_1_833' title='bbox 1975 5776 2176 5848; x_wconf 78' lang='lat' dir='ltr'>quibus</span> <span class='ocrx_word' id='word_1_834' title='bbox 2220 5779 2382 5849; x_wconf 88' lang='lat' dir='ltr'>paulo</span> <span class='ocrx_word' id='word_1_835' title='bbox 2409 5785 2530 5847; x_wconf 82' lang='lat' dir='ltr'>post</span> <span class='ocrx_word' id='word_1_836' title='bbox 2576 5777 2842 5848; x_wconf 74' lang='lat' dir='ltr'>agendum</span> <span class='ocrx_word' id='word_1_837' title='bbox 2873 5781 2977 5833; x_wconf 86' lang='lat' dir='ltr'>erit</span> <span class='ocrx_word' id='word_1_838' title='bbox 3005 5796 3015 5831; x_wconf 93' lang='lat'>:</span> <span class='ocrx_word' id='word_1_839' title='bbox 3050 5794 3187 5847; x_wconf 76' lang='lat' dir='ltr'>quos</span> <span class='ocrx_word' id='word_1_840' title='bbox 3210 5792 3399 5832; x_wconf 86' lang='lat' dir='ltr'>omncs</span> <span class='ocrx_word' id='word_1_841' title='bbox 3424 5775 3543 5858; x_wconf 72' lang='lat' dir='ltr'>Epi-</span> 
     </span>
     <span class='ocr_line' id='line_1_115' title="bbox 1980 5845 3540 5920; baseline -0.001 -20"><span class='ocrx_word' id='word_1_842' title='bbox 1980 5848 2214 5918; x_wconf 86' lang='lat' dir='ltr'>phanius</span> <span class='ocrx_word' id='word_1_843' title='bbox 2237 5847 2303 5901; x_wconf 90' lang='lat' dir='ltr'>ad</span> <span class='ocrx_word' id='word_1_844' title='bbox 2328 5846 2851 5913; x_wconf 84' lang='lat' dir='ltr'>Quartadecimanos</span> <span class='ocrx_word' id='word_1_845' title='bbox 2874 5848 3202 5920; x_wconf 74' lang='lat' dir='ltr'>aggregavit.</span> <span class='ocrx_word' id='word_1_846' title='bbox 3229 5845 3413 5900; x_wconf 77' lang='lat' dir='ltr'>Tertia</span> <span class='ocrx_word' id='word_1_847' title='bbox 3437 5861 3540 5916; x_wconf 75' lang='grc' dir='ltr'>της</span> 
     </span>
     <span class='ocr_line' id='line_1_116' title="bbox 1979 5915 3541 5991; baseline 0.002 -22"><span class='ocrx_word' id='word_1_848' title='bbox 1979 5915 2072 5970; x_wconf 81' lang='grc' dir='ltr'>τοῦ</span> <span class='ocrx_word' id='word_1_849' title='bbox 2119 5918 2309 5989; x_wconf 80' lang='grc' dir='ltr'>Πάσχα</span> <span class='ocrx_word' id='word_1_850' title='bbox 2339 5918 2667 5991; x_wconf 74' lang='grc' dir='ltr'>διαστροφῆς</span> <span class='ocrx_word' id='word_1_851' title='bbox 2711 5920 2883 5984; x_wconf 86' lang='lat' dir='ltr'>ratio,</span> <span class='ocrx_word' id='word_1_852' title='bbox 2931 5927 3094 5989; x_wconf 81' lang='lat' dir='ltr'>atque</span> <span class='ocrx_word' id='word_1_853' title='bbox 3123 5915 3384 5981; x_wconf 73' lang='lat' dir='ltr'>haeresis.</span> <span class='ocrx_word' id='word_1_854' title='bbox 3412 5920 3475 5973; x_wconf 82' lang='lat' dir='ltr'>ut</span> <span class='ocrx_word' id='word_1_855' title='bbox 3507 5933 3541 5972; x_wconf 86' lang='lat' dir='ltr'>a</span> 
     </span>
    </p>
   </div>
  </div>
 </body>
</html>
