3850 6517
293 534 429 592 1153

965 530 1333 587 ADVERSUS
1368 527 1711 588 nAEREsEs
1745 525 1877 584 Lm.
1916 523 1985 581 11.
2022 519 2188 579 Tou.
2222 520 2264 576 1.
2303 549 2372 561 -
2409 516 2685 575 RAERES.
2725 506 2911 572 wa.

3406 508 3542 565 {15⁴

283 651 349 719 τῇ
374 643 622 718 ἁμαρτίᾳ
647 640 755 699 οὐκ
782 641 848 697 ἂν
870 642 1118 715 ἥμαρτεν
1158 645 1295 708 ὅλως
1320 644 1428 716 πρὸ
1465 644 1558 698 τοῦ
1590 641 1860 713 σώματος.
1895 645 1940 700 Α
1967 651 2067 707 ρει·
2102 650 2225 691 sese
2251 640 2479 704 peccato
2512 631 2650 687 affici
2679 639 2866 703 queat,
2895 628 3050 684 nulio
3073 633 3236 698 pacto
3269 632 3399 680 ante
3424 640 3547 680 cor·

288 740 370 796 Εἰ,
400 738 457 791 δέ
496 737 766 808 ἥμαρτεν,
816 733 917 786 οὐκ
960 731 1029 804 ἦν
1082 733 1322 806 ἄληπτος
1363 733 1488 807 καθ’
1544 732 1742 803 ἐαυτὴν
1787 732 1855 801 τῇ

289 828 552 899 ἁμαρτίᾳ,
589 824 843 880 ἀλλὰκαὶ
880 824 1151 889 εὐάλωτος
1198 825 1398 896 μᾶλλον
1437 825 1534 879 καὶ
1569 822 1855 893 εὖληπτος.

289 918 377 971 Διὸ
400 918 495 971 καὶ
522 916 704 983 πάλιν,
736 916 841 974 κᾶν
869 916 946 987 μὴ
971 916 1113 987 λάδῃ
1136 917 1196 970 τὸ
1222 916 1378 986 σῶμα
1401 915 1581 978 τοῦτο,
1611 915 1862 986 ἁμαρτη-

289 1024 461 1069 σεται,
500 1003 688 1075 ὥσπερ
716 1022 780 1074 γε
813 1005 906 1058 καὶ
939 1005 1044 1076 πρὸ
1072 1005 1168 1058 τοῦ
1219 1005 1401 1058 λαδεῖν
1433 1005 1563 1058 αὐτὸ
1588 1006 1855 1076 ἥμαρτεν.

290 1098 385 1151 Διὰ
409 1097 463 1150 τί
488 1097 545 1150 δὲ
570 1098 708 1160 ὅλως
733 1097 829 1149 καὶ
866 1096 929 1149 τὸ
962 1098 1122 1168 σῶμα
1143 1096 1450 1167 ἐλάμὸανεν
1468 1096 1694 1167 ὕστερον
1723 1094 1861 1165 μετὰ

291 1190 347 1243 τὸ
368 1189 783 1260 ἡμαρτηκέναις
817 1189 889 1241 Ἢ
916 1187 999 1252 τίς
1024 1188 1161 1258 αὐτῇ
1195 1189 1351 1259 χρεία
1382 1187 1630 1259 σώματος
1660 1182 1768 1259 ἧνς
1810 1187 1860 1240 εί

293 1281 390 1351 μὲν
419 1276 513 1334 οῦν
542 1278 627 1331 ἵνα
658 1277 1014 1348 βασανίζηται
1052 1280 1145 1332 καὶ
1176 1280 1339 1351 ἀλγῇ,
1381 1279 1500 1343 πῶς
1550 1280 1749 1349 μᾶλλον
1775 1280 1863 1332 ἐν*

292 1371 472 1442 τρυφᾷ
498 1368 595 1423 καὶ
628 1367 1005 1423 ἀκολασταίνει
1030 1368 1169 1439 μετὰ
1194 1368 1445 1440 σώματος
1469 1387 1485 1436 ;
1520 1369 1645 1434 Πῶς
1686 1369 1745 1423 δέ
1766 1369 1863 1423 καὶ

297 1463 349 1516 τὸ
370 1460 711 1526 αὐτεξούσιον
748 1456 887 1514 εἷναι
932 1462 989 1513 ἐν
1027 1462 1202 1532 τούτῳ
1230 1462 1476 1530 φαίνεται
1509 1461 1651 1531 ἔχειν
1670 1460 1749 1532 τῷ
1772 1461 1863 1515 κό-

293 1570 452 1625 σμῳς
489 1553 604 1620 Ἐφ’
637 1552 769 1623 ημῖν
799 1551 911 1622 γὰρ
949 1550 1012 1605 τὸ
1056 1551 1343 1605 πιστεῦσαι
1389 1555 1597 1616 κεῖται,
1650 1551 1747 1605 καὶ
1799 1550 1866 1604 τὸ

294 1645 369 1717 μὴ
407 1643 714 1701 πιστεῦσαι.
740 1644 906 1698 Ἔνθα
942 1644 1001 1697 δέ
1044 1644 1129 1714 ἐφ’
1166 1646 1297 1716 ἡμῖν
1332 1645 1393 1698 τὸ
1423 1645 1711 1699 πιστεῦσαι
1753 1645 1866 1697 κεῖ-

290 1748 378 1783 ται
424 1729 519 1785 καὶ
552 1730 614 1783 τὸ
659 1730 734 1801 μὴ
779 1730 1085 1797 πιστεῦσαι,
1124 1732 1209 1801 ἐφ’
1241 1734 1376 1803 ἡμῖν
1422 1734 1483 1788 τδ
1515 1732 1863 1803 κατορθώσα-

288 1817 415 1871 σθαι
468 1816 564 1872 καὶ
619 1817 1065 1890 ἁμαρτησασθαι,
1111 1822 1196 1891 ἐφ’
1239 1823 1373 1893 ἡμῖν
1419 1823 1481 1877 τὸ
1518 1822 1866 1892 ἀγαθοποιεῖν

289 1908 385 1963 καὶ
443 1907 505 1961 τὸ
555 1912 889 1964 κακοποιεῖν.
971 1910 1130 1965 Ἀλλὰ
1183 1914 1279 1968 καὶ
1326 1915 1360 1986 ὴ
1408 1914 1588 1985 κρίσις
1634 1914 1754 1978 πῶς
1798 1913 1865 1985 δὴ

1967 744 2072 799 pus
2095 741 2324 797 peccare
2344 725 2634 796 potuisset.
2658 722 2757 777 Sin
2778 721 3044 792 peccavit,
3071 720 3268 776 falsum
3290 726 3374 772 est
3396 719 3549 772 nulio

1970 836 2091 876 eam
2141 824 2367 889 peccato
2419 830 2519 887 per
2543 830 2664 870 sese
2710 814 2958 884 potuisse
2992 811 3194 880 corripi
3224 810 3399 879 :quin
3436 808 3548 863 imo

1968 912 2130 967 facile
2157 910 2228 964 ab
2277 923 2344 964 eo
2393 905 2572 962 invadi
2605 905 3016 976 expugnarique
3052 901 3252 972 potuit.
3299 899 3455 955 Unde
3491 907 3548 954 et

1967 1004 2093 1058 licet
2150 1002 2331 1056 denuo
2382 1014 2587 1069 corpus
2636 996 2772 1052 illud
2823 1012 2932 1051 non
2983 995 3257 1065 accipiat,
3303 991 3546 1063 peccabit

1961 1096 2336 1160 nibilominus,
2383 1093 2843 1165 quemadmodum
2902 1102 3196 1161 antequam
3258 1105 3384 1145 cum
3449 1088 3548 1143 iilo
3609 1114 3616 1129 ·

1961 1184 2419 1255 conjungeretur,
2467 1181 2792 1252 jamdudum
2843 1180 3068 1237 fecerat.
3114 1181 3387 1248 Quorsum
3418 1193 3549 1233 vero

1960 1290 2164 1344 corpus
2209 1275 2434 1329 omniuo
2487 1280 2611 1346 post
2653 1273 2954 1327 admissum
2986 1273 3245 1327 delictum
3275 1271 3543 1341 capiebat,

1963 1374 2057 1421 aut
2080 1366 2210 1436 quid
2239 1366 2332 1421 illo
2347 1380 2485 1435 opus
2507 1365 2781 1420 babebat!
2805 1363 2863 1419 Si
2895 1370 2954 1419 ut
2982 1364 3250 1435 supplicio
3271 1378 3336 1419 ac
3356 1364 3549 1419 dolore

1964 1458 2292 1524 aficeretur‚
2344 1472 2446 1511 cur
2494 1471 2618 1511 cum
2650 1470 2883 1526 corpore
2939 1456 3126 1509 luxum
3180 1455 3363 1527 potius
3412 1453 3549 1510 deli-

1963 1548 2192 1617 ciasque
2216 1547 2489 1603 sectatur?
2518 1546 2745 1602 Arbitrii
2785 1561 2918 1602 vero
2950 1548 3034 1602 sui
3069 1546 3372 1601 libertatem
3407 1560 3546 1615 quo-

1969 1638 2134 1693 modo
2153 1638 2389 1692 retinere
2411 1638 2466 1692 in
2499 1638 2603 1692 boc
2636 1639 2841 1693 mundo
2864 1638 3116 1693 videtur?
3139 1638 3376 1694 Credere
3399 1639 3548 1693 enim

1966 1737 2203 1784 autnon
2233 1730 2458 1785 credere
2523 1730 2580 1783 in
2626 1738 2812 1783 nostra
2851 1738 2933 1785 est
2975 1732 3253 1785 voiuntate
3286 1730 3547 1801 positum.

1968 1820 2072 1877 Ubi
2104 1828 2285 1875 autem
2316 1827 2611 1891 utrumque
2639 1820 2780 1891 juris
2801 1836 2866 1876 ac
2891 1822 3186 1877 voluntatis
3215 1830 3300 1876 est
3323 1831 3548 1881 nostrae.

1967 1927 2313 1978 consequens
2345 1920 2431 1967 est
2460 1919 2520 1966 ut
2554 1920 2611 1967 et
2638 1920 2787 1968 recte
2814 1927 2997 1982 agere,
3025 1913 3109 1967 ve!
3138 1927 3382 1982 peccare.
3414 1913 3544 1967 boni

291 1998 665 2074 ἐπιφέρεσθαι,
709 2001 785 2066 ὡς
831 2003 1121 2074 μέλλουσα,
1156 2006 1558 2077 προσδοκᾶσθαι
1593 2006 1674 2060 ἐτι
1707 2005 1866 2060 δύνα-
1900 1992 1940 2046 B
1970 2000 2174 2070 aliquid
2193 2000 2393 2065 facere,
2417 2002 2501 2056 vel
2523 2003 2672 2067 mali,
2695 2002 2769 2058 sit
2794 2002 3086 2074 integrum.
3112 2002 3359 2069 Quonam
3389 2012 3549 2075 pacto

292 2105 405 2144 ται·
441 2088 565 2145 καθ’
601 2090 669 2162 ῆν
698 2094 727 2145 ὁ
756 2091 889 2156 Θεὸς
916 2093 1130 2165 ἐκάστῳ
1167 2094 1309 2148 κατὰ
1335 2094 1404 2147 τὰ
1429 2094 1566 2165 ἔργα
1598 2095 1694 2148 καὶ
1720 2091 1864 2147 κατὰ

291 2181 359 2234 τὰ
387 2182 789 2254 ἐπιτηδεύματα
845 2184 1162 2239 ἀποδίδωσι·
1202 2187 1297 2240 καὶ
1344 2186 1442 2257 οὐχ
1473 2186 1548 2251 ὡς
1584 2186 1686 2257 ἤδη
1718 2200 1863 2255 παρ-

290 2269 425 2325 οῦσα
454 2271 860 2344 νομισθήσεται,
899 2275 1014 2343 είγε
1052 2275 1113 2329 τὸ
1139 2275 1465 2347 γεννηθῆναι
1508 2275 1607 2347 μὲν
1651 2275 1746 2329 καὶ
1783 2276 1865 2338 είς

292 2362 451 2433 σῶμα
480 2361 651 2415 ἐλθεῖν
683 2363 781 2434 τὴν
809 2364 988 2435 ψυχὴν
1020 2366 1275 2438 κριθῆναί
1305 2369 1453 2422 ἐστιν
1479 2368 1579 2439 ἠδη
1609 2368 1704 2421 καὶ
1733 2366 1865 2420 ἀντ·

290 2452 617 2507 απολαδεῖν·
652 2452 714 2507 τὸ
758 2453 817 2507 δὲ
878 2453 1198 2523 ἀποθανεῖν,
1242 2458 1338 2510 καὶ
1396 2459 1731 2529 χωρισθῆναι
1771 2455 1867 2509 τοῦ

294 2544 562 2615 σώματος,
609 2544 1037 2616 ἐλευθερωθῆναί
1082 2562 1145 2599 τε
1194 2547 1289 2600 καὶ
1335 2549 1414 2610 είς
1462 2537 1724 2616 ἅνάψυξῐν
1783 2545 1871 2601 ἐλ-

292 2636 425 2702 θεῖν,
450 2637 539 2691 aa&
579 2638 640 2691 τὸ
683 2636 789 2707 πρὸ
840 2635 1093 2717 σώματος
1135 2637 1304 2711 αὐτὴν
1346 2639 1764 2710 ἁμαρτήσασαν,
1793 2640 1872 2702 ὡς

293 2730 373 2793 είς
409 2729 729 2803 κατάκρισιν
766 2730 860 2784 καὶ
899 2729 1192 2802 καταδίκην
1222 2731 1303 2794 είς
1344 2731 1408 2785 τὸ
1448 2730 1606 2800 σῶμα
1640 2727 1869 2800 ἐμδιὸά·

295 2821 482 2885 ζεσθαι
505 2822 627 2877 καθ’
658 2822 838 2895 ύμᾶς;
879 2821 1150 2888 Ἀπέδιιξε
1181 2822 1238 2877 δὲ
1269 2824 1508 2894 διαρκῶς
1549 2824 1613 2876 ἐκ
1655 2839 1872 2895 περιου-

209 2963 219 2972 ,
299 2914 420 2975 σίας
451 2914 482 2966 ὀ
519 2913 701 2982 λόγος,
745 2914 1057 2969 ἀνένδεκτον
1085 2911 1225 2970 εἶναι
1263 2913 1580 2986 νομίζεσθαι
1610 2914 1672 2968 τὸ
1708 2913 1870 2986 σῶμα

300 3002 716 3077 βασανιστήριον
745 3008 840 3060 καὶ
875 3005 1041 3072 πέδας
1063 3006 1166 3078 τῆς
1189 3005 1389 3079 ψυχῆς.

364 3274 447 3330 N'.
478 3276 674 3346 Ἤρκει
715 3275 813 3347 μὲν
845 3270 960 3344 οῦν,
994 3275 1102 3330 ἀπὸ
1132 3274 1230 3347 τῆς
1272 3273 1493 3347 Γραφῆς
1535 3274 1704 3345 αὐτῆς
1733 3273 1871 3327 ἀπο-

294 3368 541 3444 δείξαντα
573 3370 681 3441 πρὸ
702 3370 802 3441 τῆς
829 3369 1191 3443 παραύάσεως
1226 3370 1318 3425 τὸν
1354 3369 1774 3442 πρωτόπλαστον
1804 3369 1873 3421 ἐκ

294 3459 471 3531 ψυχῆς
503 3462 598 3516 καὶ
638 3461 888 3533 σώματος
928 3462 1079 3527 ὄντα,
1111 3462 1444 3517 καταπαύειν
1475 3462 1569 3515 τὸν
1597 3459 1726 3532 περὶ
1753 3458 1875 3513 τού-

293 3571 403 3607 των
448 3554 683 3609 ἐνταῦθα
725 3556 905 3626 λόγον.
942 3554 1115 3625 Κάγὼ
1150 3555 1246 3609 νῦν
1293 3556 1391 3625 μὶν
1423 3554 1517 3607 ἐπὶ
1563 3552 1874 3621 κεφαλαίων

295 3643 437 3699 αὐτὰ
466 3644 831 3715 διεξέρχομαι,
861 3647 986 3695 ὅσον
1020 3644 1123 3703 τὰς
1163 3643 1417 3711 ἀφορμὰς
1447 3642 1557 3695 τῶν
1596 3641 1877 3712 ἐπιχειρη-

302 3730 485 3799 μάτων
528 3728 707 3777 αὐτῶν
754 3727 976 3778 εύθῦναι
1026 3725 1472 3797 διαμιλλώμενος,
1523 3729 1610 3782 ἰ’να
1658 3730 1733 3801 μὴ
1776 3727 1877 3801 τὴν

302 3815 646 3886 συμμετρίαν
690 3815 926 3871 ἐκδαίνω
964 3815 1074 3870 τῶν
1115 3815 1308 3886 λόγων.
1351 3819 1590 3891 Πάρεστι
1620 3819 1730 3894 γὰρ
1772 3821 1874 3895 ἤδη

305 3907 527 3959 σκοπεῖν
555 3906 717 3979 ὑμᾶς,
742 3901 788 3962 ὧ
812 3907 1081 3974 δικασταὶ,
1110 3910 1193 3964 ὅτι
1222 3910 1303 3976 τὸ,
1331 3911 1479 3981 Ἐγὼ
1506 3910 1577 3966 δὲ
1603 3911 1747 3973 §Gar
1769 3931 1878 3983 χω-

298 3998 397 4066 ρίς
424 3998 610 4067 νόμου
635 3998 799 4065 ποτὲ,
828 3999 1119 4072 λεγόμενον
1160 4003 1219 4058 ἐν
1261 4005 1329 4075 τῇ
1371 4003 1509 4075 πρὸς
1552 4004 1875 4076 Ῥωμαίους,

303 4091 365 4143 ού
392 4090 613 4145 δύναται
641 4090 856 4145 πίπτειν
881 4094 961 4157 είς
982 4092 1080 4165 τὴν
1105 4095 1210 4167 πρὸ
1242 4093 1493 4165 σώματος
1535 4099 1657 4151 κατ’
1681 4097 1878 4161 αὐτοὺς

304 4183 577 4254 διαγωγὴν
608 4184 708 4255 τῆς
747 4182 942 4255 ψυχῆς,
968 4185 1221 4257 καθάπερ
1247 4187 1319 4242 τὰ
1355 4188 1723 4261 ἐπιφερόμενα
1753 4188 1880 4243 τού-

306 4296 418 4341 τοις
459 4277 683 4350 μηνύει·
726 4276 829 4331 κᾶν
870 4279 900 4330 ὁ
936 4280 1180 4346 γενναῖος
1218 4270 1371 4343 οὗτος
1418 4279 1600 4350 ίατρὸς
1628 4278 1738 4333 τῶν
1778 4280 1879 4352 ῥη-

306 4371 435 4438 τῶν,
464 4370 535 4424 τὰ
572 4370 699 4441 ἐξῆς
730 4368 1081 4439 ἀφελόμενος,
1111 4369 1250 4441 πρὸς
1288 4370 1351 4425 τὸ
1389 4369 1579 4426 δοκοῦν
1610 4368 1760 4441 αὐτῷ
1787 4368 1880 4423 τὸν

308 4464 432 4518 νοῦν
457 4461 714 4517 ἐδιάσατο
744 4461 1086 4533 μεταπλάσαι
1117 4459 1214 4515 τοῦ
1244 4462 1588 4525 Ἀποστόλου,
1622 4460 1840 4515 ἀνίατόν
1857 4461 1874 4491 ¹

1971 2099 2226 2162 praeterea
2245 2089 2486 2145 futurum
2512 2090 2644 2145 iliud
2667 2090 2938 2161 judicium
2970 2094 3276 2163 exspectari
3314 2095 3548 2165 amplius

1973 2188 2150 2252 ‘potest
2175 2196 2188 2231 t
2218 2195 2334 2251 quo
2363 2180 2654 2251 injudicio
2689 2182 2983 2254 unicuique
3018 2183 3163 2239 Deus
3193 2201 3294 2255 pro
3319 2200 3547 2255 operum

1971 2273 2184 2327 ratione
2231 2285 2297 2326 ac
2338 2272 2649 2327 studiorum
2692 2273 2988 2342 rependet;
3013 2282 3067 2327 et
3095 2289 3205 2328 non
3227 2275 3410 2343 potius
3436 2275 3548 2345 jam

1974 2362 2167 2418 adesse
2192 2363 2530 2425 censebitur,
2558 2362 2618 2417 si·
2638 2363 2786 2434 gigni
2821 2379 2883 2419 ac
2913 2365 3184 2420 subire-in
3210 2381 3411 2437 corpus
3429 2366 3551 2421 ani-

1975 2468 2121 2507 mam
2178 2453 2322 2508 idem
2377 2452 2538 2524 576
2570 2463 2654 2509 est
2716 2470 2778 2509 ac
2819 2455 3076 2525 judicari,
3126 2465 3183 2511 et
3226 2458 3549 2514 meritorum

1977 2545 2195 2615 praemia
2247 2546 2561 2615 percipere;
2607 2545 2780 2600 emori
2821 2556 3034 2608 contra.
3065 2557 3228 2618 atque
3251 2564 3282 2601 a
3317 2563 3550 2619 corpore

1977 2635 2214 2706 sejungi,
2269 2635 2408 2691 nibil
2459 2644 2546 2691 est
2588 2636 2758 2702 aliud,
2797 2652 2961 2708 quam
2989 2638 3211 2694 liberari
3241 2653 3306 2695 ac
3331 2639 3551 2695 refocil-

1977 2727 2101 2791 lari,
2134 2737 2423 2799 propterea
2445 2729 2616 2799 quod,
2640 2741 2864 2800 peccato
2893 2739 3021 2786 ante
3058 2747 3260 2801 corpus
3286 2734 3547 2799 admisso,

1975 2819 2030 2874 in
2063 2820 2202 2875 idem
2242 2821 2374 2875 illud
2407 2821 2607 2886 anima,
2647 2823 2795 2877 velut
2821 2823 2890 2877 ad
2911 2824 3238 2894 suppiicium
3268 2821 3548 2886 damnata,

1971 2909 2337 2979 compellitur.
2383 2925 2504 2980 quae
2549 2918 2729 2966 vestra
2787 2921 2874 2967 est
2917 2914 3217 2969 sententia?
3248 2911 3388 2989 ‘sam
3417 2914 3550 2969 illud

1976 3004 2113 3057 satis
2141 3015 2435 3071 superque,
2464 3001 2611 3056 velut
2628 3017 2694 3057 ex
2727 3003 3046 3070 abundanti,
3075 3006 3325 3062 oratione
3361 3015 3553 3063 nostra

1977 3090 2404 3145 demonstratum
2430 3098 2535 3155 est,
2568 3090 2682 3147 fleri
2718 3107 2826 3148 non
2843 3108 3024 3163 posse.
3043 3104 3104 3150 ιιι
3122 3112 3326 3167 corpus
3352 3099 3549 3155 auimae

1899 3222 1942 3280 C
1978 3180 2142 3237 veluti
2167 3180 2481 3236 carnificina
2510 3197 2577 3238 ac
2605 3184 2881 3240 vinculum
2912 3186 3194 3242 habeatur.

2041 3271 2106 3328 L.
2136 3273 2313 3343 Atque
2333 3274 2466 3329 illud
2508 3274 2730 3344 quidem
2752 3274 3004 3332 sufficere
3042 3277 3275 3343 videtur,
3302 3279 3449 3351 quod
3481 3296 3550 3336 ex

1974 3365 2149 3421 sacris
2173 3363 2400 3422 Litteris
2418 3366 2761 3425 ostendimus
2788 3368 3057 3437 :primum
3073 3378 3322 3426 nostrum
3353 3386 3552 3441 paren·

1975 3464 2106 3520 tem,
2156 3456 2320 3511 etiam
2359 3464 2488 3512 ante
2537 3454 2820 3522 delictum,
2863 3472 2930 3513 ex
2973 3472 3206 3529 corpore
3262 3461 3553 3534 animaque

1976 3542 2146 3600 fuisse
2171 3543 2489 3612 conflatum,
2525 3552 2692 3615 atque
2717 3553 2791 3599 ita
2815 3547 3128 3617 disputandi
3165 3549 3326 3606 tinem
3350 3552 3550 3613 facere.

1973 3634 2090 3705 Ego
2110 3650 2241 3690 vero
2262 3650 2488 3691 summa
2524 3650 2674 3691 nunc
2701 3636 2921 3692 illorum
2950 3638 3129 3708 capita
3165 3644 3549 3714 perstringam,

1975 3725 2244 3781 duntaxat
2298 3734 2361 3781 ιιι
2390 3735 2861 3797 argumentorum,
2903 3730 3101 3800 quibus
3130 3739 3379 3800 utuntur,
3416 3750 3555 3806 prae-

1975 3819 2117 3875 sidia
2137 3833 2203 3874 ac
2223 3818 2563 3874 firmamenta
2591 3821 2893 3875 convellam
2912 3863 2929 3888 ‚
2955 3836 3025 3877 ne
3045 3823 3264 3879 modum
3285 3828 3555 3884 orationis

1975 3912 2260 3968 excedam.
2299 3910 2417 3967 Hoc
2458 3913 2570 3981 jam
2621 3913 2766 3967 enim
2806 3914 3008 3969 intueri
3044 3918 3552 3989 potestis.judioes.

1974 4001 2093 4058 baec
2117 4002 2364 4072 Apostoli
2396 4002 2596 4057 verba:
2621 4000 2726 4072 qu
2743 4002 2973 4058 vivebam
2994 4005 3105 4059 sine
3121 4006 3230 4077 leqe
3243 4008 3551 4080 aliquando,

1975 4108 2043 4148 ex
2072 4092 2317 4164 Epistola
2351 4092 2418 4147 ad
2469 4092 2768 4160 Romanos,
2803 4109 3148 4166 nequaquam
3173 4099 3245 4153 ad
3273 4114 3396 4155 eam
3430 4102 3554 4157 vitae

1975 4186 2241 4242 rationem
2268 4200 2433 4254 posse
2464 4186 2778 4251 convenire,
2801 4201 2965 4256 quam
2995 4198 3122 4245 ante
3141 4204 3343 4262 corpus
3369 4193 3551 4249 anima

1975 4284 2270 4335 consecuta
2314 4276 2516 4343 suerit,
2567 4284 2631 4333 ιιι
2675 4294 2742 4334 ex
2786 4282 3251 4349 consequentibus
3309 4295 3551 4355 apparet.

1981 4370 2220 4425 Tametsi
2247 4370 2498 4442 egregius
2539 4371 2629 4426 ille
2654 4371 2900 4429 medicus
2928 4388 3208 4431 sacrorum
3237 4379 3553 4446 verborum.

1979 4461 2240 4517 detractis
2284 4462 2531 4531 reliquis,
2564 4462 2808 4534 Apostoli
2843 4474 3079 4522 mentem
3125 4466 3196 4522 ad
3242 4470 3553 4541 opinionem

310 4572 363 4610 τι
387 4553 572 4608 παθὼν
607 4554 726 4607 λίαν
753 4552 848 4606 καὶ
880 4552 1148 4607 παιδικόν.
1194 4551 1337 4606 Ἀντί
1365 4551 1475 4623 γὰρ
1498 4550 1595 4604 τοῦ
1618 4551 1754 4621 πρὸς
1778 4548 1878 4615 τὰς
1906 4552 1956 4611 D
1980 4567 2135 4609 suam
2164 4553 2429 4609 violenter
2449 4556 2748 4634 transferre
2785 4557 3097 4614 contendat.
3128 4559 3186 4615 In
3216 4576 3327 4631 quo
3357 4577 3548 4633 parum

311 4646 517 4710 οἰκείας
546 4645 846 4716 συμφύσεις
889 4644 982 4697 καὶ
1025 4644 1273 4714 ἁρμογὰς
1302 4642 1371 4698 τὰ
1401 4642 1541 4715 μέλη
1564 4644 1748 4714 τηρεῖν
1774 4641 1881 4696 τῶν

314 4736 602 4810 σωμάτων,
638 4737 727 4790 ῖνα
768 4734 831 4788 τὸ
863 4736 970 4789 πᾶν
1009 4734 1195 4807 ἄρτιον
1235 4734 1379 4788 κατὰ
1423 4736 1583 4804 φύσιν
1615 4729 1651 4808 ᾗ
1696 4734 1881 4806 σχῆμα

313 4830 408 4885 τοῦ
461 4829 730 4900 σώματος,
782 4828 1164 4899 ὴκρωτηρίασε
1218 4826 1500 4899 παρελθὼν
1550 4827 1655 4882 τὸν·
1692 4826 1881 4898 εἱρμὸν

313 4921 413 4991 τῆς
448 4920 694 4990 Γραφῆς·
726 4918 974 4989 καθάπερ
999 4917 1211 4989 Σκύθης
1232 4916 1428 4989 ἐχθροῦ
1467 4934 1613 4982 τινος
1650 4916 1883 4987 ἀφειδῶς

316 5014 453 5083 πρὸς
479 5011 756 5084 αναίρεσιν
792 5010 1146 5081 κατατέμνων
1181 5010 1254 5065 τὰ
1281 5003 1420 5081 μέλη
1464 5003 1593 5062 εἷεν.
1636 5009 1759 5073 Πῶς
1789 5002 1883 5064 οὖν

314 5105 345 5157 ὀ
382 5100 720 5165 'Amo-cola,
765 5099 1004 5167 λέξουσι,
1029 5098 1201 5153 ταῦτα
1243 5099 1577 5168 ἀπεφήνατο,
1616 5096 1666 5150 εί
1711 5097 1775 5149 σὺ
1810 5095 1885 5168 μὴ

315 5193 489 5257 οὕτως
511 5191 651 5246 αὐτὰ
680 5190 961 5257 ἀπέδειξας
988 5190 1165 5261 ἐχειν;
1196 5189 1316 5242 Ὅτι
1347 5188 1531 5258 νόμον,
1568 5186 1772 5257 εἴποιμ’
1794 5185 1883 5253 ἂν,

318 5284 541 5354 θέμενος
579 5276 721 5335 εἶναι
762 5281 863 5352 τὴν
916 5279 1152 5351 ἐντολήν.
1198 5277 1440 5334 Δεδόσθω
1486 5278 1595 5351 γὰρ
1669 5279 1887 5351 πρῶτον

318 5374 461 5429 κατὰ
486 5375 586 5446 τὴν
624 5370 894 5444 ὑμετέραν
933 5370 1187 5423 ὑπόθεσιν
1220 5368 1319 5442 τὴν
1360 5369 1578 5441 ἐντολὴν
1614 5370 1776 5425 αὐτὸν
1802 5368 1889 5424 νό-

322 5480 421 5535 μον
454 5464 730 5534 εἰρηκέναι
770 5480 784 5493 ·
817 5462 879 5516 ού
916 5459 1067 5531 παρὰ
1098 5459 1256 5515 τοῦτο
1299 5460 1395 5515 καὶ
1434 5461 1738 5532 ἁσωμάτως
1778 5459 1887 5533 πρὸ

317 5555 417 5626 τῆς
450 5553 667 5624 ἐντολῆς
702 5554 828 5618 τοὺς
868 5549 1323 5624 προποπλάστους
1358 5548 1588 5603 ὑπέθετο
1627 5548 1888 5620 peomne-

318 5667 429 5716 ναι,
469 5647 604 5702 ἀλλὰ
650 5645 817 5718 χωρὶς
854 5644 1146 5717 ἁμαρτίας·
1189 5643 1301 5698 Καὶ
1349 5641 1458 5713 γὰρ
1501 5640 1678 5708 ὀλίγος
1714 5641 1747 5693 ὁ
1777 5640 1887 5695 ἀπὸ

319 5739 419 5812 τῆς
459 5739 688 5803 κτίσεως
728 5737 905 5792 αὐτῶν
949 5737 1077 5810 ἄχρι
1115 5734 1217 5806 τῆς
1249 5732 1467 5805 ἐντολῆς
1511 5731 1720 5805 χρόνος,
1745 5733 1806 5788 ἐν
1838 5721 1885 5801 ᾧ

391 5898 410 5930 ¹
433 5895 494 5954 F.
517 5895 792 5970 ἀνίατρον.

1978 4645 2208 4707 medice,
2256 4644 2367 4698 imo
2386 4659 2517 4700 vero
2540 4647 2822 4715 pueriliter
2858 4663 2982 4705 sese
3008 4651 3195 4721 gessit.
3228 4651 3365 4707 Cum
3400 4655 3546 4709 enim

1978 4735 2061 4790 sic
2098 4742 2355 4803 tanquam
2384 4749 2676 4805 corporum
2713 4738 2954 4793 membra
2989 4742 3055 4795 ad
3087 4744 3362 4812 propriam
3400 4759 3554 4799 com·

1977 4830 2273 4883 missuram
2336 4841 2402 4882 ac
2440 4827 2755 4897 juncturam
2809 4834 3225 4891 accommodare
3274 4834 3551 4904 debuerit,

1980 4928 2040 4975 ut
2059 4920 2268 4989 integra
2290 4932 2355 4974 ae
2385 4920 2568 4974 nativa
2587 4922 2836 4991 corporis
2861 4923 3032 4995 figura
3055 4936 3326 4994 servetur,
3359 4944 3392 4985 e
3419 4944 3556 4986 con·

1976 5012 2152 5066 trario
2187 5009 2485 5081 Scriptura
2533 5013 2778 5084 neglecta
2835 5018 3012 5083 serie,
3056 5021 3308 5076 mutilum
3353 5035 3556 5094 corpus

1980 5100 2183 5163 effecit.
2215 5101 2442 5169 perinde
2467 5116 2533 5157 ac
2562 5100 2765 5174 Scytha
2801 5104 3001 5163 hostile
3023 5122 3224 5179 corpus
3257 5111 3556 5169 crudeliter

1979 5190 2276 5247 conficiens
2358 5192 2809 5265 membratimque
2872 5199 3192 5257 concidens.
3265 5201 3373 5258 Sed
3438 5202 3556 5261 bec

1981 5280 2154 5337 missa
2194 5278 2481 5339 faciamus.
2510 5282 2579 5339 Αι
2601 5284 2748 5339 enim
2781 5286 3002 5343 dicent:
3037 5288 3150 5344 Cur
3165 5288 3281 5346 baec
3308 5292 3379 5348 ab
3408 5293 3556 5365 Apo-

1980 5370 2125 5426 stolo
2149 5372 2501 5441 pronuntiata
2526 5381 2679 5438 sunt,
2708 5375 2756 5430 si
2780 5382 2841 5430 tu
2869 5376 2938 5431 ad
2956 5392 3082 5432 eum
3097 5379 3318 5434 modum
3352 5382 3556 5439 babere

1981 5477 2043 5519 se
2071 5462 2175 5518 ista
2214 5464 2541 5533 negaveris?
2588 5463 2913 5538 Respondeo
2949 5483 3048 5538 pro
3080 5480 3352 5543 praecepto
3382 5474 3552 5544 legem

1982 5551 2135 5607 iilum
2173 5567 2492 5625 usurpasse.
2534 5553 2700 5611 Detur
2721 5557 2868 5612 enim
2903 5558 3006 5614 boc
3046 5559 3288 5631 opinioni
3317 5563 3553 5634 primum

1978 5651 2198 5709 vestre,
2241 5654 2570 5717 praeceptum
2617 5648 2690 5704 ab
2725 5649 2990 5721 Apostolo
3049 5652 3220 5724 legem
3266 5653 3552 5724 appellari.

1979 5734 2100 5794 Non
2130 5736 2340 5796 idcirco
2391 5746 2574 5796 tamen
2614 5744 2864 5815 corporis
2886 5751 3140 5816 expertes
3182 5753 3309 5801 ante
3347 5757 3555 5816 prece·
