3850 6517
202 501 305 557 5⁴29

839 494 1207 554 ADVERSUS
1246 497 1584 554 nAEnEsss
1618 498 1743 553 mn.
1781 498 1818 552 l.
1858 476 2022 552 “rou.
2060 498 2121 554 n.
2162 529 2231 540 —
2262 498 2536 556 uAERES.
2578 495 2764 550 xxvi.

3328 505 3433 562 530

204 613 437 684 ξολογία.
477 613 571 669 καὶ
597 614 659 667 οὐ
684 612 868 667 πολλοὶ
899 612 1029 668 θεοί.
1063 613 1174 667 Ποῦ
1213 613 1267 668 δὲ
1300 614 1596 687 πληροῦται
1630 615 1771 668 κατὰ
1800 621 1845 675 A
1874 629 2071 671 sensus
2103 630 2166 668 ac
2197 615 2555 686 cogitationes
2599 624 2887 673 everteret.
2923 613 3076 672 Unus
3106 617 3252 673 enim
3277 619 3436 675 nobis

202 709 282 773 σὲ,
305 702 350 762 ὦ
379 706 640 771 Νικόλαε,
665 704 725 760 τὸ
762 706 866 760 ὑπὸ
896 706 991 761 τοῦ
1038 707 1288 778 Σωτῆρος
1327 708 1650 780 εἰρημένονς
1690 709 1771 762 ὅτι
1870 712 1956 760 est
1986 703 2149 768 Deus,
2180 701 2359 769 Pater,
2379 703 2570 772 Filius,
2594 715 2648 761 ct
2671 704 2909 777 Spiritus
2927 715 3173 773 sanctus,
3191 723 3436 779 personae

199 802 354 857 Εἰσὶν
388 800 657 870 εὐνοῦχοι,
699 797 895 863 οἵτινες
927 798 1349 872 εὐνουχίσθησαν
1399 799 1502 854 ὑπὸ
1541 799 1648 854 τῶν
1681 800 1774 854 ἀν-

201 893 468 967 θρώπων·
502 892 595 947 καὶ
622 891 759 945 είσὶν
790 890 1052 963 εὐνοῦχοι,
1083 891 1132 946 οἳ
1170 893 1234 944 ὲκ
1271 894 1546 962 γεννητοῖς
1570 892 1588 922 ¹
1617 892 1772 961 ἐγεν-

201 983 474 1056 νήθησαν·
531 980 625 1036 καὶ
672 982 811 1036 είσ“.ν
870 981 1112 1054 εὐνοῦχοι
1132 1021 1147 1045 ,
1207 980 1404 1045 οἵτινες
1454 981 1775 1052 εὐνούχισαν

206 1074 432 1138 ἑαυτοὺς
464 1073 552 1128 διὰ
595 1073 697 1143 τὴν
750 1072 1027 1143 βασιλείαν
1067 1073 1174 1126 τῶν
1197 1073 1458 1145 οὐρανῶν.
1488 1073 1551 1126 Et
1596 1071 1774 1127 τοίνυν

206 1164 448 1236 εὐνοῦχοί
469 1168 574 1219 είσι
593 1164 681 1219 διὰ
703 1164 803 1235 τὴν
837 1163 1108 1234 βασιλείαν
1135 1163 1243 1218 τῶν
1270 1162 1531 1235 οὐρανῶν,
1563 1162 1680 1228 πῶς
1709 1164 1773 1218 σὺ

209 1258 432 1311 σεαυτὸν
466 1255 842 1328 πεπλάνηκας,
882 1255 976 1309 καὶ
1007 1255 1133 1320 τούς
1180 1272 1261 1309 σοι
1296 1253 1647 1326 πειθομένους
1688 1254 1776 1310 διὰ

205 1349 455 1419 λαγνείας
483 1348 580 1402 καὶ
603 1347 978 1418 αίσχροποιίας
1006 1347 1102 1419 τὴν
1147 1344 1403 1420 ἀλήθειαν
1434 1347 1525 1401 τοῦ
1556 1347 1691 1402 Θεοῦ
1716 1349 1778 1403 ὲν

205 1437 386 1510 ἀδικία
411 1435 657 1507 κατέχων
696 1436 790 1489 καὶ
819 1434 1079 1489 διδάσκων
1102 1451 1116 1500 ;
1144 1435 1253 1490 Ποῦ
1293 1435 1349 1489 δὲ
1377 1435 1531 1508 παρὰ
1566 1436 1648 1490 σοὶ
1677 1455 1776 1492 πε-

205 1531 488 1602 πλήρωται
526 1528 606 1594 τὸ,
662 1526 802 1596 Περὶ
853 1526 972 1581 τῶν
1020 1527 1330 1596 παρθένων
1374 1527 1443 1582 δὲ
1489 1529 1779 1601 ἐπιταγὴν

205 1621 426 1690 Κυρίου
452 1621 563 1675 οὐκ
589 1618 705 1688 ἔχω
723 1633 737 1647 ·
773 1618 1016 1690 γνώμην
1045 1618 1113 1672 δὲ
1151 1618 1376 1689 δίδωμι,
1416 1619 1497 1686 ὡς
1523 1621 1779 1691 ἠλεημέ-

204 1729 312 1779 νος
343 1712 410 1766 τὸ
439 1709 631 1766 καλὸν
666 1709 854 1776 οὕτως
895 1710 1079 1764 εἶναι·
1111 1710 1205 1764 καὶ
1238 1709 1423 1764 πάλιν·
1464 1710 1532 1766 '11
1567 1711 1781 1781 παρθέ-

204 1821 311 1872 νος
334 1801 591 1873 μεριμνᾷ
619 1805 691 1857 τὰ
718 1801 823 1856 τοῦ
867 1801 1106 1871 Κυρίου,
1137 1800 1264 1867 πῶς
1296 1801 1498 1871 ἀρέσει
1539 1801 1622 1870 τῷ
1663 1806 1782 1857 Κυ-

198 1895 328 1964 ρίῳ,
357 1895 459 1947 ἵνα
485 1889 528 1966 ᾖ
554 1893 692 1963 ἁγία
720 1892 791 1947 ἐν
835 1890 1059 1962 σώματι
1087 1891 1183 1945 καὶ
1213 1893 1282 1945 ὲν
1313 1895 1640 1963 πνεύματις
1669 1894 1781 1948 Καὶ

1873 807 2007 863 treS‚
2042 811 2150 852 una
2178 795 2504 863 dominatio,
2526 797 2788 852 divinitas
2813 812 2950 865 una;
2983 813 3089 852 una
3120 798 3298 855 laudis
3319 814 3433 856 om·

1873 889 2057 955 nibus,
2088 887 2383 960 gloriaeque
2420 887 2735 960 praedicatio
2768 907 2782 944 ι
2822 889 3049 958 proinde
3095 905 3438 962 nequaquam

1873 980 2056 1051 plures
2087 980 2165 1037 dii
2194 990 2342 1037 sunt.
2376 980 2497 1039 Jam
2532 981 2688 1047 illud,
2722 981 2870 1052 quod
2906 989 3233 1051 usurpatum
3275 997 3308 1037 a
3335 982 3443 1041 Do-

1875 1074 2024 1128 mino
2051 1081 2157 1142 est,
2177 1074 2449 1147 quomodo
2469 1075 2576 1146 81
2606 1081 2681 1140 te,
2713 1071 2955 1138 Nimiae,
2980 1072 3198 1129 tandem
3222 1083 3442 1129 auctore

1874 1162 2188 1232 perficitur?
2222 1162 2356 1220 Esse
2384 1163 2653 1234 quosdam
2678 1162 2981 1241 eunuchos,
3012 1164 3106 1234 qui
3157 1162 3227 1233 ab
3266 1163 3442 1221 bomi-

1876 1254 2043 1310 nibus
2074 1257 2296 1310 castrati
2326 1262 2492 1322 sunt;
2523 1261 2578 1310 et
2603 1254 2742 1310 alios
2770 1268 2892 1310 esse
2920 1255 3012 1325 qui
3043 1255 3180 1310 tales
3224 1268 3256 1308 a
3295 1254 3443 1310 nati·

1875 1344 2041 1401 vitate
2069 1345 2393 1416 prodierint.
2432 1345 2587 1402 Alios
2618 1345 2850 1415 denique
2883 1346 2974 1416 qui
3003 1360 3063 1401 se
3087 1345 3236 1416 regni
3275 1345 3444 1402 coele·

1878 1434 1979 1490 stis
2005 1449 2170 1490 causa
2199 1435 2562 1492 castraverInt
2586 1436 2627 1490 ⁸.
2662 1433 2816 1502 Quod
2850 1436 2897 1490 si
2922 1435 3172 1490 nonnulli
3202 1435 3444 1493 coelestis

1877 1526 2031 1598 regni
2063 1525 2238 1597 gratia
2289 1523 2420 1580 lacti
2467 1534 2598 1582 sunt
2633 1524 2895 1590 eunuchi,
2943 1539 3044 1580 cur
3073 1525 3445 1596 temetipsum,

1880 1628 2111 1688 tuosque
2140 1615 2443 1687 discipulos
2480 1615 2707 1672 libidine
2735 1631 2801 1673 ac
2832 1615 3136 1674 soedissima
3170 1617 3449 1689 voluptate

1880 1708 2121 1778 decipis,
2179 1707 2533 1780 divinamque
2582 1706 2868 1763 veritatem
2903 1722 2999 1778 per
3054 1722 3325 1764 summam
3364 1708 3447 1764 in-

1878 1800 2149 1875 justitiam
2178 1801 2386 1857 retines
2398 1804 2439 1867 ⁸,
2465 1815 2529 1854 ac
2562 1813 2846 1871 perperam
2868 1798 3117 1854 docendo
3140 1799 3450 1870 depravas?

1882 1892 2032 1950 Istud
2059 1908 2223 1965 porro
2249 1908 2359 1963 quo
2389 1891 2607 1947 tandem
2641 1896 2801 1962 pacto
2826 1888 2968 1960 apud
2999 1901 3051 1946 te
3088 1892 3295 1961 geritur
3320 1910 3335 1947 z
3372 1890 3451 1947 De

208 1985 351 2040 πόσα
392 1985 509 2038 ἐστὶ
544 1982 671 2052 περὶ
704 1981 923 2052 ἁγνείας
952 1983 1046 2036 καὶ
1075 1983 1401 2053 ἐγκρατείας
1433 1983 1528 2037 καὶ
1568 1983 1777 2054 παρθε-
1812 1972 1854 2028 Β
1883 1983 2171 2066 virqinibus
2204 1993 2522 2053 proeceptum
2553 1980 2770 2035 Domini
2800 1997 2905 2036 non
2932 1980 3130 2046 habe03
3170 1980 3449 2037 consilinm

208 2075 327 2140 νίας
352 2076 563 2145 λέγεινί
596 2074 754 2149 Παρὰ
785 2073 879 2128 σοῦ
913 2073 1019 2148 γάρ
1046 2075 1075 2127 ό
1105 2075 1211 2138 πᾶς
1237 2073 1496 2147 βόρὸορος
1521 2076 1619 2148 τῆς
1643 2077 1776 2132 ἀκα·

209 2168 436 2241 θαρσίας
457 2166 825 2238 ἀναισχύντως
861 2164 1124 2238 ὁρίζεται.
1168 2165 1325 2220 Ἀλλά
1354 2165 1441 2220 διὰ
1486 2166 1592 2220 τῶν
1625 2167 1774 2240 δύοῆ

207 2259 372 2331 τριῶν
404 2258 609 2312 τούτων
652 2257 829 2330 ῥητῶν
883 2256 983 2326 τῆς
1035 2256 1439 2326 καταγελάστου
1492 2259 1775 2328 αἱρέσεως,

209 2351 345 2422 πρὸς
389 2348 696 2421 ἀνατροπὴν
741 2349 853 2412 τοῖς
905 2349 1319 2419 ἐντυγχάνουσιν
1360 2348 1390 2402 ό
1443 2349 1642 2416 σκοπὸς
1693 2352 1779 2405 ἐν·

212 2439 387 2493 ταῦθά
413 2458 501 2510 μοι
529 2438 904 2511 παρακείσθω.

1884 2085 2061 2131 autem
2093 2074 2195 2141 do,
2256 2083 2504 2143 tanquam
2535 2063 2977 2127 'misericordiam
3024 2082 3334 2128 consecutus
3375 2074 3453 2129 ita

1884 2169 2077 2224 bonum
2107 2182 2219 2223 esse
2239 2167 2298 2234 ’ς
2332 2180 2399 2221 ac
2428 2180 2647 2222 rursum
2679 2184 2694 2221 ι
2731 2164 2887 2236 Virgo
2928 2165 3160 2220 sollicita
3180 2173 3259 2221 est
3282 2165 3347 2220 de
3384 2166 3451 2221 iis

1883 2273 2001 2329 quoe
2020 2262 2144 2310 sunt
2165 2253 2406 2320 Domini,
2444 2253 2702 2326 quomodo
2729 2252 2937 2323 placeat
2965 2253 3212 2323 Domino,
3243 2264 3302 2309 ut
3319 2271 3451 2310 san·

1885 2360 1971 2405 cta
1997 2349 2070 2404 sit
2094 2362 2310 2417 corpore
2337 2363 2399 2403 ac
2444 2347 2635 2416 spirim
2662 2345 2719 2399 ’ί
2744 2344 2917 2415 Quam
2956 2347 3129 2402 multa
3180 2345 3249 2403 de
3285 2346 3454 2403 casti-

1882 2448 2020 2508 tate,
2049 2438 2391 2497 continentia
2416 2452 2480 2495 ac
2513 2436 2830 2509 virginitate
2866 2436 2974 2494 dici
3025 2439 3288 2510 possunt!
3317 2435 3453 2494 Nam

217 2527 362 2600 apud
410 2537 462 2583 te
501 2527 830 2596 impuritatis
871 2541 1035 2582 omne
1090 2541 1306 2582 coenum
1356 2528 1475 2584 sine
1520 2528 1728 2599 pudore
1775 2529 2098 2603 praellnitur.
2153 2527 2352 2584 Verum
2411 2526 2626 2583 duabus
2676 2527 2788 2584 illis
2838 2527 3089 2587 tribusve
3145 2529 3452 2596 sententiis,

215 2637 376 2696 quem
401 2621 532 2676 mihi
563 2636 789 2691 scopum
810 2618 1120 2675 evertendae
1154 2620 1397 2676 ridiculae
1437 2621 1603 2693 buius
1647 2633 1809 2683 sectoe
1842 2627 2210 2699 praellxeram,
2261 2624 2529 2682 hactenus
2574 2624 2874 2683 lectoribus
2930 2624 3254 2696 exposuisse
3307 2618 3484 2680 sulii·-

215 2719 343 2772 ciat.

281 2809 354 2861 Z'.
387 2805 597 2877 Προϊὼν
635 2802 691 2859 δὲ
736 2800 974 2875 καθεξῆς
1005 2803 1104 2876 τὴν
1139 2804 1315 2877 τούτῳ
1353 2806 1789 2883 συνεζευγμένην

211 2898 448 2970 αἵρεσιν,
468 2896 656 2969 ὥσπερ
685 2898 1169 2971 χορτομανήσασαν
1203 2895 1334 2968 ὕλην
1360 2897 1393 2968 ἢ
1428 2897 1587 2965 δάσος
1618 2900 1789 2955 ἀκαν-

215 2987 324 3041 θῶν
355 2987 689 3059 πανταχόθεν
715 2987 1100 3061 συνηνωμένην
1135 2988 1178 3055 ’,
1222 2987 1255 3059 fi
1285 2988 1783 3064 κατεξηραμμένην

217 3079 274 3132 ὲν
300 3078 456 3150 ἀγρῷ
485 3079 693 3150 πληθὺν
727 3079 897 3145 ξύλων
936 3096 995 3134 τε
1030 3081 1121 3133 καὶ
1161 3079 1451 3152 φρυγάνων
1497 3085 1576 3148 είς
1622 3081 1788 3139 κατά-

217 3181 407 3221 καυσιν
448 3167 878 3239 ἑτοιμαζομένην
908 3167 1192 3237 ὑποδείξω,
1230 3167 1320 3223 διὰ
1347 3170 1407 3224 τὸ
1433 3174 1498 3244 τῇ
1539 3173 1675 3244 αὐτῇ
1704 3174 1791 3227 αί-

1968 2805 2073 2865 Vll.
2111 2805 2379 2879 Deinceps
2411 2807 2598 2878 itaque
2629 2806 2839 2863 affinem
2864 2806 2994 2863 hnic
3024 2803 3280 2872 baeresin,
3309 2805 3458 2861 velut

1890 2896 2257 2954 luxuriantem
2300 2898 2547 2963 herbam,
2600 2906 2696 2953 aut
2742 2898 3023 2969 spinarum
3073 2895 3457 2955 densissimam

1889 2987 2106 3061 copiam
2149 2988 2392 3060 undique
2426 2989 2733 3056 collectam,
2774 2999 2869 3044 aut
2896 2989 3167 3060 lignorum
3201 2988 3258 3044 in
3298 3003 3453 3060 agro,

1888 3080 2360 3151 virgultorumque
2386 3081 2718 3138 desiccatam
2748 3083 3078 3153 congeriem,
3104 3093 3159 3139 et
3183 3083 3250 3139 ad
3274 3083 3462 3140 incen-

1890 3171 2043 3227 dium
2076 3181 2434 3243 pra-paratam
2484 3173 2541 3227 in
2590 3173 2827 3229 medium
2871 3174 3166 3245 proferam,
3210 3190 3278 3232 eo
3314 3176 3460 3246 quod

219 3256 364 3328 ρὲσει
383 3257 476 3311 τοῦ
497 3256 729 3311 ὲλεεινοῦ
763 3257 1048 3321 Νικολάου,
1084 3256 1272 3332 ὥσπερ
1300 3260 1368 3314 δι’
1394 3261 1790 3335 ὲγκεντρισμοῦ
1817 3254 1859 3309 C
1894 3261 2084 3317 eadem
2120 3261 2210 3316 illa
2241 3263 2440 3333 perditi
2467 3262 2677 3319 Nicolai
2707 3272 2876 3332 secta,
2909 3273 3165 3337 tanquam
3205 3267 3463 3327 insitione

219 3345 253 3418 ἢ
278 3346 469 3419 ψώρας
492 3349 709 3421 ἀγρίας,
741 3349 995 3422 ἣλέπρας
1025 3351 1083 3418 ἐξ
1104 3351 1305 3423 ἐτέρων
1334 3353 1600 3424 σωμάτων
1628 3354 1794 3425 ἔτερα

223 3439 452 3511 σώματα
521 3441 1008 3515 παραφθείρεσθαι.
1055 3444 1209 3499 Οὕτω
1264 3446 1372 3501 ἀπὸ
1433 3447 1633 3519 μέρους
1684 3448 1795 3502 εἰσὶ

220 3532 586 3605 συνηνωμένοι
633 3535 681 3585 oi
728 3530 1005 3603 λεγόμενοι
1050 3533 1109 3603 ἐξ
1171 3535 1336 3589 αὐτοῦ
1392 3537 1488 3590 καὶ
1528 3537 1639 3591 τῶν
1687 3535 1796 3610 πρδ

217 3620 406 3690 αὐτοῦ,
467 3623 709 3694 Σίμωνος
751 3622 806 3676 δέ
851 3641 1014 3696 φημι,
1059 3626 1153 3678 καὶ
1189 3624 1299 3678 τῶν
1327 3622 1502 3680 ἄλλων
1540 3624 1796 3687 λαὸόντες

216 3715 316 3780 τὰς
349 3716 649 3788 προφάσεις
696 3716 989 3770 Γνωστικοὶ
1038 3716 1383 3785 καλούμενοι,
1423 3715 1796 3781 κατάγνωστοι

217 3807 274 3861 δὲ
310 3807 371 3862 τὸ
409 3809 516 3860 πᾶν
537 3807 624 3860 διὰ
658 3806 756 3876 τὴν
787 3807 842 3859 ἐν
871 3809 982 3867 τοῖς
1009 3804 1299 3874 πράγμασι
1340 3804 1441 3871 τῆς
1485 3801 1798 3872 ἀκαθάρτου

221 3900 484 3970 ἐργασίας
533 3896 713 3949 αὐτῶν
757 3894 1053 3963 μοχθηρίαν
1093 3891 1190 3942 καὶ
1246 3888 1657 3960 αἰσχρουργίαν.
1709 3890 1799 3953 Ὦς

222 3986 439 4056 ἀληθῶς
476 3985 585 4052 γὰρ
621 3983 717 4034 καὶ
752 3980 938 4033 τοῦτον
970 3979 1107 4051 πρὸς
1137 3977 1317 4047 ὀλίγον
1348 3978 1798 4050 ὲγκρατευσάμε-

223 4096 338 4140 νον,
365 4073 483 4129 εἶτα
510 4075 821 4129 ἀποστάντα
857 4074 954 4146 τῆς
995 4073 1339 4148 ἐγκρατείας,
1362 4074 1517 4146 δίκην
1550 4072 1798 4147 ὕδρωπος

228 4168 325 4222 τοῦ
378 4165 608 4238 ἑρπετοῦ
663 4164 998 4236 καλουμένου
1049 4166 1108 4233 ἐξ
1148 4165 1354 4219 ύδάτων
1392 4167 1471 4231 είς
1507 4165 1612 4236 γῆν
1641 4165 1798 4220 ἀνελ-

230 4259 430 4324 θόντος,
465 4258 558 4312 καὶ
591 4259 671 4322 είς
699 4257 843 4329 ὕδωρ
883 4254 1038 4323 αὖθις
1078 4257 1530 4330 ἀναστρέψαντος.
1563 4257 1797 4330 καλάμῳ

226 4349 305 4422 τῷ
334 4353 390 4405 ἐν
407 4349 549 4422 χειρὶ
570 4348 772 4404 δοθέντι
797 4347 1029 4422 Χριστοῦ
1057 4349 1348 4414 παίσαντες
1374 4349 1466 4406 καὶ
1490 4350 1795 4416 ὀλέσαντες.

228 4445 321 4497 ἐπὶ
347 4442 444 4508 τὰς
466 4442 592 4513 ἑξῆς
621 4442 860 4514 αίρέσεις
896 4441 1218 4512 βαδίσωμεν.

322 4728 510 4783 ΚΑΤΑ
546 4729 682 4781 ΤΩΝ
720 4730 1136 4782 ΛΕΙῸΜΕΝΩΝ
1170 4731 1281 4801 (68)
1312 4732 1699 4788 ΓΝΩΣΤΙΚΩΝ

581 4819 784 4887 ‘Eum
815 4821 853 4889 ἠ
877 4822 969 4875 καὶ
1008 4823 1252 4889 εἰκοστὴ
1272 4822 1438 4891 ἕκτη.

301 4931 378 4987 A'.
417 4931 585 4987 Πάλιν
611 4926 754 4986 οὗτοι
778 4933 828 4986 oi
864 4934 1154 4988 Γνωστικοὶ
1183 4934 1453 5006 διαφόρως
1476 4936 1583 4991 ἀπὸ
1611 4937 1803 4991 τούτου

306 5108 325 5140 ¹
353 5105 490 5178 Lege
535 5106 779 5178 γενετῆς.
857 5105 877 5136 ’
914 5104 972 5161 F.
1009 5107 1401 5177 συνηνωμένον.
1478 5109 1498 5140 ⁸
1528 5108 1719 5165 Matth.
1750 5125 1866 5174 xix,
1909 5111 1994 5168 12.
2091 5114 2113 5146 ⁸
2141 5113 2302 5172 Rom.
2341 5132 2378 5182 ι,
2408 5115 2496 5172 18.
2581 5118 2601 5150 ⁸
2632 5117 2651 5171 l
2681 5116 2808 5174 Cor.
2843 5135 2943 5183 vn,
2974 5119 3065 5174 25.

305 5263 416 5334 (68)
455 5261 831 5318 Γνωστικῶν.
862 5260 1242 5317 Gnosticorum
1282 5262 1588 5333 appellatio,
1628 5279 1793 5336 quam

237 5333 590 5403 impurissimi
655 5332 1032 5388 baereticorum
1097 5340 1463 5400 usurparunt,
1533 5334 1791 5390 eximium

235 5401 523 5474 quemdam
560 5410 720 5471 atque
758 5404 1086 5473 exquisitum
1122 5402 1287 5456 animi
1321 5410 1543 5467 statum,
1576 5418 1640 5460 ac
1668 5419 1798 5460 san-

236 5473 440 5527 ctitatis
469 5470 756 5540 significat,
779 5482 834 5526 ut
862 5488 927 5528 ex
954 5472 1319 5528 Alexandrino
1345 5471 1623 5529 Clemente
1648 5472 1799 5530 aliis-

238 5558 347 5608 quc
379 5539 630 5610 colligere
658 5541 803 5595 licet.
833 5539 965 5596 Nam
996 5557 1024 5595 a
1069 5542 1138 5596 ud
1169 5542 1317 5597 illum
1355 5557 1369 5595 ι
1402 5540 1638 5614 Poedaq..
1671 5557 1795 5614 cap.

234 5611 292 5674 6.
320 5618 665 5680 opponuntur
686 5611 737 5662 oi.
773 5611 1040 5666 Γνωστικο
1093 5615 1203 5678 τοῖς
1240 5610 1311 5680 ψυ
1352 5612 1506 5675 ικοῖς,
1535 5624 1587 5668 et
1635 5628 1798 5666 πνευ-

243 5679 462 5747 ματικοί
492 5687 769 5734 vocantur.
803 5680 915 5734 Οὐκ
955 5681 1064 5750 ἄρα
1101 5683 1151 5735 ot
1184 5681 1284 5752 μὲν
1354 5682 1628 5747 νωστικοὶ,
1656 5681 1709 5735 οἱ
1742 5681 1800 5736 δὲ

237 5749 457 5820 ψυχικοί
483 5749 541 5801 ὲν
571 5747 717 5818 αὐτῷ
740 5747 818 5819 τῷ
845 5748 987 5820 λόγῳ
1003 5766 1019 5781 ·
1048 5750 1163 5805 ἀλλ’
1187 5753 1237 5805 οἱ
1281 5750 1481 5815 πάντες
1525 5749 1798 5821 ἀποθέμε-

240 5834 321 5875 νοι
343 5818 443 5882 τὰς
472 5833 538 5870 σα
577 5819 735 5882 κικὰς
766 5816 1056 5889 ἐπιθυμίας
1078 5860 1094 5886 ,
1142 5820 1267 5884 ἴσοι,
1305 5821 1401 5874 καὶ
1443 5836 1576 5873 πνευ
1624 5819 1800 5874 ατικοὶ

240 5889 390 5961 παρὰ
416 5886 493 5941 τῶ
566 5888 722 5960 υρίῳ.
752 5886 857 5942 Sed
884 5889 937 5942 in
975 5887 1096 5944 aliis
1121 5888 1508 5960 Στρωματέων
1545 5836 1621 5946 liii

566 5980 833 6040 ennox..
865 5979 980 6040 Gn.
1023 5977 1183 6040 XLI.

1622 5891 1718 5953 ris,
1748 5896 1802 5945 et

1893 3350 2154 3423 quadam,
2187 3352 2269 3408 vel
2313 3353 2497 3432 potins
2526 3354 2605 3409 uti
2650 3353 2777 3410 l'erae
2811 3355 3014 3412 scabiei
3047 3371 3113 3412 ac
3141 3356 3464 3430 lepraecon·

1893 3443 2112 3513 tagione
2140 3442 2245 3497 alia
2281 3458 2347 3498 ex
2378 3443 2502 3501 aliis
2531 3458 2787 3515 corpora,
2818 3445 2900 3501 sic
2931 3445 3212 3501 bominum
3248 3455 3463 3505 tentan-

1896 3540 1987 3587 tur
2011 3546 2076 3588 ac
2106 3543 2534 3604 corrumpuntur
2557 3533 2750 3588 animi.
2780 3532 2896 3590 Hoc
2935 3534 3121 3606 itaque
3152 3536 3314 3593 modo
3337 3550 3464 3593 cum

1895 3624 2179 3694 superiore
2212 3624 2406 3681 baercsi
2437 3624 2719 3681 cohaerens
2758 3640 2824 3683 ex
2864 3626 3050 3697 aliqua
3093 3635 3271 3698 parte,
3307 3625 3403 3698 qui
3431 3640 3464 3681 a

1894 3714 2125 3770 Nicolao
2167 3714 2309 3783 ipso,
2349 3717 2581 3785 eiusque
2632 3716 3099 3784 antecessoribus,
3141 3718 3364 3775 Simone
3397 3730 3464 3773 ae

1899 3801 2114 3859 caeteris
2139 3804 2486 3861 occasionem
2511 3803 2660 3860 nacti
2688 3803 2935 3862 Gnostici
2965 3810 3339 3879 nominantur,
3366 3823 3468 3864 κα-

1896 3891 2217 3961 τάγνωστοι,
2249 3892 2352 3950 boc
2380 3901 2464 3950 est
2504 3894 2799 3950 damnandi
2838 3898 3080 3967 penitus,
3104 3909 3326 3972 propter
3357 3905 3464 3961 im-

1897 3984 2184 4053 purissimi
2219 3984 2406 4058 ssagitii
2438 3986 2583 4058 quod
2617 4000 2933 4059 perpetrare
2963 3991 3142 4049 solent
3172 3995 3467 4066 turpitudi-

1897 4093 2023 4134 nem
2053 4092 2119 4134 ac
2136 4079 2460 4147 nequitiam.
2485 4077 2855 4147 Quamobrem
2880 4099 3004 4141 cum
3034 4095 3138 4143 uos
3161 4086 3317 4144 illum
3342 4090 3468 4147 bae·

1898 4176 2064 4223 tenus
2099 4168 2456 4225 continentiae
2494 4169 2560 4226 ad
2607 4168 2773 4228 breve
2815 4178 3032 4245 tempus
3069 4175 3360 4248 cultorem,
3402 4190 3470 4237 se

1897 4256 2136 4315 subinde
2163 4258 2525 4326 desertorem,
2547 4267 2602 4315 et
2627 4259 2891 4333 hydropis
2914 4263 3148 4320 similem
3169 4264 3336 4335 (quod
3356 4281 3469 4324 ser·

1898 4348 2081 4421 pentis
2106 4364 2282 4422 genus
2310 4366 2378 4406 ex
2410 4350 2574 4423 aquis
2603 4351 2659 4408 in
2693 4356 2896 4409 terram
2924 4356 3171 4429 emergit,
3197 4365 3251 4413 et
3276 4358 3466 4417 eodem

1901 4449 2092 4510 postea
2126 4455 2187 4496 se
2221 4440 2461 4512 recipit).
2493 4441 2726 4508 calamo,
2765 4443 2862 4512 qui
2902 4441 3124 4502 Christo
3144 4447 3200 4503 ln
3245 4463 3467 4504 manum

1900 4530 2140 4586 traditus
2165 4537 2273 4598 est,
2314 4544 2636 4603 percussum
2667 4532 3089 4601 confecerimus,
3130 4539 3374 4609 reliquas
3399 4542 3468 4599 ad

1833 4598 1875 4653 ἶ)
1902 4619 2138 4679 baereses
2172 4618 2478 4679 orationem
2508 4630 2752 4680 nostram
2783 4628 3249 4696 promovebimus.

2205 4736 2316 4809 02
2352 4735 2722 4795 ADVERSUS
2758 4737 3160 4808 GNOSTICOS,

2174 4826 2306 4894 Quoe
2351 4836 2431 4884 est
2473 4828 2690 4886 hoeresis
2733 4826 2805 4886 w
2841 4832 2950 4888 sive
3003 4830 3217 4889 XXVI.

1981 4942 2021 4993 Ι.
2066 4938 2305 5033 Rursum
2337 4940 2588 4999 Gnostici
2636 4944 2728 5001 isti
2770 4945 2923 5002 varie
2962 4946 3033 5002 sb
3068 4947 3164 5002 illo
3189 4951 3470 5023 propagati

3164 5121 3184 5153 ⁸
3217 5121 3348 5177 ibid.
3380 5122 3469 5183 34.

1895 5267 1951 5325 in
1969 5269 2160 5393 prinais
2184 5286 2283 5334 vu.
2329 5271 2397 5373 de
2418 5270 2698 5356 Gnosticis
2722 5284 2778 5330 et
2806 5279 3081 5357 γνωστικῇ
3113 5277 3337 5361 δυνάμιι
3364 5284 3478 5352 plu-

1894 5340 3479 5501 iutiliiiniiutiispiiiasstfflstvwvlg'evtgrssgjlt‘oeqmotsiiz‘essaeto

1897 5477 3009 5625 ξτξιὲὲιιδῖἔνῗιιτιδύξζξθὲῖτῖεςοτξέεαπγᾶἲζεζὲ
3022 5502 3035 5516 .
3058 5490 3479 5633 τξέἑάτξὲτῗλξῗ

1899 5613 2023 5686 θείᾳ.
2049 5619 2523 5700 ὲπικεκρυμμένα.
2558 5618 2737 5687 Quare
2774 5623 3020 5705 anstici
3058 5627 3477 5708 suntOhomines

1903 5685 2142 5755 perfecta
2169 5702 2235 5768 ac
2261 5690 2525 5768 singulari
2550 5692 2784 5757 quadam
2816 5702 3041 5758 virtute,
3072 5710 3133 5749 ac
3165 5695 3475 5757 divinarum

1908 5769 2087 5810 rerum
2112 5766 2338 5812 scientia
2371 5757 2610 5837 praediti3
2641 5776 2742 5816 nec
2771 5776 2835 5817 es
2861 5762 3348 5843 quidemyulgari.
3381 5765 3478 5821 sed

1908 5824 2159 5905 abstrusa
2191 5840 2258 5906 ac
2290 5826 2588 5883 recondita.
2633 5826 2788 5910 Unde
2833 5847 2929 5901 qui
2968 5846 3000 5885 a
3042 5829 3283 5896 Nicolao,
3319 5832 3478 5889 Basi-

1910 5893 2015 5950 lulc
2049 5905 2370 5967 caeterisque
2415 5908 2693 5970 propagati
2729 5913 2957 5955 arcanas
2988 5899 3513 5974 quasdaxxxqugn„

3171 5985 3260 6040 ΚΧ
