3850 6517
305 415 374 474 2⁰
1597 407 1656 463 S.
1690 404 2032 463 ΕΡΙΡΗΑΝΙΙ
2072 406 2249 463 VITA.
3468 400 3538 459 50

315 510 380 564 Ἦ
402 508 459 564 δὲ
487 509 672 580 μήτηρ
710 504 1025 575 Ἐπιφανίου
1052 503 1335 559 ἀκούσασα
1358 503 1509 575 παρὰ
1530 503 1620 556 τοῦ
1645 502 1871 573 νομικοῦ
1903 509 1944 562 Α
1984 503 2249 558 audiisset
2295 518 2326 558 a
2359 502 2691 573 legisperito,
2717 499 2875 557 valde
2929 499 3106 557 laetata
3159 505 3245 555 est
3284 514 3300 553 ι
3333 504 3388 555 et
3410 511 3535 555 eum

304 598 502 664 ταῦτα,
549 596 722 668 ἐχάρη
763 594 929 658 πολὺ,
962 594 1055 647 καὶ
1088 592 1327 647 λαδοῦσα
1365 591 1700 661 Ἐπιφάνιον,
1732 609 1870 664 παρ·

304 686 503 740 ἐδωκεν
536 683 698 738 αὐτὸν
726 682 1071 754 παραχρῆμα
1100 683 1181 746 εἰς
1210 680 1345 736 υῑόν.
1388 681 1463 734 Τὸ
1494 681 1552 739 δὲ
1579 681 1748 750 ὄνομα
1777 681 1870 735 τοῦ

301 773 532 847 νομικοῦ
556 772 798 828 εκαλεῖτο
826 771 1081 844 Τρύφων.
1101 766 1280 836 Ὀὗτος
1309 762 1454 842 εἶχεν
1481 770 1750 842 θυγατέρα
1777 787 1874 841 μο-

305 865 533 938 νογενῆ·
558 861 807 918 ὲόούλετο
833 863 894 918 δὲ
923 861 1124 935 ταύτην
1158 860 1413 928 συζεῦξαι
1454 861 1777 933 Ἐπιφανίῳ.

380 955 464 1011 13'.
509 954 567 1009 '0
606 951 699 1010 οὖν
720 952 965 1026 ’Τρύφων
1015 952 1196 1008 λαὸὼν
1251 953 1563 1025 Ἐπιφάνιον
1607 955 1686 1018 εἰς
1735 954 1869 1016 υἱὸν,

313 1044 616 1100 ἐπαίδευσεν
668 1045 832 1099 αύτδν
880 1044 1130 1117 ὲμπόνως
1170 1044 1239 1100 τὰ
1286 1044 1382 1098 τοῦ
1433 1044 1597 1116 νόμου
1615 1083 1632 1110 ,
1671 1046 1764 1099 καὶ
1803 1043 1872 1098 τά

318 1140 542 1210 στοιχεῖα
576 1137 648 1192 τὰ
691 1136 956 1209 Ἐδραῖκά
984 1135 1122 1207 μετὰ
1151 1134 1452 1207 ἀκριὸείας.
1492 1134 1871 1205 Ἐτελεύτησεν

311 1233 364 1288 δὲ
388 1234 419 1305 ή
444 1233 693 1303 θυγάτηρ
729 1231 822 1286 τοῦ
853 1229 1147 1303 Τρύφωνος
1166 1269 1182 1294 ,
1223 1229 1315 1284 καὶ
1361 1228 1522 1299 μόνος
1561 1228 1871 1298 Ἐπιφάνιος

303 1319 369 1397 ἥν
388 1325 448 1378 ἑν
469 1324 546 1397 τῷ
572 1323 708 1394 οἴκῳ
728 1321 892 1378 αὐτοῦ
921 1321 1243 1394 προκόπτων
1263 1321 1357 1375 καὶ
1372 1322 1440 1392 τῇ
1460 1320 1666 1393 ἡλικίᾳ,
1687 1321 1780 1374 καὶ
1802 1322 1869 1391 τῇ

302 1415 464 1488 σοφία
487 1416 553 1487 τῇ
597 1412 878 1485 Ἐὕραῐκῇ.
911 1411 1115 1484 Συνέᾶη
1149 1411 1206 1465 δὲ
1243 1411 1445 1466 καὶτὸν
1487 1410 1753 1485 Τρύφωνα
1784 1427 1873 1465 τε·

216 1518 221 1522 ’
300 1509 580 1580 λευτῆσαι·
621 1509 718 1563 καὶ
750 1510 930 1562 πᾶσαν
952 1505 1053 1577 τὴν
1074 1503 1342 1577 ὑπόληψιν
1365 1503 1531 1559 αὐτοῦ
1559 1502 1874 1574 κατέλειψεν

280 1594 636 1672 ”Ειαφανίῳ.
673 1599 1052 1671 Ἐτελεύτησεν
1093 1597 1150 1651 δὲ
1193 1599 1288 1653 καὶ
1328 1600 1365 1670 ή
1411 1598 1592 1670 μήτηρ
1644 1599 1873 1668 Ἐπιφα·

299 1691 436 1746 νίου.
480 1690 709 1744 Ἔλαὸεν
754 1689 812 1743 δὲ
849 1688 1165 1759 Ἐπιφάνιος
1195 1686 1292 1758 τὴν
1321 1685 1520 1740 ἑαυτοῦ
1552 1685 1783 1758 ἀδελφὴν
1812 1689 1873 1740 ὲν

299 1779 380 1850 τῷ
404 1779 540 1852 οἴκῳ
562 1778 640 1851 τῷ
669 1779 773 1833 ὑπὸ
802 1777 897 1833 τοῦ
926 1777 1222 1850 Τρύφωνος
1251 1776 1664 1846 καταλειφθέντι
1695 1777 1866 1848 αὐτῷ·

303 1871 398 1924 καὶ
421 1865 560 1943 ἦσαν
583 1871 634 1925 oi
653 1869 752 1943 §tio
772 1870 890 1942 ἅμα
912 1870 974 1925 ὲν
991 1868 1072 1940 τῷ
1100 1869 1235 1940 οἴκῳ
1264 1871 1324 1923 ὲν
1353 1867 1517 1938 πολλῇ
1544 1869 1871 1923 καταστάσει

306 1960 422 2032 βίου
467 1961 607 2017 κατὰ
661 1961 758 2034 τὴν
829 1960 1052 2034 διδαχὴν
1115 1959 1431 2032 Τρύφωνος.
1490 1956 1751 2024 Ἐξελθὼν
1813 1958 1872 2012 δὲ

317 2050 625 2121 Ἐπιφάνιος
665 2052 725 2105 ἐν
753 2053 821 2123 τῇ
860 2049 1021 2122 κώμῃ
1043 2090 1059 2114 ,
1112 2050 1172 2101 ὲν
1213 2041 1249 2122 ᾖ
1281 2045 1543 2118 ἐγεννήθη
1571 2086 1587 2112 ,
1625 2048 1685 2101 ὲν
1715 2041 1751 2120 ᾗ
1780 2049 1875 2102 καὶ

298 2139 398 2214 τήν
427 2141 615 2214 κτῆσιν
634 2137 783 2213 εἶχεν
809 2142 905 2215 τήν
934 2139 1386 2211 καταλειφθεῖσαν
1417 2138 1568 2211 αὐτῷ
1598 2138 1706 2195 ὑπὸ
1738 2137 1875 2209 'rpo-

301 2246 499 2300 φωνος,
516 2231 828 2304 ὑπήντησεν
862 2229 1012 2301 αύτῷ
1031 2232 1171 2302 ἁνήρ
1195 2247 1281 2295 τις
1302 2228 1628 2302 Χριστιανὸς
1647 2229 1872 2298 ὀνόματι

299 2319 628 2385 Λουκιανὸς.
657 2319 965 2392 θαυμαστὸς
1003 2321 1096 2374 καὶ
1135 2320 1310 2390 λόγιος
1331 2360 1346 2385 ,
1391 2321 1482 2373 τὸν
1517 2319 1729 2390 μονήρη
1758 2317 1872 2388 βίον

301 2408 664 2481 διερχόμενος,
691 2411 886 2482 τέχνην
910 2410 1048 2482 ἔχων
1077 2411 1172 2483 τὴν
1204 2409 1298 2465 τοῦ
1327 2410 1719 2482 καλλιγράφου,
1740 2407 1874 2462 ταύ-

304 2515 376 2572 τῃ
403 2517 465 2553 τε
493 2502 941 2573 προσκαρτερῶν,
967 2503 1027 2571 εξ
1053 2503 1221 2576 αὐτῆς
1244 2502 1336 2558 τὸν
1361 2501 1522 2574 ἄρτον
1564 2501 1868 2573 ἐπορίζετο,

310 2587 410 2640 καὶ
450 2587 514 2641 τὸ
557 2589 878 2658 περισσεῦον
916 2591 1154 2646 ὶπεδίδου
1197 2596 1307 2658 τοῖς
1346 2594 1637 2666 δεομένοις.
1676 2593 1735 2646 '0
1775 2587 1870 2646 οὖν

327 2676 643 2746 Ἐπιφάνιος
659 2673 732 2750 ἦν
760 2678 1101 2750 ὲπιὸεδηκὼς
1128 2683 1219 2734 επὶ
1247 2683 1555 2750 ὑποζύγιον.
1592 2685 1650 2737 '0
1679 2684 1735 2736 δὲ
1769 2702 1871 2755 μα-

303 2767 537 2838 καρίτης
575 2767 877 2832 Λουκιανὸς
925 2763 995 2839 ἦν
1034 2770 1351 2841 περιπατῶν
1397 2772 1455 2829 ὲν
1497 2774 1562 2843 τῇ
1605 2771 1731 2843 όδιῖι,
1777 2774 1870 2827 καὶ

299 2859 641 2930 συνήντησαν
665 2859 970 2931 ἀμφότεροι
997 2860 1267 2932 ἀλλήλοις.
1307 2862 1508 2934 Συνέόη
1541 2863 1631 2925 δὲ,
1667 2865 1871 2936 πένητά

295 2964 419 3005 τινα
458 2948 810 3004 ὲπιλαόέσθαι
851 2950 964 3004 τῶν
1019 2950 1197 3007 ποδῶν
1239 2953 1536 3008 Λουκιανοῦ
1557 2971 1574 2987 ·
1596 2956 1694 3009 καὶ
1721 2955 1868 3025 λέγει

299 3039 438 3110 πρὸς
462 3039 652 3095 αὐτόν·
683 3039 974 3113 Ἄνθρωπε
1018 3039 1113 3095 τοῦ
1156 3040 1291 3096 Θεοῦ
1311 3083 1328 3108 ,
1358 3042 1585 3114 ἐλέησόν
1635 3061 1739 3115 με,
1786 3045 1868 3098 ὅτι

293 3133 443 3203 τρεῖς
467 3131 677 3207 ἡμέρας
703 3131 815 3202 ἔχω
840 3131 1025 3196 άσιτος
1050 3131 1332 3199 διατελῶν,
1370 3134 1446 3206 μὴ
1479 3134 1620 3205 ἔχων
1640 3134 1869 3205 ἐμαυτῷ
1896 3170 1941 3233 G

295 3222 480 3295 μηδὲν.
520 3224 581 3278 Ὀ
614 3223 675 3279 δὲ
702 3224 974 3296 μακάριος
1000 3223 1299 3288 Λουκιανὸς
1316 3263 1334 3288 ,
1381 3224 1458 3296 μὴ
1483 3224 1623 3296 ἔχων
1650 3226 1704 3280 τί
1732 3227 1871 3281 ἀπο·

295 3314 477 3369 δοῦναι
505 3312 583 3385 τῷ
617 3313 833 3385 πένητι,
874 3313 939 3367 τὸ
981 3313 1329 3386 περιῦόλαιον
1357 3314 1524 3368 αὐτοῦ
1556 3316 1874 3371 ἀποσκεπά-

302 3422 401 3470 σας
434 3406 671 3460 ἐπεδίδου
692 3449 708 3474 ,
755 3406 931 3475 λέγων
951 3423 966 3438 ·
994 3406 1216 3468 Εἰσελθε
1249 3409 1308 3461 ὲν
1337 3408 1404 3477 τῇ
1431 3405 1584 3462 πόλει
1605 3445 1625 3469 ,
1657 3409 1750 3462 καὶ
1778 3408 1870 3462 πί-

296 3513 506 3568 πρασον
536 3496 712 3562 τοῦτο,
741 3498 834 3552 καὶ
856 3496 1059 3569 ὤνησαι
1087 3497 1306 3570 ἄρτους.

363 3587 456 3654 G'.
494 3585 552 3640 Ὁ
582 3585 640 3641 δὲ
683 3585 997 3655 Ἐπιφάνιος
1026 3586 1358 3658 προσέσχεν,
1391 3587 1477 3640 ὅτι
1506 3585 1584 3650 ὡς
1630 3585 1871 3641 ἀπεσκέ-

292 3694 463 3732 πασεν
494 3677 684 3733 ἑαυτὸν
705 3679 1021 3744 Λουκιανὸς,
1053 3678 1149 3734 καὶ
1169 3678 1372 3733 ἔδωκεν
1392 3676 1473 3749 τῷ
1501 3677 1716 3748 πένητι,
1744 3677 1874 3732 θεω·

295 3771 383 3842 ρεῖ
410 3767 608 3840 λευκήν
634 3768 823 3842 στολὴν
848 3769 944 3825 ἀπ’
974 3769 1206 3841 ούρανοῦ
1236 3767 1602 3824 κατελθοῦσαν
1625 3771 1720 3823 καὶ
1743 3787 1871 3824 σκε-

291 3850 543 3917 πᾶσασαν
569 3860 752 3914 αὐτόν.
786 3859 903 3913 Καὶ
944 3857 1192 3926 ὲφοὸήθη
1232 3858 1549 3924 Ἐπιφάνιος
1586 3858 1751 3926 φόὸου
1779 3861 1873 3930 με-

293 3969 397 4020 γαν
415 3969 430 3984 ·
476 3952 574 4004 καὶ
607 3948 791 4002 πεσὼν
839 3947 934 3997 επὶ
977 3943 1287 4016 πρόσωπον,
1333 3945 1496 4016 ῥίψας
1535 3947 1723 4003 ἑαυτὸν
1766 3951 1873 4004 ἀπὸ

303 4037 630 4102 ὑποζυγίου,
652 4031 806 4087 εἶπεν
849 4031 983 4103 πρὸς
1009 4034 1303 4089 Λουκιανόν
1325 4051 1339 4066 ·
1387 4036 1584 4106 Δέομαί
1623 4056 1737 4105 σου,
1781 4043 1872 4096 ἄν·

312 4127 526 4198 θρωπε,
565 4126 713 4180 εἰπόν
741 4143 862 4197 μοι·
888 4127 972 4191 τίς
992 4122 1079 4193 eh
1116 4127 1173 4182 ’0
1202 4127 1258 4182 δὲ
1284 4129 1550 4202 μακάριος
1577 4133 1870 4200 Λουκιανὸς

206 4226 214 4232 ’
311 4215 461 4276 εἶπεν
497 4219 637 4292 πρὸς
671 4220 1012 4290 Ἐπιφάνιον·
1057 4219 1228 4276 Εἰπόν
1281 4239 1373 4293 μοι
1418 4222 1506 4289 σὺ,
1543 4223 1702 4289 ποίας
1739 4226 1872 4298 θρη-

308 4313 492 4377 σκείας
519 4313 801 4384 ὑπάρχεις,
822 4310 997 4384 ,κάγὼ
1024 4311 1308 4383 ἅναγγελῶ
1355 4331 1442 4369 σοι
1473 4316 1542 4370 τὰ
1582 4320 1702 4371 κατ’
1745 4319 1866 4388 ἐμὲ.

311 4401 603 4475 Ἀπεκρίθη
655 4402 966 4473 Ἐπιφάνιος
986 4440 1002 4466 ,
1054 4401 1150 4456 καὶ
1197 4398 1384 4457 εἶπεν·
1425 4404 1674 4468 Ἰουδαῖός
1725 4407 1864 4477 εἰμι.

1979 595 2274 664 accepisset
2306 593 2690 662 Epiphanium,
2717 607 2844 649 eum
2879 589 3187 663 legisperito
3222 589 3405 643 statim
3438 589 3531 644 de·

1952 684 2056 758 ⁴dit
2094 684 2148 737 in
2183 682 2375 737 filium.
2425 681 2555 736 Erat
2587 681 2901 753 legisperito
2923 681 3002 736 iiii
3029 695 3226 735 nomen
3257 676 3535 748 Tryphon,

1976 775 2069 845 qui
2097 773 2289 828 hahuit
2324 770 2491 826 tiliam
2534 771 2892 843 unigenitam.
2920 771 3241 839 volebatque
3263 782 3384 823 eant
3403 767 3539 837 jun-

1971 882 2095 939 gere
2130 865 2451 935 Epiphanio.

2050 955 2115 1012 V.
2156 956 2293 1011 Cum
2324 955 2507 1025 itaque
2529 952 2786 1025 Tryphon
2827 949 3194 1021 Epiphanium
3238 948 3539 1019 accepisset

1974 1049 2030 1105 iu
2068 1047 2263 1115 tilium,
2314 1058 2652 1117 quaecunque
2709 1054 2837 1100 sunt
2883 1043 3015 1113 tegis
3075 1057 3203 1097 eum
3253 1042 3541 1113 diiigenter

1972 1139 2185 1203 docuit,
2214 1149 2268 1194 et
2296 1138 2563 1193 eienienta
2600 1133 2864 1191 Hebraica
2895 1141 3170 1188 accurate.
3210 1131 3421 1187 Mortua
3460 1142 3545 1187 est

1974 1239 2156 1285 autem
2188 1228 2295 1282 fllia
2337 1227 2665 1299 Tryphonis,
2694 1225 2953 1295 solusque
2980 1223 3320 1293 Epiphanius
3343 1233 3460 1278 erat
3490 1223 3544 1277 in

1972 1319 2138 1376 domo
2173 1318 2318 1388 ejus,
2346 1316 2635 1387 proficiens
2666 1322 2825 1371 aetate
2847 1319 2902 1368 et
2940 1311 3207 1382 sapientia
3241 1309 3539 1367 hebraica.

1972 1411 2183 1468 Accidit
2217 1425 2370 1475 vero,
2403 1417 2463 1462 ut
2501 1405 2759 1478 Tryphon
2804 1417 3023 1475 quoque
3053 1399 3376 1456 decederet:
3422 1414 3541 1454 om-

1974 1517 2181 1574 nesque
2220 1499 2504 1556 facultates
2537 1511 2667 1553 suas
2697 1494 2921 1565 reliquit
2943 1492 3287 1564 :Epiphania
3331 1489 3542 1545 Mortua

1974 1603 2059 1651 est
2096 1602 2278 1648 autem
2333 1601 2507 1644 mater
2561 1601 2785 1658 quoque
2837 1583 3145 1657 Epiphanii.
3190 1580 3296 1648 Qui
3337 1581 3545 1649 aceepit

1976 1700 2217 1742 sororem
2245 1698 2401 1738 suam
2440 1682 2494 1736 iu
2520 1682 2704 1746 domo,
2734 1693 2856 1749 quae
2890 1691 2921 1731 a
2955 1674 3246 1747 Tryphone
3284 1672 3387 1728 sihi
3420 1671 3544 1726 reli·

1974 1788 2057 1832 cta
2109 1774 2305 1830 suerat.
2364 1770 2640 1840 Erantqne
2684 1769 2847 1824 ambo
2898 1765 3045 1823 domi
3086 1766 3145 1818 in
3192 1777 3387 1833 magna
3424 1761 3545 1816 vitae

1976 1862 2385 1933 tranquillitate,
2423 1858 2813 1913 conuenienter
2843 1854 3128 1920 doctrinas,
3186 1866 3353 1922 quam
3389 1865 3544 1905 aece-

1977 1962 2223 2025 peranta
2265 1951 2579 2022 Tryphone.
2614 1948 2851 2019 Egresso
2900 1954 3083 2001 autem
3135 1941 3438 2013 Epiphanio
3488 1941 3544 1996 in

1974 2047 2156 2103 vicum
2184 2045 2238 2099 in
2268 2058 2381 2114 quo
2410 2050 2575 2098 natus
2630 2039 2827 2102 iuerat,
2874 2037 2931 2092 in
2976 2049 3089 2107 quo
3116 2035 3283 2090 etiam
3312 2033 3544 2089 hahebat

1973 2133 2351 2205 possessiones
2405 2130 2624 2186 relictas
2662 2143 2693 2183 a
2738 2125 3051 2198 Tryphone,
3104 2124 3347 2180 occurrit
3382 2122 3432 2178 ei
3462 2122 3546 2177 vir

1972 2225 2199 2297 quidam
2226 2223 2592 2287 Christianus,
2619 2220 2837 2275 nomine
2867 2218 3161 2282 Lucianus,
3196 2215 3548 2272 admirandus

1973 2325 2027 2372 et
2067 2316 2337 2378 eruditus,
2382 2313 2477 2384 qui
2515 2313 2683 2368 vitam
2734 2310 3027 2367 exercebat
3070 2305 3454 2371 monasticam,
3492 2314 3546 2361 et

1971 2409 2238 2481 elegantis
2284 2407 2491 2463 librarii
2547 2414 2719 2460 artem
2777 2402 3025 2473 apprime
3084 2401 3339 2466 tenebat,
3385 2398 3547 2467 eique

1973 2510 2192 2560 strenue
2237 2512 2446 2554 nat-ans
2498 2510 2742 2567 operam.
2797 2508 2864 2550 ex
2901 2505 2969 2547 ea
3022 2505 3218 2563 panem
3271 2489 3549 2560 quaerehat

1970 2590 2350 2663 quotidianum
2397 2603 2415 2653 ;
2484 2595 2539 2643 ct
2593 2585 2741 2656 qttod
2798 2589 3081 2654 supererat
3113 2621 3134 2645 ,
3205 2578 3548 2650 impertiebat

1970 2681 2274 2755 egentibus.
2337 2680 2517 2750 Atque
2579 2676 2916 2749 Epiphanius
2967 2672 3186 2746 quidem
3238 2671 3546 2740 jumentum

1972 2774 2405 2831 conscenderat:
2453 2771 2647 2828 beatus
2683 2773 2863 2824 autem
2897 2766 3174 2823 Lucianus
3215 2763 3269 2818 in
3302 2764 3386 2818 via
3417 2776 3543 2817 am-

1974 2866 2214 2929 hutabat,
2242 2872 2296 2918 ct
2322 2863 2484 2919 aniho
2507 2861 2613 2917 sihi
2653 2860 2888 2916 invicem
2921 2868 3302 2914 occurrerunt.
3336 2854 3543 2913 Accidit

1972 2971 2121 3023 vero,
2146 2963 2217 3011 ut·
2232 2969 2438 3026 pauper
2464 2953 2687 3023 quidam
2724 2950 2888 3022 pedes
2907 2947 3137 3005 Luciani
3164 2950 3544 3020 prehenderet,

1970 3055 2027 3103 et
2061 3046 2112 3102 ei
2143 3044 2350 3102 diceret
2380 3060 2396 3098 z
2428 3040 2605 3098 Homo
2644 3039 2761 3106 Dei,
2794 3039 3056 3095 miserere
3088 3037 3193 3093 mci
3214 3054 3230 3103 ;
3251 3036 3365 3107 jam
3396 3036 3542 3091 euim

1973 3148 2085 3195 tres
2114 3137 2234 3195 dies
2271 3149 2566 3205 permaneo
2594 3133 2838 3203 jejunus,
2874 3138 2934 3187 ιιι
2976 3131 3070 3201 qui
3106 3129 3243 3185 nihtt
3292 3129 3542 3184 habeam.

1972 3227 2168 3286 Beatus
2219 3237 2399 3284 autem
2457 3225 2755 3289 Luciauus,
2804 3239 2932 3280 cum
2976 3221 3118 3278 nihii
3170 3220 3316 3277 aiiud
3364 3228 3543 3289 posset

1972 3321 2102 3377 dare
2128 3319 2373 3390 pauperi,
2403 3334 2465 3374 se
2493 3318 2697 3373 amictu
2723 3329 2948 3380 exuens,
2976 3329 3101 3370 eum
3141 3312 3218 3368 iiii
3247 3313 3437 3376 donat,
3461 3310 3543 3367 di-

1972 3424 2146 3466 eens:
2198 3407 2488 3481 Ingredere
2535 3407 2842 3474 civitatem,
2874 3416 2928 3462 et
2958 3406 3152 3470 vende,
3198 3414 3255 3460 et
3285 3420 3406 3458 ente
3447 3400 3547 3459 tihi

1973 3516 2159 3571 panes.

2043 3590 2132 3648 vt.
2165 3592 2411 3649 Advertit
2455 3599 2639 3648 autem
2684 3588 3046 3661 Epiphanius,
3096 3588 3243 3658 quod
3294 3604 3421 3644 cum
3484 3603 3543 3644 se

1970 3683 2212 3741 exuisset
2251 3682 2549 3749 Lucienus,
2581 3691 2637 3739 et
2661 3681 2899 3738 dedisset
2940 3681 3186 3751 pauperi,
3215 3681 3383 3736 vestis
3406 3696 3539 3735 can-

1970 3775 2097 3832 dida
2126 3776 2195 3832 de
2238 3777 2378 3833 coeto
2404 3775 2738 3832 descendens
2768 3788 2897 3828 euin
2937 3779 3167 3828 texerat.
3210 3771 3406 3842 Magno
3439 3773 3543 3828 ita·

1970 3884 2079 3938 que
2117 3869 2310 3922 timore
2350 3866 2451 3922 suit
2484 3865 2713 3921 aflectus
2748 3863 3109 3934 Epiphanius,
3141 3878 3459 3933 pronusque
3486 3866 3541 3920 in

1969 3958 2163 4015 faciem
2190 3956 2389 4013 cadens
2427 3974 2457 4011 e
2484 3956 2753 4025 jumento,
2795 3956 2934 4012 dixit
2968 3953 3249 4011 Luciano:
3280 3953 3433 4025 Rogo
3470 3964 3541 4022 te,

1969 4069 2005 4108 o
2037 4053 2218 4118 homo,
2253 4050 2342 4105 dic
2378 4049 2511 4104 mihi
2544 4069 2559 4104 ;
2595 4050 2848 4119 quisnam
2876 4050 2973 4104 es?
3001 4048 3201 4103 Beatus
3230 4057 3409 4103 autern
3440 4047 3545 4105 Lu-

1969 4148 2161 4201 cianus
2190 4144 2327 4199 dixit
2359 4141 2665 4214 Epiphanio
2696 4160 2710 4197 z
2747 4140 2844 4196 Dic
2872 4141 3004 4196 mihi
3038 4153 3117 4207 tu,
3147 4140 3437 4211 cujusnam
3468 4141 3546 4196 sis

1969 4235 2267 4305 religionis,
2316 4243 2370 4289 et
2415 4249 2520 4304 cgo
2569 4247 2748 4287 meam
2804 4231 2902 4286 tihi
2938 4229 3195 4285 reserant.
3248 4228 3545 4300 Respondit

1971 4321 2325 4393 Epiphanius,
2379 4331 2434 4377 et
2460 4321 2599 4376 dixit
2634 4338 2647 4374 ε
2689 4319 2822 4374 Sum
2874 4317 3115 4375 Judaeus.
3162 4316 3324 4375 Novit
3359 4321 3545 4389 itaque

1968 4413 2243 4470 Lucienus
2276 4413 2505 4485 gratiam
2537 4412 2631 4468 Dei
2662 4412 2924 4468 cecidisse
2954 4425 3118 4481 super
3147 4406 3539 4481 Epiphanium.

290 4489 483 4564 Ἔγνω
508 4490 601 4548 οὖν
617 4494 928 4559 Λουκιανὸς,
963 4493 1045 4547 ὅτι
1081 4494 1241 4566 χάρις
1266 4493 1402 4549 Θεοῦ
1432 4495 1701 4550 ἐπέπεσεν
1731 4498 1868 4568 πρὸς
1896 4517 1947 4578 1)
1970 4503 2102 4560 Nam
2141 4505 2541 4574 prescientiam
2575 4518 2794 4576 quoque
2825 4503 3058 4561 habehat
3101 4501 3397 4560 Lucienus.
3444 4503 3544 4561 Re-

312 4586 622 4657 Ἐπιφάνιον
639 4602 654 4616 ·
681 4582 750 4657 ἦν
778 4585 885 4656 γὰρ
912 4587 1010 4639 καὶ
1046 4586 1353 4658 πρόγνωσιν
1381 4587 1521 4658 ἔχων
1550 4589 1864 4654 Λουκιανός.

309 4676 601 4749 Ἀπεκρίθη
647 4677 945 4741 Λουκιανὸς
992 4677 1131 4749 πρὸς
1191 4679 1508 4752 Ἐπιφάνιον
1528 4694 1542 4708 ·
1605 4680 1728 4744 Πῶς
1779 4684 1864 4749 σὺ,

311 4766 558 4833 Ἰουδαῖος
579 4767 675 4835 ὢν,
712 4770 996 4840 ὲπερωτᾷς
1025 4769 1346 4842 Χριστιανὸν
1384 4770 1577 4841 μαθεῖν
1603 4771 1686 4836 τίς
1715 4773 1863 4844 εἰμι;

296 4860 380 4912 ὃτι
433 4858 701 4932 βδέλυγμα
731 4862 784 4915 οἱ
823 4861 1066 4915 Ἰουδαῖοι
1118 4863 1231 4924 τοῖς
1277 4863 1620 4931 Χριστιανοίς
1642 4904 1658 4929 ,
1692 4863 1866 4918 καὶοί

297 4946 614 5016 Χριστιανοὶ
640 4950 751 5012 τοῖς
783 4948 1075 5014 Ἰουδαίοις.
1103 4949 1234 5004 Ἰδοὺ
1258 4947 1321 5020 δὴ
1339 4949 1598 5020 ἤκουσας,
1626 4953 1710 5006 ὅτι
1734 4956 1868 5027 Χρι-

189 5069 199 5078 ·
297 5038 510 5102 στιανός
554 5039 703 5110 εἰμι·
732 5039 831 5093 οὐκ
865 5040 1073 5108 ἔξεστίν
1113 5059 1198 5096 σοι
1221 5040 1348 5096 άλλο
1386 5059 1441 5096 τι
1472 5042 1703 5098 ἀκοῦσαι
1735 5050 1866 5118 παρ’

296 5126 452 5198 ἐμοῦ.
485 5129 545 5182 ‘0
570 5128 630 5182 δὲ
674 5129 992 5199 Ἐπιφάνιος
1030 5127 1182 5186 εἶπεν
1214 5132 1351 5204 πρὸς
1393 5133 1722 5189 Λουκιανόν·
1757 5137 1868 5192 Καὶ

295 5219 351 5271 τί
376 5216 572 5273 κωλύει
595 5219 690 5275 τοῦ
713 5221 809 5275 καὶ
829 5222 932 5292 ἐμὲ
955 5224 1205 5290 γενέσθαι
1230 5225 1589 5297 Χριστιανόνς
1611 5227 1866 5301 Ἀπεκρί-

297 5309 365 5380 θη
412 5311 704 5373 Λουκιανὸς
757 5313 851 5367 καὶ
890 5308 1046 5368 εἶπεν
1068 5331 1083 5346 ·
1137 5315 1210 5370 Tb
1283 5316 1357 5388 μὴ
1403 5315 1576 5371 θέλειν
1634 5318 1867 5373 κωλύει·

296 5399 359 5453 το
417 5399 530 5473 γάρ
588 5400 760 5457 θέλειν
840 5405 918 5476 (α)
977 5407 1261 5478 πάρεστιν.
1314 5407 1754 5478 Κατανυχθέντος
1811 5411 1868 5466 δὲ

310 5487 630 5561 Ἐπιφανίου
681 5494 774 5548 ἐπὶ
841 5499 955 5562 τοῖς
1025 5497 1204 5566 λόγοις
1266 5498 1566 5554 Λουκιανοῦ
1591 5541 1607 5567 ,
1685 5502 1867 5556 οὐκέτι

299 5579 569 5652 ἐπορεύθη
590 5583 731 5656 πρὸς
752 5585 1041 5658 ἐπίσκεψιν
1060 5589 1161 5661 τῆς
1194 5587 1389 5643 ἑαυτοῦ
1421 5593 1666 5662 κτήσεως
1686 5607 1700 5622 ·
1730 5592 1866 5648 ἀλλὰ

303 5670 484 5725 λαὸὼν
510 5673 824 5744 Λουκιανὸν,
853 5680 1169 5751 εἰσήνεγκεν
1192 5681 1352 5738 αὑτὸν
1383 5684 1462 5747 εἰς
1478 5683 1571 5738 τὸν
1597 5679 1742 5738 οἷκον
1769 5686 1866 5739 αὐ·

377 5787 452 5855 (α)
475 5786 729 5849 Fortasse
751 5793 1005 5850 δύνασθαι
1021 5836 1034 5850 .

1968 4594 2188 4667 spondit
2236 4610 2367 4665 ergo
2438 4594 2738 4659 Lucienus,
2793 4603 2848 4650 et
2894 4596 3033 4650 dixit
3078 4590 3425 4665 Epiphanio:
3478 4594 3545 4652 Et

1965 4685 2244 4755 quomodo
2287 4696 2342 4740 tu
2376 4699 2501 4740 cuni
2550 4686 2627 4740 sis
2661 4685 2903 4746 Judaeus,
2951 4699 3113 4754 rogas
3143 4684 3541 4756 Christianum,

1966 4778 2222 4847 quisnam
2275 4778 2385 4834 sit?
2420 4777 2733 4833 Abhorrent
2776 4775 2921 4831 enini
2969 4777 3268 4834 Christiani
3298 4778 3541 4846 Judaeos,

1963 4878 2018 4923 et
2042 4869 2214 4924 ‹iudaei
2239 4870 2607 4928 Christianos.
2640 4872 2780 4926 Ecce
2805 4870 3070 4928 audivisti
3115 4887 3204 4928 me
3231 4887 3355 4930 esse
3382 4874 3543 4932 Chri-

1965 4961 2204 5015 stianum
2233 4979 2248 5015 ι
2284 4978 2393 5016 non
2424 4962 2549 5017 iicet
2578 4963 2671 5018 tihi
2707 4962 2897 5021 audire
2925 4981 2992 5022 cx
3014 4980 3101 5021 me
3133 4967 3343 5038 aliquid
3367 4970 3539 5029 aliud.

1968 5049 2307 5122 Epiphanius
2342 5062 2525 5108 sutem
2556 5055 2696 5112 dixit
2745 5055 2988 5114 Luciano
3016 5075 3033 5113 ι
3064 5055 3132 5113 Et
3176 5060 3308 5130 quid
3336 5063 3539 5134 obstat,

1965 5158 2076 5213 quo
2105 5143 2287 5202 minus
2314 5158 2418 5218 ego
2442 5161 2662 5220 quoqne
2687 5150 2791 5204 sini
2823 5150 3207 5206 Christianus?
3246 5151 3544 5228 Respondit

1968 5234 2263 5302 Lucianus,
2297 5248 2354 5294 et
2385 5239 2524 5294 dixit
2556 5259 2569 5295 ι
2605 5240 2663 5296 id
2698 5254 2869 5295 unuin
2921 5241 3120 5308 obstat,
3150 5247 3296 5317 quod
3347 5251 3492 5310 nolis
3523 5267 3540 5308 ε

1965 5327 2092 5384 licet
2118 5330 2285 5396 enini,
2316 5333 2362 5387 si
2396 5332 2554 5387 veiis.
2594 5332 2823 5387 Luciani
2851 5342 3032 5390 nutem
3057 5339 3239 5396 verhis
3271 5355 3543 5414 compun-

1965 5430 2088 5475 ctus
2126 5418 2486 5491 Epiphanius,
2522 5436 2632 5477 non
2688 5424 2925 5492 perrexit
2965 5429 3201 5500 amplius
3253 5433 3318 5489 sd
3347 5435 3542 5494 viden·

1964 5512 2089 5568 darn
2124 5529 2282 5568 suain
2328 5515 2729 5584 possessionem
2764 5534 2779 5570 ι
2831 5519 2926 5576 sed
2956 5524 3165 5594 accepit
3210 5523 3540 5594 Lucianuni,

1965 5613 2020 5659 ct
2042 5605 2346 5659 introduxit
2387 5605 2440 5660 in
2469 5607 2694 5664 domuin
2729 5625 2907 5682 suani,
2940 5631 3061 5687 quae
3101 5619 3151 5673 ei
3196 5619 3383 5676 relicta
3434 5622 3545 5681 fue·

1972 5705 2074 5757 rat,
2112 5704 2165 5750 ct
2195 5697 2432 5753 ostendit
2464 5700 2512 5755 ci
2539 5701 2744 5769 onmia,
2776 5719 2898 5777 qum
2921 5709 3067 5765 «icini
3103 5717 3281 5780 crant,
3308 5711 3499 5771 dicens
3525 5730 3540 5771 ι
