3850 6517
392 436 497 496 251

1806 432 1864 489 S.
1906 431 2245 489 EPtPnANtt

3540 431 3645 488 252

393 551 684 623 concipere
729 549 954 607 minime
1012 546 1310 621 potuimus.
1351 545 1538 618 Neque
1595 547 1664 603 lis
1716 546 1961 603 contenti
1991 557 2038 615 Α
2064 543 2264 618 ζόμενα
2293 545 2370 618 (8)
2393 545 2473 610 εἰς
2500 545 2731 618 ἀριθμὸν
2761 549 3040 616 στοιχείων
3070 542 3221 615 παρὰ
3237 543 3346 607 vot<
3364 541 3648 615 πεπλανη-

280 685 300 695 ,
392 643 560 698 etiam
593 640 839 696 coelestia
869 640 960 694 illa
992 640 1167 710 signa,
1207 653 1332 709 quae
1362 635 1753 708 quadrifarium
1778 650 1968 692 errore

392 722 693 786 vanissimo
736 744 835 800 pro
870 729 1265 785 elementorum
1300 741 1525 783 numero
1558 725 1966 782 distribuuntur

390 816 499 888 35
530 815 718 884 (Zodia
744 816 909 888 vulgo
940 814 1264 887 nominant),
1292 830 1321 869 a
1348 815 1550 887 quibus
1581 812 1873 884 impietatis
1908 813 1963 868 in

391 905 658 961 mundum
690 913 984 977 propagata
1014 913 1143 962 sunt
1171 906 1401 970 semina,
1435 905 1562 971 ista,
1595 905 1839 975 inquam,
1883 903 1962 958 illi

392 995 658 1054 fleltraice
680 998 753 1053 ita
791 996 1147 1064 reddiderunt
1185 1014 1200 1052 ι
1235 996 1421 1058 Telaa.
1455 995 1581 1059 Sor,
1618 993 1835 1061 Tomin,
1870 993 1965 1049 Sa·

388 1094 589 1150 ratam,
619 1088 733 1153 Ari,
771 1086 1017 1153 Betbula,
1046 1087 1322 1154 Mezenae,
1361 1086 1564 1150 Acrab,
1591 1084 1776 1151 Keset,
1801 1083 1961 1150 Gadi,

388 1164 610 1242 flalmii,
648 1176 888 1249 Deggim.
922 1177 1079 1233 Hunc
1108 1179 1164 1233 in
1198 1178 1416 1234 modum
1452 1178 1711 1234 Pharisaei
1744 1177 1964 1234 Graeco·

387 1281 512 1322 rum
536 1269 765 1340 vestigia
797 1270 1092 1339 persecuti,
1138 1269 1324 1326 eadem
1355 1270 1425 1325 ab
1454 1269 1540 1325 bis
1580 1277 1841 1340 usurpata
1871 1285 1967 1325 vo-

387 1357 582 1413 cabula
628 1356 909 1415 Hebraicis
956 1358 1184 1416 vocibus
1233 1359 1573 1430 interpretati
1619 1367 1781 1426 sunt;
1836 1376 1963 1415 nam

387 1445 546 1503 Aries
574 1449 622 1504 is
653 1455 758 1516 est,
789 1464 950 1520 quem
980 1448 1144 1506 Telaa
1196 1458 1533 1523 nuncupant.
1576 1450 1791 1508 Taurus
1835 1451 1961 1516 Sor,

385 1534 600 1593 Gemini
629 1537 862 1604 Tomim,
891 1540 1102 1597 Cancer
1136 1538 1349 1609 Sarata,
1387 1540 1497 1596 Leo
1521 1541 1636 1604 Ari,
1667 1540 1834 1612 Virgo
1864 1541 1963 1597 Be·

2077 635 2258 706 μένοις
2279 636 2538 708 ὀνόματα,
2573 634 2610 689 ἃ
2645 634 2809 700 ζώδια
2841 635 3085 699 καλοῦσι,
3127 631 3221 686 καὶ
3246 631 3520 703 ἀθεμίτως
3554 633 3657 689 τὸν.

2072 725 2275 797 κόσμον
2303 727 2382 791 είς
2401 725 2654 780 ἀσέόειαν
2691 725 3020 795 ὲπλάνησαν.
3057 723 3212 777 Οὕτω
3234 722 3393 777 πάλιν
3426 723 3648 795 Ἐόραῖ-

2071 815 2184 880 κῶς
2205 817 2343 871 αὐτὰ
2390 816 2648 871 καλοῦσι·
2683 817 2881 877 Τέλαα,
2933 815 3073 886 Σὼρ,
3104 814 3323 884 Θωμὶμ,
3357 815 3644 885 Σαρατάμ,

2074 886 2221 980 Ἅρι,
2249 906 2506 972 Βεθουλά,
2526 907 2785 979 Μωζανὴ,
2822 905 3046 978 Ἀκράό,
3064 905 3259 969 Κεσὲτ,
3277 905 3427 965 Γαδὶ,
3452 904 3645 976 Δαλμὶ,

2071 998 2299 1070 Δεγγίμ.
2324 1000 2531 1064 Οίτινες
2553 1002 2666 1063 τοῖς
2698 999 2924 1070 Ἕλλησι
2964 998 3162 1069 μάτην,
3189 996 3330 1066 λέγω
3367 995 3431 1069 δὴ
3460 997 3509 1050 οἱ
3537 999 3647 1051 ᾦα·-

2073 1095 2289 1163 ρισαίοι,
2306 1093 2769 1166 ἀκολουθήσαντες
2787 1093 3176 1163 μετωνόμασαν
3187 1093 3267 1155 είς
3280 1091 3378 1163 τὴν
3392 1090 3648 1162 Ἑόραῖδα

2068 1183 2137 1237 τὰ
2168 1183 2307 1237 αὐτὰ
2331 1184 2573 1254 ὀνόματα
2599 1183 2740 1238 οὕτω
2763 1200 2778 1216 ·
2811 1183 2981 1254 Κριὸν
3017 1182 3081 1253 δὴ
3116 1183 3228 1245 τοῖς
3263 1179 3394 1252 παρ’
3418 1180 3646 1246 ἐκείνοις

2068 1273 2363 1345 λεγόμενον
2404 1275 2601 1337 Τέλαα,
2654 1274 2867 1347 Ταῦρον
2916 1273 3057 1346 Σὼρ,
3115 1273 3380 1343 Διδύμους
3424 1271 3646 1342 Θωμὶμ,

2070 1365 2346 1436 Καρκῖνον
2375 1367 2643 1438 Σαράταν,
2677 1365 2882 1420 Λέοντα
2910 1366 3058 1433 Ἀρι,
3094 1364 3368 1435 Παρθένον
3388 1361 3643 1426 Βεθουλά,

2070 1456 2241 1526 Ζυγδν
2274 1457 2537 1528 Μωζανὴ,
2576 1455 2842 1528 Σκορπίον
2901 1454 3107 1526 'saepae
3128 1494 3142 1519 ,
3185 1453 3418 1526 Τοξότην
3445 1455 3642 1521 meh,

2070 1548 2381 1618 Αίγόκερων
2419 1549 2571 1610 ram.
2618 1548 2908 1620 Ὑδρηχόον
2963 1546 3115 1611 Δαλὶ,
3163 1545 3373 1616 ’ἰχθύας
3417 1545 3642 1617 Δεγγίμ.

384 1631 562 1700 titula,
602 1633 762 1688 Libra
803 1632 1049 1699 Mozane,
1094 1633 1356 1706 Scorpius
1412 1635 1615 1703 Acrab‚
1665 1635 1998 1707 Sagittarius
2062 1639 2249 1711 Keset,
2294 1642 2667 1713 Capricornus
2710 1640 2866 1707 Gadi,
2930 1640 3207 1711 Aquarius
3257 1637 3409 1705 Dali,
3459 1638 3651 1696 Pisces

385 1721 607 1794 Deggim
635 1726 996 1795 appellantur.

455 1813 548 1871 lll.
607 1812 712 1871 Sed
760 1815 876 1873 ltaec
930 1817 1112 1872 omnia
1171 1831 1515 1888 nequaquam
1575 1818 1641 1872 ad
1693 1818 1963 1872 lectorum
1997 1821 2038 1876 B
2138 1815 2211 1870 Γ.
2241 1815 2427 1870 Ταῦτα
2461 1816 2518 1871 δέ
2551 1833 2638 1888 μοι
2654 1815 2753 1868 οὐκ
2784 1816 2864 1877 εἰς
2898 1810 3187 1885 στρόὂησιν
3211 1810 3287 1883 (9)
3314 1811 3425 1865 τῶν
3454 1813 3649 1885 imf-

379 1898 679 1970 perniciem
707 1915 1134 1959 commemorare
1167 1905 1512 1962 studuimus:
1554 1920 1732 1976 neque
1752 1906 1820 1960 ad
1853 1919 1952 1962 eo-

382 2004 508 2044 rum
554 1991 847 2046 vanitatem
900 1993 1407 2060 commendandam,
1453 1994 1546 2065 qui
1602 1994 1854 2050 stolidam
1905 2005 1960 2052 et

383 2078 627 2150 ineptam
671 2083 1017 2138 astronomiae
1066 2083 1348 2140 scientiam
1388 2084 1444 2139 in
1478 2084 1759 2141 bominum
1788 2087 1958 2142 vitam

382 2166 731 2227 invexerunt.
767 2170 914 2230 Satis
952 2174 1099 2229 illam
1126 2175 1211 2230 vis
1239 2175 1357 2245 ipsa
1382 2175 1629 2233 veritatis
1660 2183 1959 2248 expugnat,

381 2266 439 2318 et
483 2261 605 2333 ejus
648 2279 926 2330 errorem,
989 2265 1526 2337 inconstantiamque
1566 2267 1834 2336 coarguit.
1881 2266 1960 2322 Ac

379 2368 506 2410 cum
534 2369 636 2412 nos
669 2356 803 2412 alias
826 2356 1073 2428 pluribus
1112 2356 1374 2414 adversus
1412 2371 1509 2414 eos
1533 2356 1955 2427 disputavimmt,

381 2445 475 2516 qui
503 2447 843 2505 nativitatem
874 2464 938 2503 ac
961 2448 1131 2504 satum
1165 2449 1519 2505 astruebant:
1546 2455 1661 2502 tum
1689 2448 1747 2503 in
1775 2449 1958 2520 operis

380 2534 548 2606 hujus
569 2538 796 2593 exordio
817 2535 1069 2595 eumdem
1094 2554 1334 2596 errorem
1357 2539 1509 2595 brevi
1530 2540 1958 2611 reprehensione

377 2628 823 2698 perstrinximus».
863 2628 970 2684 Sed
1018 2645 1086 2685 ne
1125 2630 1248 2701 quis
1284 2633 1382 2703 pei·
1408 2630 1737 2685 calumniam
1775 2630 1957 2686 inees-

386 2731 511 2772 sere
543 2732 648 2773 nos
679 2719 991 2790 quempiam
1029 2727 1286 2790 putaret:
1319 2734 1423 2776 nec
1447 2734 1570 2791 qttae
1611 2728 1761 2776 certo
1795 2733 1826 2773 a
1855 2734 1960 2775 no·

375 2804 464 2863 bis
504 2817 727 2879 accepta
782 2810 1176 2882 explorataque
1223 2819 1431 2877 essent,
1491 2812 1549 2870 in
1595 2813 1831 2870 medium
1869 2812 1958 2868 al*-

450 2961 529 3030 (8)
573 2961 759 3017 Ἀλλὰ
789 2960 890 3016 καὶ
926 2962 999 3018 τὰ
1023 2964 1289 3033 ματαίως
1331 2962 1701 3034 νομιζόμενα.
1745 2964 1954 3022 Vellem

377 3030 584 3086 clarius
628 3032 742 3086 hacc
772 3033 886 3102 ipsa
933 3036 1171 3103 στοιχεῖα
1214 3033 1569 3090 declarasset.
1617 3034 1754 3091 Nam
1798 3036 1957 3091 valde

381 3108 467 3154 est
510 3099 826 3166 obscurum,
872 3103 1148 3170 quomodo
1194 3118 1271 3157 ιιι
1309 3104 1422 3158 baec
1463 3104 1742 3174 signorum
1790 3119 1957 3160 voca-

378 3168 510 3223 bula
559 3169 637 3232 εἰς
691 3169 923 3242 ἀριθμὸν
971 3170 1246 3244 στοιχείων
1300 3172 1630 3243 νομιζόμενα
1676 3175 1951 3231 dicantur.

380 3239 466 3292 An
494 3238 597 3293 ltoc
638 3239 827 3305 voluit,
864 3240 977 3296 haec
1014 3254 1045 3293 a
1068 3242 1362 3311 gentilibus
1398 3243 1543 3296 vetut
1574 3244 1862 3309 elementa,
1897 3253 1952 3299 et

379 3306 712 3378 στοιχειώδη,
738 3311 821 3365 vel
851 3310 1143 3382 συνέχοντα
1170 3309 1268 3364 τοῦ
1300 3311 1638 3383 ἀνθρωπίνου
1674 3312 1792 3383 βίου
1824 3329 1951 3370 esse

2070 1905 2342 1979 χανόντων
2370 1905 2788 1969 κατατέτακται,
2836 1903 2941 1959 οὐδ’
2988 1903 3075 1955 ἵνα
3114 1901 3214 1973 τὴν
3268 1901 3650 1972 χυδαιολογίαν

2061 1997 2171 2051 τῶν
2191 1998 2289 2069 τὴν
2315 1998 2613 2054 ἀσύστατον
2662 1997 2758 2050 καὶ
2801 1993 3140 2066 φρενοὸλαὸἦ
3187 1992 3521 2064 μωρολογίαν
3543 1996 3644 2068 τῆς

2061 2087 2427 2159 ἀστρονομίας
2452 2086 2531 2159 τῷ
2548 2086 2649 2158 βίῳ
2672 2083 3117 2158 παρεισαξάντων
3150 2072 3418 2154 συστήσω.
3453 2085 3644 2156 'Etsy-

2060 2196 2188 2234 κται
2212 2179 2321 2251 γὰρ
2352 2178 2491 2250 αὕτη
2527 2177 2751 2246 ὑπὸτῆς
2779 2174 3037 2248 ἀληθείας
3066 2173 3367 2238 ἀσύστατος
3386 2170 3519 2230 οὖσα
3546 2179 3643 2233 καὶ

2061 2268 2395 2340 ὲσφαλμένη.
2458 2267 2686 2339 Εἴρηται
2740 2264 2798 2318 δὲ
2836 2261 2931 2318 καὶ
2971 2265 3102 2333 ἡμῖν
3138 2263 3195 2315 ὲν
3227 2261 3406 2326 ἄλλοις
3463 2262 3643 2332 λόγοις

2066 2355 2236 2411 πολλὰ
2263 2357 2399 2428 πρὸς
2432 2354 2742 2428 ἀνατροπὴν
2780 2352 2887 2407 τῶν
2936 2352 3149 2430 γένεσιν
3180 2353 3272 2405 καὶ
3301 2352 3640 2426 εἱμαρμένην

2064 2447 2413 2518 νομιζόντων,
2454 2446 2546 2500 καὶ
2581 2445 2815 2518 μάλιστα
2843 2445 2902 2498 ὲν
2927 2442 3006 2515 τῷ
3033 2441 3299 2516 προοιμίῳ
3328 2443 3516 2498 τούτου
3542 2443 3636 2499 τοῦ

2068 2538 2443 2609 συντάγματος
2497 2538 2555 2590 ὲν
2588 2536 2754 2607 ὀλίγῳ
2803 2537 2934 2608 ἡμῖν
2985 2532 3127 2588 κατὰ
3176 2533 3283 2587 τῶν
3321 2534 3500 2590 αὐτῶν
3540 2552 3639 2590 πε,-

2066 2614 2507 2704 πραγμάτευται.
2558 2629 2720 2685 Ἀλλὰ
2752 2629 2841 2684 διὰ
2863 2631 2925 2684 τὸ
2969 2630 3043 2702 μή
3079 2645 3201 2682 τινα
3227 2630 3446 2701 νομίσαι
3496 2630 3643 2685 κατὰ

2068 2722 2434 2793 συκοφαντίαν
2485 2722 2636 2794 ἡμᾶς
2671 2721 2814 2775 κατὰ
2844 2738 3005 2775 τινων
3045 2720 3329 2792 φέρεσθαι,
3375 2720 3470 2773 καὶ
3512 2721 3640 2791 μήτ’

2064 2812 2242 2886 ἀληθῆ
2267 2815 2335 2868 ὲκ
2362 2813 2719 2886 παραδόσεων
2744 2810 3158 2884 ἀκριόώσαντας
3171 2809 3443 2872 ἐκθέσθαι,
3466 2811 3641 2865 ταῦτα

2066 2966 2330 3031 tionibus,
2361 2965 2621 3028 secunda,
2654 2979 2777 3033 quae
2812 2971 2895 3019 est
2923 2966 3062 3019 κατὰ
3097 2963 3380 3037 τρίγωνον,
3414 2963 3636 3035 quadri·

2063 3035 2258 3091 fariam
2290 3034 2609 3105 signiferum
2631 3035 2819 3089 orbem
2849 3033 3040 3088 dividit
3068 3053 3081 3089 ε
3119 3049 3354 3104 primum
3383 3049 3638 3104 segmen-

2063 3113 2176 3160 tum
2210 3105 2427 3160 boreale
2458 3103 2694 3158 dicitur:
2723 3101 3022 3158 secundum
3064 3105 3338 3169 australe;
3389 3105 3642 3159 tertium-

2063 3174 2444 3246 zepbyricum;
2490 3181 2773 3244 quartum.
2818 3170 3192 3225 subsolanum.
3241 3171 3373 3234 Quat
3417 3171 3641 3241 quidem

2061 3244 2128 3299 ad
2178 3246 2523 3307 nativitates,
2573 3239 2914 3311 συμπαθείας
2946 3240 3053 3293 τῶν
3096 3239 3360 3307 γενέσεων
3403 3255 3432 3294 a
3470 3255 3641 3309 gene-

2061 3314 2282 3371 thliacis
2317 3310 2802 3368 accommodantur
2841 3317 2896 3365 et
2938 3311 3015 3364 ait
3051 3306 3356 3364 Geminus:
3388 3310 3537 3379 qnod
3581 3311 3640 3366 in

374 3378 704 3432 constituta⁹
733 3377 812 3433 An
849 3381 900 3434 id
921 3382 1131 3503 ‘funus’
1176 3381 1321 3462 quod
1366 3382 1813 3452 interpretatione
1849 3399 1947 3437 no·
1982 3378 2028 3440 C
2059 3385 2225 3439 certis
2255 3383 2526 3446 sideribus
2553 3388 2738 3435 mutua
2769 3379 3016 3450 quaetlam
3064 3380 3357 3433 consensio
3408 3387 3462 3433 et
3508 3395 3639 3439 con-

374 3452 488 3502 stra
537 3462 600 3502 ex
646 3449 907 3506 ressimus
988 3447 1125 3504 Nam
1180 3465 1335 3521 signa
1382 3451 1591 3506 zodiaci
1624 3453 1950 3509 dividuntur

372 3516 456 3570 vel
486 3533 588 3570 κιτ
658 3518 967 3589 διάμετρον,
995 3519 1079 3574 vel
1105 3519 1246 3574 κατὰ
1268 3520 1553 3591 τρίγωνον,
1586 3521 1670 3576 vel
1693 3522 1834 3576 κατὰ
1860 3538 1949 3580 τε-

373 3585 684 3655 τράγωνον,
717 3589 784 3642 de
812 3591 1012 3660 quibus
1055 3587 1298 3646 Geminis
1336 3606 1393 3661 p.
1424 3589 1513 3648 21.
1562 3591 1641 3645 Ex
1679 3592 1747 3647 iis
1777 3592 1951 3663 parti-

546 3679 762 3751 Βόρειον
798 3681 1013 3752 τμῆμα,
1482 3682 1691 3741 Νότιον.

650 3768 799 3842 Ignis
1489 3771 1676 3830 Terra.

441 3876 597 3934 Aries
1049 3886 1166 3953 Ὺ
1252 3875 1469 3935 Taurus
1859 3865 1958 3953 ‘0‘

353 3987 358 4049 j
441 3971 551 4032 Leo
1055 3966 1158 4059 st
1261 3974 1430 4046 Virgo
1842 3990 1956 4050 rm

441 4070 767 4143 Sagittarius
1042 4080 1172 4139 -»
1265 4070 1635 4143 Capricornus
1873 4063 1951 4158 1)

440 4176 521 4231 Ad
561 4177 709 4232 ltunc
750 4178 935 4246 itaque
963 4193 1184 4236 sensum
1215 4178 1500 4234 duodecim
1529 4178 1683 4248 signa
1710 4192 1810 4248 pro
1834 4180 1947 4235 ele·

370 4252 678 4313 mentorum
711 4260 937 4302 numero
965 4250 1162 4318 partita
1194 4248 1381 4304 scribit
1429 4245 1781 4316 Epiphanius.
1826 4247 1946 4302 lam

376 4317 490 4369 ltaec
526 4317 689 4370 verba
721 4315 758 4370 ἃ
803 4315 968 4380 ζώδια
1009 4317 1250 4373 καλοῦσι.
1281 4319 1580 4373 Cornarius
1628 4318 1704 4371 ita
1734 4320 1894 4372 vertit
1929 4334 1944 4371 ε

373 4385 507 4451 Quoe
555 4385 812 4440 animalia
859 4388 1187 4442 vocanttssx
1235 4402 1345 4458 quo
1398 4401 1651 4442 manasse
1696 4394 1848 4457 puto,
1891 4393 1950 4442 ut

372 4454 474 4508 viri
499 4453 717 4523 quidam
748 4455 944 4510 eruditi
980 4458 1304 4528 scripserint
1328 4455 1688 4527 Epipltanium
1721 4455 1949 4520 referre,

2057 3453 2288 3523 spiratio
2323 3455 2505 3507 inesse
2529 3450 2806 3506 credatur.
2838 3449 3035 3505 Eadem
3065 3449 3155 3502 illa
3200 3457 3480 3517 segmenta
3514 3450 3632 3505 suis

2054 3537 2284 3647 fluaeque
2310 3522 2594 3577 elementis
2628 3521 3001 3589 assignarunt.
3048 3520 3179 3585 Quae
3216 3518 3400 3573 onmia
3440 3518 3492 3573 in
3526 3520 3629 3574 ltoc

2095 3593 2449 3662 iagrammate
2481 3589 2681 3645 intueri
2707 3590 2853 3643 licet.

2136 3682 2454 3755 Ζεφυρικὸν.
3053 3675 3462 3747 Ἀφηλιωτικόν.

2243 3776 2352 3831 Aet·
3166 3770 3243 3839 Aq
3254 3785 3321 3822 ua

2110 3883 2323 3942 Gemini
2707 3881 2808 3949 Π
2918 3875 3128 3931 Cancer
3504 3882 3635 3938 π

2114 3983 2276 4038 Libra
2711 3982 2846 4028 nfi-
2923 3969 3189 4040 Scorpius
3478 3980 3619 4054 TW.

2117 4082 2388 4154 Aquarius
2719 4073 2836 4126 m
2913 4066 3098 4122 Pisces
3516 4069 3622 4156 Χ

2007 4218 2012 4224 ,
2051 4171 2427 4234 ΒαὺὺίΜοεεε,
2456 4170 2650 4242 lnquit,
2679 4190 2849 4229 vocem
2870 4175 3042 4241 illam,
3068 4181 3341 4238 enarrant,
3375 4175 3452 4228 sic
3470 4192 3625 4248 espe-

2052 4245 2153 4306 nit,
2187 4252 2244 4294 nt
2268 4241 2336 4295 ad
2360 4239 2591 4295 caelestes
2614 4242 2762 4298 orbes
2786 4245 2979 4311 reserat
3003 4261 3021 4298 .·
3053 4245 3297 4313 qnoniam
3334 4244 3443 4298 hoec
3479 4248 3629 4304 illitis

2053 4329 2116 4370 ac
2148 4311 2573 4382 philosophorum
2621 4312 2794 4382 opinio
2843 4325 2918 4369 est
2947 4329 2965 4367 :
2993 4312 3218 4367 coelesees
3265 4311 3412 4368 orbes
3443 4316 3627 4385 uivere,

2054 4393 2104 4438 et
2141 4381 2448 4450 intelliqere,
2492 4396 2555 4435 ac
2596 4381 2762 4436 Deam
2797 4383 2987 4446 colere,
3029 4383 3348 4454 summisque
3379 4384 3626 4442 laudibus

2057 4453 2279 4522 afficere.
2331 4449 2471 4507 Hinc
2520 4452 2785 4508 coelicolas
2828 4452 3045 4509 Judaeos
3090 4453 3159 4506 ab
3211 4455 3627 4522 imperatoribus

375 4521 682 4583 Pharisaeos
709 4537 858 4579 astra
882 4528 1007 4581 coeli
1033 4528 1272 4580 animata
1304 4527 1678 4590 constituisse,
1712 4527 1951 4598 bac-ipsa
1982 4505 2028 4562 D
2054 4523 2175 4579 cod.
2209 4522 2275 4577 de
2313 4518 2515 4574 Judaeis
2542 4529 2595 4575 et
2622 4523 2915 4588 Coelicolis,
2947 4522 3207 4593 appellari
3241 4530 3425 4577 censet
3459 4524 3628 4580 Baro-

371 4593 564 4659 ltaeresi
595 4609 717 4658 xvt;
746 4594 888 4664 quod
919 4596 972 4649 in
1000 4594 1339 4650 Eccclesiast.
1364 4596 1547 4651 avenai.
1578 4597 1646 4653 ad
1664 4613 1716 4652 a.
1733 4611 1856 4668 cap.
1879 4595 1951 4657 60

372 4664 590 4734 iegitur.
631 4661 736 4718 Sed
769 4664 818 4718 id
851 4679 1010 4722 secus
1041 4681 1102 4721 se
1146 4666 1324 4722 babet.
1364 4665 1498 4720 Nam
1522 4681 1590 4722 ne
1620 4668 1800 4722 littera
1847 4667 1953 4724 but:

373 4734 597 4804 quidem
627 4734 734 4789 ulla
767 4735 1095 4804 significavit
1126 4734 1167 4788 E
1210 4736 1481 4806 ipltanius.
1515 4733 1621 4791 Sed
1649 4737 1752 4791 boc
1779 4751 1949 4790 unum

373 4805 559 4866 docuit
610 4802 911 4860 pharisaeos
961 4806 1168 4861 coelesti
1214 4820 1278 4860 us
1320 4805 1512 4876 signis,
1560 4819 1626 4859 ae
1673 4805 1950 4861 sideribus

373 4879 524 4936 certa
557 4872 822 4928 indidisse
844 4874 1084 4938 nomina,
1118 4890 1240 4944 qttae
1279 4873 1389 4929 sere
1414 4890 1444 4927 a
1472 4875 1762 4944 gentilibus
1791 4889 1953 4930 usur·

413 4944 668 5001 abantur,
700 4945 934 4996 maxime
963 4942 1230 5000 duodenis
1260 4945 1369 4998 illis
1407 4944 1600 5012 signis,
1637 4958 1760 5011 quae
1787 4946 1949 5013 vulgo

408 5009 541 5064 ὠδια
592 5021 871 5066 vocantur.
928 5011 1107 5076 Quare
1150 5028 1249 5067 nos
1292 5013 1664 5083 ambiguitatis
1692 5016 1950 5069 cavendae

374 5080 550 5148 gratia
600 5078 792 5148 zodia,
850 5096 1008 5151 quam
1061 5083 1320 5136 animatia
1366 5094 1579 5137 vertere
1631 5083 1944 5139 maluimus.

374 5149 509 5204 Nam
554 5165 619 5205 ex
649 5150 750 5206 ltoc
796 5152 945 5206 sonte
975 5167 1083 5207 non
1119 5153 1250 5208 satis
1280 5163 1452 5206 cautae
1484 5152 1950 5222 interpretationis

376 5220 510 5273 falsa
530 5219 597 5276 de
622 5218 816 5291 Epiplt.
846 5224 1156 5279 testimonio
1176 5223 1446 5277 sententia
1472 5221 1746 5290 profluxit.
1770 5220 1951 5287 Quan-

379 5298 541 5360 quam
565 5304 672 5344 non
704 5291 837 5345 illud
869 5293 1207 5363 ignoramus,
1232 5309 1264 5346 a
1293 5291 1570 5346 nonnullis
1597 5291 1948 5346 Hebraeorum

374 5359 582 5413 doctori
590 5360 691 5415 bus
705 5362 956 5418 coelestes
964 5363 1125 5419 orbes
1139 5362 1318 5418 anima
1339 5360 1801 5430 intelligentiaque
1818 5376 1950 5431 prae·

375 5427 520 5483 ditos
546 5429 878 5498 existimari;
914 5446 1078 5502 qnam
1109 5432 1283 5488 Rabbi
1316 5429 1484 5485 Mosis
1513 5431 1823 5498 opinionem
1845 5431 1950 5484 Da·

376 5497 467 5552 vid
489 5498 707 5553 Kimctti
724 5500 776 5553 in
802 5501 938 5569 psai.
963 5503 1153 5558 xtxbis
1166 5502 1344 5557 verbis
1355 5499 1586 5570 explicat
1605 5519 1617 5554 ε
1634 5509 1789 5562 mm
1809 5509 1949 5561 ΞἿἾῚ

377 5567 451 5650 ¹7!
495 5593 760 5649 eat-mn
813 5598 968 5654 trava
1023 5601 1166 5650 rim
1218 5599 1366 5650 uva-t
1400 5573 1557 5652 'rt-tan
1621 5601 1803 5652 :nnn
1836 5601 1948 5678 prm

380 5681 520 5738 nvn
569 5662 798 5739 enisa-i
842 5688 896 5739 ν)
933 5665 1281 5743 mmmmm
1313 5688 1449 5746 mm
1484 5691 1620 5746 τιν-ι
1650 5692 1704 5742 ’2
1739 5691 1949 5744 :vem

533 5748 651 5839 ‘rm
688 5777 819 5838 nata
852 5777 980 5837 nris·
1017 5777 1286 5839 :ivr-tam
1319 5754 1426 5833 ’πιέν
1460 5777 1658 5842 τεν-ων
1692 5759 1949 5837 effluam

2052 4594 2178 4648 nius
2237 4591 2358 4645 loco
2403 4592 2588 4652 citato,
2624 4592 2768 4660 quod
2822 4601 2971 4647 astra
3016 4592 3320 4661 coelumque
3362 4594 3624 4651 colerent.

2052 4667 2120 4718 At
2154 4659 2399 4731 Scaliger
2426 4659 2662 4716 nominis
2697 4661 2963 4717 rationem
3012 4660 3167 4715 affert
3194 4665 3374 4716 aliam.
3417 4663 3489 4718 De
3517 4681 3625 4734 qua

2052 4733 2119 4787 ad
2155 4732 2400 4786 ultimam
2419 4729 2650 4785 baeresin
2682 4732 3042 4802 opportunius
3070 4730 3417 4787 disseremus.
3446 4732 3623 4790 Caete·

2055 4817 2175 4856 rum
2220 4802 2328 4854 ltttc
2354 4796 2545 4853 referri
2576 4807 2775 4870 potest,
2815 4801 2959 4870 qnod
2984 4800 3125 4871 apud
3155 4802 3297 4871 Oria.
3332 4803 3403 4856 lib
3430 4817 3469 4871 t,
3501 4804 3623 4857 Cel-

2051 4885 2148 4934 sus
2174 4869 2376 4926 Juoaeis
2412 4867 2701 4937 objiciebat
2730 4889 2742 4926 :
2776 4873 2962 4940 Λέγων
3001 4871 3196 4934 αὐτοὺς
3238 4871 3415 4927 σέδειν
3458 4873 3626 4948 ἀγγέ.

2050 4940 2195 5006 λους,
2232 4939 2325 4996 καὶ
2356 4937 2580 5010 γοητείᾳ
2616 4939 2988 5012 προσκεῖσθαι.

2124 5013 2200 5079 (9)
2252 5008 2441 5067 Ταῦτα
2469 5007 2536 5063 δέ
2580 5026 2681 5078 μοι
2714 5012 2824 5064 οὐκ
2852 5011 2941 5077 είς
2978 5011 3323 5084 στρόόησιν.
3363 5010 3620 5072 Pharisaei

2051 5082 2151 5134 etsi
2186 5078 2353 5138 fatum
2384 5088 2761 5146 agnoscerent,
2803 5096 2910 5135 non
2938 5080 3174 5137 bumana
3221 5090 3399 5136 tamen
3435 5088 3619 5139 omnia

2051 5163 2115 5204 ex
2148 5163 2213 5204 eo
2250 5147 2484 5220 pendere
2513 5149 2859 5207 statuebant:
2895 5164 3069 5220 neque
3115 5152 3341 5207 liberam
3384 5153 3622 5210 bominis

2049 5219 2404 5284 voluntatem,
2456 5224 2619 5286 atque
2669 5220 2946 5275 arbitrarii
2995 5228 3316 5291 potestatem
3359 5236 3390 5276 e
3438 5227 3622 5278 medio

2053 5288 2334 5352 tollebant,
2385 5287 2460 5340 uti
2505 5287 2749 5357 pluribus
2778 5291 3011 5360 explicat
3050 5289 3317 5360 losepltus
3368 5292 3459 5346 lib.
3506 5309 3618 5346 xvii

2053 5356 2229 5428 Oria„
2265 5371 2389 5427 cap.
2421 5357 2477 5420 2,
2509 5364 2563 5411 et
2593 5357 2686 5412 itt».
2724 5374 2759 5413 ιι
2801 5359 3039 5424 uam„
3060 5374 3181 5429 cap.
3215 5360 3300 5413 12.
3321 5360 3501 5425 Quare
3530 5364 3616 5416 ni·

2051 5425 2125 5481 hil
2167 5435 2306 5490 erat,
2353 5441 2453 5480 cur
2489 5425 2824 5498 Epiphanius
2865 5438 3178 5499 sequentem
3224 5429 3487 5485 adversus
3532 5447 3622 5486 as-

2050 5505 2291 5553 sertores
2330 5496 2427 5550 sati
2475 5495 2896 5567 disputationem
2945 5505 3133 5553 contra
3181 5496 3489 5554 Pharisaeos
3529 5517 3622 5572 po·

2050 5565 2319 5623 tissimum
2354 5565 2641 5637 dirigerem
2676 5572 2945 5636 qnatenus
2994 5582 3056 5623 ea
3090 5582 3179 5624 res
3227 5566 3295 5623 ad
3346 5568 3618 5626 humanas

2050 5637 2315 5698 actiones,
2359 5650 2655 5707 earumque
2705 5635 2873 5691 libera
2926 5638 3154 5693 consilia
3200 5640 3456 5709 pertinet,
3494 5657 3617 5712 quae

2049 5703 2357 5829 tha'risaetzs
2386 5720 2728 5779 nequaquam
2762 5707 3071 5776 sustulisse,
3107 5705 3418 5766 Pharisaeus
3459 5726 3616 5767 asse-

2051 5784 2121 5830 rtt
2165 5791 2311 5849 ¹oscp
2333 5790 2436 5832 tus.
