3850 6517
214 484 235 502 ··
317 461 384 519 99
1612 457 1677 517 -σ,
1718 451 2061 518 ΕΡιΡιιΑΝιι
2101 443 2279 519 vm.

3458 457 3559 514 ίθθ

317 571 485 641 αὐτὴν
511 570 754 626 διάκονον
777 570 1223 642 τῆςῈκκὶηιτίας
1246 587 1259 600 ·
1312 571 1404 625 καὶ
1456 566 1524 641 ἦν
1552 572 1765 626 ἅπαντα
1807 573 1874 628 τά
1913 575 2211 646 πράγματα
2259 561 2424 645 αὐτῆς
2460 578 2517 628 ὲν
2567 578 2635 646 τῇ
2684 576 2878 647 γνώμῃ
2936 571 3253 643 Ἐπιφανίου
3306 571 3559 643 διίόμενα

315 668 427 729 τοῖς
457 665 751 736 δεομένοις.

387 752 523 809 ux.
556 754 860 825 Aliquando
883 761 1064 808 autem
1091 767 1372 810 sermones
1393 755 1622 810 contulit
1646 754 1879 828 Epipha·
1906 762 1956 823 Α
2049 755 2175 811 ΝΘ’.
2212 754 2348 808 Ποτὲ
2378 747 2471 805 οὖν
2525 752 2757 823 συνῆρεν
2811 750 3003 820 λόγους
3053 748 3372 820 Ἐπιφάνιος
3423 750 3558 822 πρὸς

319 847 442 900 iuius
479 860 604 901 cum
637 845 815 909 Aetio,
846 844 939 914 qui
967 852 1086 897 erat
1106 884 1121 909 ,
1152 851 1212 897 ut
1243 843 1418 910 aiunt,
1450 847 1740 917 episcopus
1767 848 1877 904 Va-

320 935 759 990 lentinianorum.
799 932 1077 1004 Erantque
1123 933 1459 991 Constantiae
1508 938 1667 993 multi
1712 939 1878 1010 hujus

318 1024 559 1081 haeresis.
585 1024 721 1079 Cum
751 1024 918 1095 igitur
949 1023 1137 1078 multis
1167 1025 1352 1082 verbis
1397 1029 1748 1085 contenderet
1768 1027 1878 1084 Ae-

317 1115 451 1179 tius,
480 1123 536 1169 et
583 1114 653 1169 de
678 1114 963 1171 Altissimo
995 1114 1198 1171 multas
1233 1116 1439 1174 diceret
1466 1119 1833 1191 blasphemias
1856 1159 1872 1186 ,

314 1205 454 1260 dixit
478 1205 533 1260 ei
563 1203 937 1275 Epiphaniusz
974 1206 1194 1277 Accipe,
1241 1223 1276 1264 o
1327 1208 1494 1279 impie
1516 1210 1635 1265 Aeti
1657 1251 1673 1278 ,
1700 1210 1755 1265 in
1783 1224 1879 1266 ore

315 1302 410 1349 tuo
463 1294 802 1362 repagulum,
845 1303 901 1350 et
927 1310 1039 1351 non
1079 1296 1321 1367 loqueris
1352 1297 1529 1370 ⁴*gerba
1566 1297 1876 1355 insolentia.

313 1386 449 1443 Cum
474 1385 710 1457 primum
738 1386 845 1441 hoc
869 1385 1097 1443 dixisset
1122 1385 1669 1457 Epiphanius,‚Aetio
1697 1403 1762 1446 es
1779 1387 1881 1444 suit

312 1478 675 1545 obstructum,
718 1486 773 1533 et
823 1478 1012 1534 abillo
1050 1479 1139 1534 die
1184 1494 1294 1534 non
1323 1480 1502 1548 potuit
1533 1480 1769 1551 amplius
1796 1480 1879 1546 lo-

313 1569 428 1638 qui.
469 1566 610 1623 Cum
664 1577 843 1623 autem
876 1568 1162 1636 vidissent,
1196 1569 1291 1640 qui
1324 1577 1481 1624 erant
1517 1570 1641 1640 eius
1671 1579 1836 1626 seetae
1859 1608 1877 1636 ,

311 1658 459 1728 quod
506 1673 604 1729 per
631 1658 859 1714 verbum
897 1659 948 1715 ei
989 1675 1054 1716 os
1096 1661 1462 1718 obstruxisset
1500 1661 1837 1732 Epiphanius
1860 1701 1880 1728 ,

314 1749 471 1818 proni
515 1762 710 1805 omues
755 1748 1065 1806 ceciderunt
1088 1790 1105 1817 ,
1146 1760 1203 1808 et
1225 1753 1570 1808 anathemate
1588 1767 1878 1824 percusse-

315 1849 443 1894 runt
480 1853 636 1895 suam
682 1839 1022 1910 religionem,
1089 1847 1146 1897 et
1206 1840 1335 1899 iacti
1371 1852 1501 1899 sunt
1556 1841 1876 1898 orthodoxi.

1982 843 2187 898 ’Δὲτιον
2237 842 2328 896 τὸν
2371 841 2667 895 ἐπίσκοπον
2722 838 2831 895 τῶν
2875 838 3355 894 Οὐαλεντινιανῶν.
3377 834 3558 892 ἾῙσαν
3584 846 3595 853 “

1980 934 2160 1006 πλήθη
2184 933 2276 987 ἐπὶ
2300 934 2401 1005 τῆς
2430 931 2815 996 Κωνσταντίας
2835 932 2885 984 οί
2912 932 3011 1002 τῆς
3038 931 3301 1004 αἱρέσεως
3329 928 3555 1000 ταύτης.

1981 1024 2093 1079 Καὶ
2114 1023 2178 1095 δὴ
2215 1023 2489 1086 πλείστοις
2535 1021 2715 1090 λόγοις
2766 1019 3085 1091 φιλονεικῶν
3132 1022 3161 1075 ό
3205 1019 3436 1083 Ἀέτιος,
3466 1016 3558 1071 καὶ

1981 1115 2063 1179 είς
2088 1113 2437 1186 βλασφημίας
2468 1111 2668 1176 πολλὰς
2697 1111 2823 1184 περὶ
2851 1110 2945 1165 τὸν
2980 1109 3241 1180 Ὕψιστον
3290 1108 3554 1173 ἐλθόντος,

1981 1200 2135 1259 εἷπεν
2159 1205 2477 1274 Ἐπιφάνιος
2503 1202 2639 1274 πρὸς
2694 1203 2891 1257 αὐτόν·
2935 1201 3106 1268 Acme,
3167 1200 3353 1273 φησὶν,
3385 1201 3556 1256 ’Aea-ts

1980 1294 2395 1360 δυσσεδέστατε,
2420 1294 2675 1363 κατόχιον
2714 1293 2807 1347 ἐπὶ
2833 1293 2913 1364 τῷ
2948 1292 3178 1364 στόματί
3202 1308 3317 1354 σου.
3342 1291 3440 1346 καὶ
3460 1291 3555 1362 ἐση

1980 1385 2062 1458 μή
2083 1385 2259 1441 λαλῶν
2284 1385 2550 1448 ἀτάκτους
2583 1383 2794 1453 λόγους.
2821 1385 2932 1438 Καὶ
2955 1383 3157 1446 εὐθέως
3181 1383 3210 1435 ό
3242 1381 3447 1445 Ἀἐτιος
3467 1376 3558 1434 ἐπὶ

1980 1477 2060 1551 τῷ
2084 1477 2228 1548 λόγῳ
2258 1476 2580 1546 Ἐπιφανίου
2633 1474 2906 1547 ἐφιμώθη,
2935 1475 3029 1529 καὶ
3080 1473 3266 1530 οὐκέτι
3317 1472 3558 1544 ἠδυνήθη

1982 1569 2214 1643 λαλῆσαι
2235 1569 2394 1639 λόγον
2428 1569 2537 1624 ἀπὸ
2560 1569 2660 1640 τῆς
2689 1569 2903 1640 ἡμέρας
2931 1569 3166 1638 ἐκείνης.
3193 1566 3413 1629 ’ἰδόντες
3462 1559 3558 1619 οὗν

1980 1661 2032 1714 ol
2063 1661 2163 1733 τῆς
2192 1658 2454 1732 αἱρέσεως
2475 1656 2663 1722 αὐτοῦ,
2686 1659 2766 1712 ὅτι
2782 1657 2869 1711 διά
2894 1657 3052 1725 λόγου
3068 1656 3343 1726 ἐφίμωσεν
3370 1653 3556 1716 αὐτὸν,

1984 1751 2328 1823 προσέπεσαν
2361 1750 2598 1812 ἀπαντες
2630 1749 2953 1819 Ἐπιφανίῳ,
3010 1747 3106 1803 καὶ
3160 1744 3558 1815 ἀνεθεμάτισαν

1982 1843 2082 1914 τὴν
2123 1842 2256 1896 ἰδίαν
2283 1839 2581 1913 θρησκείαν
2617 1839 2816 1907 αὐτῶν,
2850 1840 2944 1894 καὶ
2978 1838 3224 1907 ὲγένοντο
3245 1834 3514 1908 όρθόδοξοι
3536 1847 3556 1868 ⁸

313 1928 512 1987 Mansit
566 1946 696 1987 vero
750 1933 942 1989 Aetius
994 1947 1090 1989 sex
1131 1933 1326 1989 diebus
1365 1949 1474 1990 non
1524 1933 1758 2004 loquens
1780 1973 1797 2001 ,
1824 1942 1878 1988 et
1983 1933 2196 2004 ἔμεινεν
2216 1933 2273 1986 δὲ
2294 1934 2323 1986 ό
2348 1931 2552 1994 Ἀέτιος
2576 1930 2635 1999 ἓξ
2658 1930 2873 2002 ήμέρας
2895 1929 2970 2001 μὴ
2995 1928 3190 1992 λαλῶν,
3213 1927 3311 1981 καὶ
3324 1927 3391 1996 τῇ
3408 1923 3561 1978 2⁶66-

312 2021 558 2090 septimo,
584 2021 672 2077 die
699 2021 866 2078 vitam
888 2022 1052 2078 uniit.
1081 2021 1251 2078 Erant
1278 2033 1463 2081 autem
1501 2025 1624 2081 aliae
1655 2039 1878 2096 quoquc
1986 2038 2063 2097 μῃ
2108 2021 2294 2094 ήμέρᾳ
2317 2021 2632 2076 ’κατέλυσεν
2683 2021 2770 2076 τὸν
2799 2020 2918 2091 βίον
2950 2019 3135 2074 αὐτοῦ.
3166 2014 3348 2072 Ἦσαν
3378 2015 3437 2068 δὲ
3462 2014 3560 2069 καὶ

311 2112 559 2180 plurimae
588 2112 822 2169 haereses
846 2112 902 2167 in
934 2113 1109 2169 insula
1135 2112 1486 2185 Cypriorum,
1520 2114 1603 2170 11ae
1629 2115 1841 2171 seilicet
1858 2155 1874 2180 ,
1912 2087 1955 2145 u
1981 2111 2138 2166 ἀλλαι
2168 2109 2411 2162 πλεῖσται
2433 2107 2671 2179 αἱρέσεις
2695 2109 2754 2161 ἐν
2776 2111 2843 2178 τῇ
2876 2106 3133 2177 Κυπρίων
3156 2105 3329 2176 χώρᾳ.
3353 2101 3558 2165 atem<

287 2199 654 2271 Ophitarum,
707 2199 1173 2268 Sabellianornm,
1225 2199 1650 2268 Nicolaitarum,
1702 2202 1880 2259 Simo·
1979 2203 2116 2255 stow
2150 2194 2326 2255 αὗται·
2362 2200 2437 2276 (a)
2475 2199 2753 2267 Σοφισταὶ,
2794 2199 3158 2263 Σαὸελλιανοὶ,
3210 2192 3556 2258 Νικολαῖται,

310 2289 600 2345 nianorutu
626 2297 682 2344 et
709 2288 1276 2372 carpocratianorumt
1302 2289 1480 2346 Dehis
1509 2291 1728 2362 scripsit
1753 2290 1879 2362 Epi·
1979 2291 2323 2364 Σιμωνιανοὶ,
2384 2290 2793 2353 Βασιλειδιανοὶ,
2855 2289 3358 2362 Καρποκρατιανοί.
3416 2287 3560 2358 Περὶ

309 2380 547 2451 phanlus
573 2379 860 2450 epistolam
880 2378 950 2433 ad
977 2379 1353 2435 Theodosium
1373 2378 1786 2449 imperatorem,
1812 2388 1874 2435 ut
1976 2383 2182 2438 τούτων
2225 2382 2545 2451 Ἐπιφάνιος
2588 2380 2826 2451 ἔγραψεν
2875 2380 3166 2452 ἐπιστολήν
3216 2379 3295 2451 τῷ
3344 2377 3563 2450 βασιλεῖ

310 2470 702 2526 constitutione
736 2469 885 2539 regia
915 2484 1012 2526 eos
1038 2469 1335 2540 expelleret
1358 2484 1428 2525 ex
1463 2468 1665 2525 insula.
1699 2467 1871 2524 Erant
1977 2473 2260 2546 Θεοδοσίῳ,
2308 2475 2458 2537 ὅπως
2516 2472 2627 2544 ἀπὸ
2670 2470 2968 2536 διατάξεως
3000 2470 3281 2542 βασιλικῆς
3330 2470 3560 2535 τούτους

307 2562 454 2616 enim
487 2561 630 2615 inter
661 2574 758 2616 ees
790 2560 895 2615 viri
928 2560 1148 2626 divites,
1179 2559 1382 2630 quibus
1409 2559 1666 2614 mandata
1701 2558 1880 2616 luerat
1972 2562 2155 2628 διώξει
2192 2564 2295 2633 τῆς
2327 2565 2515 2635 νήσου.
2538 2558 2721 2617 Ἦσαν
2750 2560 2858 2634 γὰρ
2886 2560 3079 2632 ἄνδρες·
3107 2560 3354 2614 πλούσιοι
3378 2563 3435 2616 ὲν
3456 2562 3561 2618 αὐ-

307 2666 437 2707 cura
491 2665 674 2706 rerum
724 2650 1070 2721 publicarum
1097 2666 1113 2717 3
1165 2659 1222 2708 et
1269 2650 1650 2721 deprimebant
1687 2650 1877 2706 ortho·

307 2742 501 2798 doxos.
529 2742 664 2797 Cum
695 2748 876 2798 autem
905 2741 1208 2813 accepisset
1246 2741 1543 2812 imperator
1568 2741 1779 2797 litteras
1803 2739 1876 2795 ab

323 2831 648 2904 Epiphanio,
683 2832 902 2903 scripsit
927 2832 984 2888 in
1014 2833 1155 2888 hanc
1179 2832 1414 2888 sormam
1442 2851 1461 2888 ι
1489 2831 1552 2888 Si
1582 2834 1707 2904 quis
1727 2832 1878 2890 Patri

306 2923 614 2994 Epiphanio
650 2925 910 2995 episcopo
940 2925 1181 2996 regionis
1211 2924 1537 2995 Cypriorum
1574 2940 1682 2980 uon
1724 2935 1880 2996 paret

307 3029 406 3081 per
458 3015 625 3070 verba
665 3015 852 3071 divina
876 3051 894 3080 ,
930 3024 1091 3072 exeat
1113 3030 1181 3071 ex
1212 3015 1392 3072 insula
1415 3055 1432 3084 ,
1470 3024 1528 3071 et
1551 3015 1763 3072 habitet
1787 3018 1877 3074 ubi

305 3104 457 3162 velit.
485 3101 544 3159 Si
584 3104 678 3174 qui
710 3100 891 3160 autem
917 3114 1046 3162 sunt
1083 3104 1266 3175 amici,
1293 3111 1346 3160 et
1376 3104 1471 3160 filii
1508 3106 1873 3176 poenitentiae,

308 3204 364 3252 et
390 3194 725 3252 confitentur
764 3197 1044 3251 communi
1074 3194 1223 3253 Patui
1245 3185 1269 3261 ,“
1288 3195 1466 3267 quod,
1496 3211 1622 3252 cum
1643 3197 1755 3252 sint
1782 3197 1874 3253 de·

307 3288 471 3359 cepti,
517 3289 686 3342 velint
719 3288 906 3343 venire
931 3288 998 3343 ad
1030 3289 1315 3345 veritatem
1335 3329 1353 3357 ,
1383 3298 1659 3356 maneant,
1691 3300 1752 3346 ut
1782 3291 1877 3346 do·

306 3388 535 3434 ceantur
562 3394 593 3433 a
621 3379 904 3434 communi
934 3378 1113 3436 Patre.
1137 3378 1294 3445 Quod
1319 3380 1556 3436 edictum
1577 3395 1702 3436 cum
1727 3390 1873 3437 esset
1898 3411 1942 3469 c

303 3480 340 3522 ιι
374 3468 640 3523 militibus
687 3468 950 3534 allatum,
996 3477 1052 3523 et
1087 3469 1457 3538 publicatum,
1493 3469 1651 3525 multi
1681 3484 1751 3524 ex
1789 3469 1872 3524 eis

307 3560 658 3615 crediderunt
685 3559 1006 3631 Epiphanio.
1042 3559 1151 3629 Qui
1182 3576 1314 3617 vero
1358 3577 1467 3620 uon
1497 3560 1868 3623 erediderunt,

282 3696 287 3702 .
318 3651 501 3708 statim
530 3651 686 3723 ejecti
717 3661 842 3707 sunt
867 3666 935 3707 ex
968 3651 1168 3708 insula.

375 3916 489 3974 Lx.
536 3916 665 3972 Erat
711 3927 892 3971 autem
938 3917 1276 3973 Alexandriae
1321 3917 1539 3988 qnidam
1587 3918 1874 3989 episeopus

307 4010 529 4065 nomine
560 4007 914 4079 Theophilus.
965 4006 1016 4062 ls
1048 4008 1238 4063 habuit
1285 4023 1537 4079 magnam
1587 4007 1871 4078 Epiphanii

306 4092 579 4157 notitiam.
623 4098 791 4155 Erant
820 4114 950 4155 vero
991 4108 1101 4168 tres
1142 4098 1340 4156 tratres
1383 4099 1740 4158 Alexandriae,
1777 4097 1870 4152 lilii

308 4191 679 4256 lleracleonis,
708 4191 802 4261 qui
836 4191 1194 4260 imperaverat
1218 4187 1272 4242 in
1298 4204 1363 4243 ea
1395 4188 1634 4243 civitate.
1659 4186 1874 4241 Mortuo

308 4299 437 4338 vero
466 4293 616 4353 patre
641 4296 850 4347 eornm,
881 4290 991 4337 tres
1025 4295 1088 4335 ex
1127 4295 1395 4337 consensu
1428 4281 1717 4336 voluerunt
1755 4294 1875 4334 esse

285 4373 582 4430 ,inonachh
639 4372 744 4440 Qui
796 4372 1020 4443 profecti
1088 4373 1144 4426 in
1199 4370 1582 4436 solitudinem,
1636 4371 1871 4441 quietem

307 4469 539 4538 agebant
571 4467 624 4521 iu
654 4466 903 4532 silentio,
943 4476 997 4521 et
1042 4467 1265 4521 honesta
1316 4465 1422 4519 vita
1456 4472 1613 4519 erant
1639 4462 1869 4535 praediti.

307 4554 350 4610 li
376 4564 534 4611 erant
577 4554 731 4609 valde
759 4541 873 4608 noti
906 4553 1202 4624 Theophila
1228 4553 1566 4609 Alexandrini
1595 4554 1869 4624 episcopo.

309 4645 458 4714 Quos
488 4646 604 4716 ipse
635 4661 758 4701 cum
802 4644 992 4701 fraude
1037 4645 1249 4700 induxit
1295 4646 1351 4700 in
1382 4646 1680 4713 civitatem,
1709 4658 1872 4718 atque

1976 2657 2113 2718 τοῖς,
2143 2655 2340 2719 οἵτινες
2366 2655 2461 2708 καὶ
2482 2653 2891 2708 ὲνεπιστεύοντο
2925 2652 3115 2722 χρείας
3142 2652 3423 2725 δημοσίας,
3462 2653 3563 2710 καὶ

1957 2744 2294 2811 ιὲταπείνουν
2324 2745 2451 2811 τοὺς
2484 2744 2818 2817 όρθοδόξους.
2850 2741 3157 2814 Δεξάμενος
3182 2740 3275 2794 οὖν
3328 2745 3358 2793 ὁ
3392 2742 3557 2808 βασι-

1976 2839 2103 2903 λεὺς
2126 2839 2193 2894 τὰ
2225 2838 2530 2912 γράμματα
2575 2837 2732 2909 παρὰ
2786 2838 3126 2908 Ἐπιφανίου,
3173 2833 3265 2887 καὶ
3292 2827 3547 2897 εποίησεν

1976 2926 2145 2982 τύπον
2172 2927 2432 2981 τοιοῦτον.
2467 2927 2535 2981 Εἰ
2550 2944 2634 2990 τις
2653 2926 2729 2998 τῷ
2768 2925 2940 2998 Πατρὶ
2983 2921 3278 2991 Ἐπιφανίῳ
3302 2915 3381 2988 τῷ
3426 2916 3555 2966 km-

1988 3017 2176 3087 σκόπῳ
2220 3017 2320 3089 τῆς
2350 3017 2615 3089 Κυπρίων
2644 3015 2828 3087 χώρας
2862 3016 2960 3083 οὐχ
3001 3009 3264 3066 ὑπακούει
3314 3004 3401 3062 διὰ
3440 3002 3555 3057 τῶν

1978 3108 2136 3162 θείων
2162 3108 2356 3178 λόγων,
2388 3106 2696 3178 ὲξερχέσθω
2740 3107 2840 3175 τῆς
2867 3105 3053 3174 νήσου,
3106 3105 3200 3154 καὶ
3251 3098 3381 3152 ὅπου
3405 3092 3555 3148 θέλει

1978 3200 2317 3254 κατοικείτω.
2350 3199 2414 3252 Et
2461 3196 2520 3250 δέ
2553 3211 2695 3258 τινες
2738 3193 2881 3263 φίλοι
2914 3191 3062 3252 ὅντες
3113 3189 3209 3242 καὶ
3252 3187 3417 3240 τέκνα
3451 3184 3554 3259 τῆς

1979 3291 2287 3362 μετανοίας,
2320 3289 2415 3341 καὶ
2457 3283 2808 3355 ὁμολογοῦσιν
2861 3279 2941 3351 τῷ
2991 3279 3156 3351 κοινῷ
3202 3278 3381 3349 lla-:pt
3399 3316 3414 3341 ,
3470 3277 3552 3332 ὅτι

1979 3378 2341 3450 πλανηθέντες
2375 3370 2678 3447 βουλόμεθα
2712 3373 2792 3435 εἰς
2836 3370 2933 3442 τὴν
2983 3369 3101 3423 ὁδὸν
3150 3368 3252 3438 τῆς
3295 3367 3551 3440 ἀληθείας

1976 3468 2150 3523 ἐλθεῖν
2168 3485 2183 3500 ·
2227 3465 2564 3537 μεινάτωσαν
2586 3463 2679 3516 ἐπὶ
2702 3460 2803 3531 τῆς
2823 3463 3011 3532 νήσου,
3051 3459 3425 3530 διδασκόμενοι
3444 3457 3549 3512 ὑπὸ

1972 3560 2067 3615 τοῦ
2092 3544 2273 3614 κοινοῦ
2298 3556 2529 3630 Πατρός.
2586 3553 2693 3608 Τοῦ
2719 3549 2812 3607 οὖν
2842 3551 3014 3606 τύπου
3058 3552 3209 3623 παρὰ
3255 3567 3547 3623 στρατευο-

1976 3653 2140 3724 μένου
2168 3652 2411 3713 ἐλθόντος
2431 3647 2525 3703 καὶ
2545 3644 2991 3717 ὲμφανισθὲντος,
3014 3642 3199 3696 πολλοὶ
3219 3641 3547 3713 ἐπείσθησαν

1975 3743 2035 3808 ὲξ
2058 3743 2235 3798 αὐτῶν
2277 3741 2601 3812 Ἐπιφανίῳ.
2656 3742 2721 3793 Οἱ
2749 3739 2805 3793 δὲ
2859 3739 2937 3811 μή
2988 3737 3298 3790 πεισθέντες
3346 3735 3546 3800 εὐθέως

1974 3831 2306 3903 ἐδιώχθησαν
2338 3833 2402 3884 ὲκ
2435 3831 2534 3900 τῆς
2562 3831 2749 3901 νήσου.

2041 3923 2117 3978 ΞΙ.
2144 3918 2253 3978 Ἦν
2284 3922 2339 3975 δέ
2380 3939 2464 3985 τις
2492 3922 2788 3983 ἐπίσκοπος
2818 3921 2875 3973 ὲν
2915 3916 3287 3988 Ἀλεξανδρείᾳ
3313 3915 3545 3987 τοῦνομα

1974 4013 2249 4083 Θεόφιλος.
2307 4007 2476 4076 Οὗτος
2515 4007 2583 4081 ἦν
2629 4011 2686 4065 ὲν
2734 4008 2929 4079 γνώσει
2981 4006 3149 4077 πολλῇ
3208 4004 3538 4074 Ἑπιφανίον.

1972 4101 2153 4157 Ἦσαν
2193 4103 2249 4155 δὲ
2289 4105 2437 4172 τρεῖς
2468 4101 2689 4170 ἀδελφοὶ
2719 4101 2777 4152 ὲν
2818 4096 3218 4169 Ἀλεξανδρείᾳ,
3265 4097 3373 4150 υἱοὶ
3400 4094 3544 4165 γινό-

1977 4209 2127 4264 μενοι
2165 4189 2560 4262 Ἡρακλέωνος,
2587 4189 2680 4243 τοῦ
2710 4189 2971 4260 ἄρξαντος
3009 4190 3102 4242 ἐπὶ
3127 4189 3222 4259 τῆς
3251 4189 3421 4260 αὐτῆς
3448 4187 3546 4242 πό·

1974 4281 2130 4344 λεως.
2181 4279 2610 4351 Τελευτήσαντος
2651 4277 2709 4332 δὲ
2754 4276 2847 4331 τοῦ
2898 4277 3101 4348 πατρὸς
3143 4278 3352 4342 αὐτῶν,
3406 4277 3545 4331 κατὰ

1976 4369 2189 4425 σύνεσιν
2219 4369 2270 4424 01
2311 4371 2458 4440 τρεῖς
2503 4366 2886 4422 ὲ6ουλεύσαντο
2930 4367 3177 4437 μονάσαι.
3208 4367 3319 4420 Καὶ
3349 4366 3414 4438 δή
3451 4383 3547 4419 πο-

1976 4462 2257 4536 ρευθέντες
2293 4462 2352 4515 ἐν
2396 4464 2464 4533 τῇ
2497 4461 2708 4532 ἐρήμῳ,
2734 4455 2874 4532 ἦσαν
2906 4461 2965 4513 ὲν
3002 4458 3203 4531 ἠσυχίᾳ
3230 4458 3420 4529 πολλῇ,
3453 4459 3544 4511 καὶ

1975 4557 2075 4627 βίῳ
2121 4553 2384 4625 πρέποντι
2419 4553 2841 4624 κεκοσμημένοι.
2890 4544 3050 4605 Οὗτοι
3078 4547 3218 4621 ἦσαν
3262 4551 3321 4603 ἐν
3346 4549 3543 4618 γνώσει

1975 4648 2142 4720 πολλῇ
2172 4646 2414 4716 Θεοφίλῳ
2438 4644 2518 4716 τῷ
2542 4645 2822 4716 ἑπισκόπῳ
2842 4644 2942 4714 τῆς
2969 4643 3394 4714 Ἀλεξανδρείας.
3420 4641 3549 4696 Τού·

309 4740 444 4795 adeo
477 4738 673 4803 effecit,
714 4748 772 4793 ut
805 4738 877 4793 ibi
911 4747 1137 4794 starent.
1169 4736 1319 4793 Fecit
1346 4746 1526 4792 autem
1557 4751 1625 4792 ex
1656 4737 1725 4792 iis
1755 4752 1866 4790 ma·
1904 4735 1945 4789 D
1968 4758 2095 4804 τους
2139 4738 2235 4810 μὲν
2274 4737 2529 4806 Θεόφιλος
2577 4736 2889 4806 εἰσήνεγκεν
2935 4735 3026 4787 ἐπὶ
3075 4734 3174 4804 τὴν
3221 4733 3376 4786 πόλιν
3410 4731 3543 4803 μετά

290 4832 478 4903 ‚iorem
514 4832 826 4901 episcopum
871 4830 926 4882 in
959 4843 1067 4883 una
1109 4828 1241 4882 urbe
1285 4826 1518 4898 AEgypti.
1551 4827 1702 4884 Alios
1747 4842 1872 4884 vero

312 4924 436 4978 fecit
465 4917 726 4976 diaconos
768 4926 823 4971 et
862 4931 1178 4973 ωοοιιοηιοε
1208 4915 1481 4973 Ecclesiae.
1511 4915 1645 4974 Cum
1691 4928 1872 4972 autem

310 5023 552 5082 tempore
600 5009 763 5064 trium
805 5022 1073 5063 annorum
1117 5007 1348 5063 luissent
1377 5006 1646 5063 oeconomi
1676 5005 1877 5063 Eccle—

192 5081 200 5089 ’
309 5104 427 5168 siae,
456 5102 865 5170 sensissemque
907 5112 968 5153 se
1009 5112 1128 5153 esse
1159 5107 1405 5153 mortuos
1438 5096 1607 5169 (quod
1638 5097 1709 5153 ad
1737 5097 1877 5154 divi-

312 5211 436 5251 nam
470 5193 731 5249 attinebat
776 5189 1050 5262 gratiam),
1085 5204 1153 5245 ex
1192 5204 1463 5244 consensu
1506 5188 1615 5244 duo
1643 5201 1872 5259 rogave-

312 5296 442 5344 runt
466 5286 844 5355 Theophilum,
877 5290 939 5338 ut
966 5296 1061 5338 eos
1105 5281 1234 5336 illue
1258 5280 1569 5346 dimitteret,
1599 5278 1690 5334 ubi
1720 5279 1874 5348 prius

315 5376 646 5432 habitabant.
684 5375 785 5439 Qui
829 5387 954 5428 cum
987 5372 1203 5426 illorum
1236 5368 1487 5441 precibus
1533 5382 1643 5423 non
1675 5368 1875 5424 cessis-

312 5477 418 5534 set,
451 5467 611 5522 ambo
637 5466 713 5520 illi
747 5466 885 5520 inter
913 5481 972 5522 se
1011 5463 1384 5532 conspirantes
1427 5459 1696 5528 abierunt,
1729 5469 1784 5515 et
1813 5459 1868 5515 in

315 5559 660 5617 solitudinem
730 5564 1111 5622 recesserunt,
1174 5553 1265 5608 ubi
1323 5551 1478 5623 prius
1535 5548 1868 5604 habitabant.

313 5650 667 5724 (Theophilus
688 5664 815 5704 vero
835 5662 928 5703 eos
950 5647 1180 5702 triennio
1200 5643 1428 5716 privavit
1447 5641 1872 5714 communione.)

387 5830 463 5902 (a)
496 5829 760 5901 interpres
783 5827 907 5898 legit
946 5826 1174 5896 Ὀφῖται,
1199 5823 1340 5895 quod
1378 5822 1691 5895 probamus.

1974 4831 2207 4902 ἀπάτης,
2249 4829 2343 4884 καὶ
2382 4827 2757 4899 ἠσφαλήσατο.
2794 4826 3075 4896 Ἐποίησεν
3106 4825 3161 4877 δὲ
3194 4823 3285 4878 τὸν
3324 4822 3543 4894 μείζονα

1974 4919 2151 4972 αὐτῶν
2179 4917 2474 4971 ἐπίσκοπον
2503 4917 2583 4980 είς
2624 4916 2749 4986 μίαν
2778 4914 2931 4966 πόλιν
2961 4913 3059 4983 τῆς
3088 4912 3383 4980 Αἰγύπτου·
3418 4912 3544 4975 τοὺς

1973 5010 2029 5064 δὲ
2076 5009 2267 5072 ἀλλους
2309 5007 2563 5079 ἐποίησεν
2613 5005 2888 5068 διακόνους
2934 5005 3027 5058 καὶ
3076 5004 3393 5074 οἰκονόμους
3446 5002 3545 5072 τῆς

1978 5099 2324 5170 ’Βκκλησίας.
2359 5099 2686 5169 Ποιήσαντες
2731 5096 2790 5149 δὲ
2838 5095 3242 5166 οἰκονομοῦντες
3290 5095 3389 5165 τὴν
3417 5093 3545 5147 Ἐκ-

1980 5191 2206 5264 κλησίαν
2249 5190 2435 5262 τριετῆ
2481 5188 2701 5262 χρόνον,
2743 5190 2832 5243 καὶ
2865 5187 3171 5258 αἰσθόμενοι
3204 5186 3429 5250 ἑαυτοὺς
3456 5203 3546 5239 νε-

1981 5282 2309 5355 κρουμένους
2333 5281 2468 5353 πρὸς
2492 5282 2591 5353 τήν
2618 5281 2802 5352 θεῖκὴν
2830 5284 3007 5352 χάριν,
3039 5279 3428 5343 καταλιπόντες
3446 5278 3545 5347 τὴν

1978 5374 2226 5444 ήσυχίαν,
2255 5373 2348 5426 καὶ
2384 5373 2523 5426 κατὰ
2566 5372 2776 5425 σύνεσιν
2818 5373 2867 5425 οἰ
2909 5370 3001 5424 δύο
3042 5369 3423 5443 παρεκάλεσαν
3457 5367 3546 5421 τὸν

1977 5465 2251 5535 Θεόφιλον,
2280 5467 2426 5530 ὃπως
2452 5465 2669 5530 τούτους
2695 5464 2952 5522 ἀπολύσει
2992 5464 3120 5517 ἔνθα
3167 5462 3222 5516 τὸ
3250 5461 3383 5532 πρὶν
3411 5477 3543 5514 κατ-

1977 5559 2172 5630 ῴκουν.
2204 5561 2314 5614 Καὶ
2341 5561 2414 5631 μὴ
2441 5559 2678 5625 εἴξαντος
2712 5562 2778 5630 τῇ
2807 5559 3010 5612 τούτων
3036 5556 3403 5627 παρακλήσει,
3437 5553 3543 5607 πά-

1978 5650 2059 5703 λιν
2092 5651 2136 5703 ot
2168 5649 2262 5703 δύο
2304 5650 2751 5722 όμοφωνήσαντες
2791 5649 3141 5720 ἀνεχώρησαν
3181 5650 3274 5702 καὶ
3306 5645 3543 5718 ἀπῆλθον
