3850 6517
224 495 330 553 :5¹3

845 497 1216 556 mvl-:uhts
1253 499 1601 557 ttAERsssEs
1642 500 1769 558 um.
1813 509 1854 560 l.
1895 502 2064 561 Tott.
2103 505 2171 560 11.
2210 535 2282 545 —-
2318 505 2595 563 ltAEttEs.
2634 505 2826 564 xxlv.

3385 501 3493 563 8Ιὸ

219 617 348 677 τοὺς
389 612 539 685 αὐτῷ
592 613 1064 688 μαθητευομένους
1099 617 1365 671 ἐπιτελεῖν
1387 657 1402 681 ,
1441 616 1641 689 ἄνδρας
1676 619 1814 688 μετὰ
1844 632 1888 689 Α
1919 623 2275 690 progressum
2307 620 2399 676 illa
2431 620 2751 692 impuritate
2792 621 3068 692 capiente,
3098 617 3262 691 cujus
3300 626 3497 675 artetur

220 705 846 778 γυναικῶϊπολυμιξίαν
861 707 980 761 τινὰ
995 709 1171 778 κακῆς
1190 708 1497 771 ὑποθέσεως
1517 709 1642 773 τοὺς
1660 710 1809 781 αὐτῷ

223 799 546 864 πεισθέντας
576 801 915 854 ἐκδιδάσκει·
942 801 1016 864 ὡς
1037 801 1183 870 λέγει
1207 804 1235 856 ὁ
1279 803 1631 869 'Andos-0205·
1679 803 1809 858 Ἐπὶ

222 889 438 954 τούτοις
495 892 588 949 καὶ
640 894 755 955 τοῖς
800 892 1008 963 ὁμοίοις
1065 892 1247 947 αὐτῶν
1319 895 1806 949 ἀποκαλύπτεσθαι

224 984 396 1056 ὀργὴν
446 983 604 1049 Θεοῦ,
675 986 770 1038 καὶ
817 986 1211 1057 δικαιοκρισίαν
1254 988 1347 1041 ἐπὶ
1373 989 1500 1053 τοὶς
1541 989 1641 1060 τὴν
1674 988 1811 1059 ἀλή-

230 1079 382 1129 θειαν
435 1077 493 1128 ὲν
527 1076 709 1145 ἀδικίᾳ
758 1077 1107 1149 κατέχοντας.
1157 1080 1257 1134 Διά
1309 1080 1514 1152 ταύτην
1556 1081 1665 1153 γὰρ
1712 1081 1812 1154 τὴν

233 1165 414 1219 αἰτίαν
449 1165 547 1236 τῆς
572 1167 901 1236 ἡδυπαθείας
932 1168 1115 1222 πολλοὶ
1152 1170 1232 1233 είς
1269 1169 1368 1241 τὴν
1406 1171 1617 1241 αἳρεσιν
1649 1172 1814 1243 ἐμπί-

234 1271 459 1309 πτουσιν
479 1294 493 1319 ,
557 1255 718 1319 ἰδεῶς
768 1256 1114 1329 εὑρίσκοντες
1154 1259 1425 1314 ἐπιτελεῖν
1471 1261 1571 1333 τὴν
1620 1260 1814 1333 ἡδονὴν

237 1347 444 1402 ἑαυτῶν
470 1349 529 1401 ὲν
560 1351 683 1412 ταῖς
720 1350 1152 1421 αἰσχρουργίαις.

310 1627 380 1677 Δ’.
425 1624 676 1680 Διδάσκει
697 1625 755 1680 δὲ
785 1625 950 1680 πάλιν
991 1626 1086 1681 καὶ
1123 1627 1423 1700 ἀνατρέπει
1461 1629 1707 1700 φάσκων,
1739 1632 1814 1706 μὴ

235 1714 346 1768 διῖν
391 1720 709 1788 μαρτυρεῖν.
758 1718 817 1770 ‘0
845 1717 954 1790 γὰρ
997 1718 1292 1792 μαρτυρῶν
1325 1720 1553 1793 ἄμισθος
1588 1723 1816 1796 εὑρεθή-

232 1823 404 1870 σεται,
444 1809 737 1881 μαρτυρῶν
763 1809 903 1879 ὑπὲρ
938 1809 1034 1863 τοῦ
1078 1811 1443 1882 πεποιηκότος
1471 1813 1562 1865 τὸν
1603 1812 1816 1886 ἅνθρω-

230 1917 364 1953 πον·
400 1905 671 1973 μαρτυρεῖ
699 1901 808 1974 γὰρ
848 1901 989 1974 ὑπὲρ
1035 1902 1131 1957 τοῦ
1165 1904 1582 1976 ὲσταυρωμένου
1633 1905 1815 1976 Σίμω-

1919 711 2108 767 simon
2156 710 2278 777 fuit,
2330 712 2544 767 nullum
2602 729 2711 769 non
2771 712 3061 784 pravitatis
3135 710 3497 782 libidinisque

1916 819 2090 875 genus
2130 804 2443 861 obeundum
2478 805 2768 876 discipulis
2805 805 3102 874 permittit;
3138 805 3499 876 virorumque

1915 911 1981 951 ac
2032 897 2322 952 mulierum
2361 897 2706 967 promiscuos
2750 897 3103 961 concubitus,
3150 903 3206 952 et
3252 896 3497 952 scelera·

1914 998 2097 1044 torum
2131 988 2452 1060 dogmatum
2489 988 2803 1060 congeriem
2828 986 3200 1044 sectatoribus
3224 989 3342 1044 suis
3369 1002 3500 1057 pro-

1915 1081 2089 1151 ponit.
2123 1081 2280 1149 Quod
2313 1093 2367 1138 et
2391 1083 2459 1136 ab
2493 1081 2757 1153 Apostolo
2792 1087 3043 1136 notatum
3082 1086 3190 1144 est,
3220 1094 3344 1133 eum
3382 1078 3496 1143 ait,

1916 1173 1974 1227 in
2004 1172 2092 1230 his
2117 1185 2172 1229 et
2197 1174 2394 1229 horum
2419 1173 2697 1228 similibus
2735 1175 2871 1227 iram
2902 1170 2999 1227 Dei
3032 1171 3285 1235 revelari,
3315 1185 3380 1225 ac
3407 1169 3499 1239 ju·

1915 1273 2061 1321 stum
2088 1265 2354 1337 iudicium
2375 1265 2430 1320 in
2447 1281 2567 1329 eos.
2605 1267 2700 1338 qui
2728 1265 3085 1321 veritatemin
3111 1264 3329 1336 justitia
3365 1262 3501 1318 deti·

1916 1359 2111 1414 nent‘.
2153 1357 2289 1413 Nam
2320 1358 2395 1414 ob
2422 1373 2516 1414 eas
2547 1359 2858 1430 voluptates
2885 1357 3133 1428 plerique
3160 1355 3227 1412 ad
3260 1355 3501 1413 haeresin

1914 1450 2257 1514 desciscunt,
2288 1449 2381 1504 ubi
2415 1448 2742 1506 foedissimis
2781 1450 3009 1522 flagitiis
3053 1451 3273 1520 impune
3317 1447 3502 1503 libidi-

1916 1559 2041 1601 nem
2080 1558 2236 1598 suain
2260 1542 2484 1614 explere
2510 1543 2744 1614 possint.

1989 1631 2077 1688 lv.
2110 1633 2253 1702 Quin
2280 1633 2446 1689 etiam
2487 1631 2596 1686 alio
2625 1631 2959 1685 documento
3008 1644 3110 1685 suo
3158 1637 3501 1686 sectatorum

1916 1728 2136 1783 animos
2163 1725 2488 1797 corrumpit.
2522 1722 2613 1779 Ait
2649 1723 2796 1780 enim
2831 1722 3161 1794 martyrium
3201 1721 3357 1778 obire
3404 1734 3504 1776 ne-

1917 1834 2194 1891 quaquam
2242 1827 2519 1890 oportere.
2574 1813 2680 1884 Qui
2726 1816 2875 1871 euim
2918 1814 2973 1869 id
3026 1813 3193 1868 faciat
3245 1809 3503 1868 mercede

1918 1913 2246 1974 cariturum,
2274 1925 2397 1966 cum
2432 1911 2486 1965 in
2513 1909 2635 1980 ejus
2669 1909 2761 1979 qui
2786 1908 3066 1963 hominem
3100 1905 3348 1961 condidit
3371 1919 3502 1977 gra-

229 2009 336 2056 νῡς·
379 1992 552 2048 Πόθεν
589 1993 647 2046 δὲ
679 1992 855 2065 τούτῳ
905 1993 1096 2065 μισθὸς
1126 1996 1235 2067 εἴη,
1285 1996 1446 2050 ὁπότε
1484 1995 1816 2067 ἀποθνήσκει
1849 2011 1890 2066 Β
1921 2004 2053 2057 tiam
2093 2000 2241 2058 istud
2277 2000 2574 2071 suscipia13
2617 2009 2671 2055 et
2721 2008 2906 2055 tamen
2952 1999 3019 2055 ad
3071 1999 3352 2054 Simonem
3407 1996 3503 2067 qui

232 2087 329 2157 μὲν
359 2086 500 2158 ὑπὲρ
531 2085 773 2157 Σὲμωνος
806 2085 900 2140 τῠῦ
927 2088 1364 2160 ὲπαυρωμένου,
1402 2088 1544 2160 ὑπὲρ
1576 2088 1812 2161 Χριστοῦ
1914 2110 2225 2165 suspensus
2257 2094 2315 2148 in
2353 2109 2520 2150 cruce
2568 2093 2642 2148 sit
2676 2093 2998 2165 martyrium
3039 2091 3332 2148 referatur.
3404 2086 3503 2143 Et·

223 2177 280 2230 δὲ
316 2176 473 2231 τοῦτο
501 2180 674 2231 ποιεῖν
695 2179 969 2250 ὁμολογεῖ,
999 2179 1029 2233 ὃ
1057 2182 1260 2249 ἀγνοεῖ,
1287 2179 1646 2254 ἀποθνήσκων
1674 2182 1816 2254 ὑπὲρ
1856 2176 1877 2200 ’
1912 2185 2061 2240 enim
2086 2186 2362 2241 undenam
2380 2186 2429 2242 ei
2464 2186 2746 2257 praemium
2788 2184 3246 2256 exspectandum.
3277 2181 3373 2254 qui
3404 2193 3507 2251 pro

222 2260 287 2321 οὔ
313 2270 374 2322 οὐ
405 2271 700 2339 γινώσκει;
739 2272 832 2324 Δεῖ
866 2272 1048 2327 τοίνυν
1098 2272 1548 2346 ἀρκεῖσθαι(58),
1592 2273 1687 2329 καὶ
1739 2274 1816 2346 μὴ
1918 2271 2145 2331 Simone
2192 2275 2460 2331 crucifixo
2522 2288 2753 2332 mortem
2813 2286 3082 2349 appetens
3142 2275 3382 2345 idipsum
3443 2286 3507 2329 se

232 2359 540 2429 προαλόντα
566 2359 952 2431 ἀποθνήσκειν.
1702 2356 1709 2361 ’
1917 2363 2127 2420 Christi
2159 2380 2328 2421 causa
2364 2364 2547 2422 faeere
2581 2366 2893 2436 profitetur.
2940 2374 2995 2421 et
3031 2365 3252 2438 quidem
3292 2365 3508 2434 impru-

235 2449 398 2504 dens?
424 2450 559 2504 Nam
600 2466 698 2521 pro
763 2465 828 2506 eo
860 2467 1024 2522 quern
1066 2453 1302 2523 ignorat,
1344 2452 1505 2509 morti
1571 2468 1698 2509 sese
1761 2456 2082 2512 committit.
2120 2455 2383 2513 Sufficere
2411 2473 2542 2529 ergo
2582 2458 2742 2514 nobis
2780 2458 2929 2514 istud
2959 2459 3117 2514 debet
3183 2471 3407 2526 :neque
3456 2449 3507 2510 si

232 2543 435 2598 detenti
492 2542 758 2598 fuerimus
817 2547 1014 2601 mortis
1071 2560 1229 2615 poeua
1261 2547 1572 2603 subeunda.

305 2639 380 2692 E'.
420 2639 809 2712 Φωραθήσεται
841 2641 899 2695 δὲ
931 2633 1088 2704 οὗτος
1108 2641 1419 2713 διαὸολικὴν
1441 2641 1670 2714 δύναμιν
1701 2645 1818 2697 εἰσ-

232 2729 535 2799 ηγούμενος
585 2730 725 2785 κατὰ
765 2731 875 2786 τῶν
911 2731 1120 2802 ψυχῶν,
1164 2733 1604 2805 ἀπαρνησιθεῖαν
1646 2734 1819 2800 αύτάς

234 2823 599 2878 ἑκδ.ὄάσκων·
643 2825 804 2878 ὁπότε
840 2825 1004 2891 αὐτὸς
1033 2827 1062 2879 ὁ
1096 2827 1298 2898 Κύριος
1340 2828 1508 2900 φησί·
1554 2827 1665 2882 Τὸν
1715 2828 1820 2897 ἀρ-

233 2918 533 2987 νούμενόν
557 2935 636 2987 με
661 2917 921 2974 ἐνώπιον
957 2919 1074 2974 τῶν
1116 2922 1463 2989 ἀνθρώπων,
1482 2921 1820 2995 ἀρνήσομαι

236 3007 398 3076 κάγὼ
434 3009 624 3063 αὑτὸν
647 3009 907 3065 ἐνώπιον
942 3009 1049 3066 τοῦ
1082 3013 1314 3081 Πατρός
1332 3030 1454 3082 μου
1482 3014 1588 3072 τοῦ
1620 3015 1692 3070 ὲν
1713 3017 1818 3071 οὐ·

226 3101 455 3169 ρανοῒς.
534 3102 695 3156 Ἀλλὰ
741 3104 961 3174 φησὶνὸ
1017 3103 1292 3176 ἀγύρτης·
1342 3106 1565 3178 Ἡμεῖς,
1623 3108 1813 3180 φησὶν,

233 3193 401 3265 ἐσμὲν
427 3195 489 3248 οἱ
503 3192 811 3267 ἅνθρωποι·
846 3198 896 3250 οἱ
930 3197 989 3251 δὲ
1017 3197 1167 3251 ἄλλοι
1209 3197 1412 3262 πάντες
1447 3197 1540 3264 ὗες
1582 3201 1678 3253 καὶ
1717 3198 1818 3253 κύ-

232 3303 343 3349 νες.
380 3288 490 3340 Καὶ
521 3286 608 3341 διὰ
634 3288 792 3342 τοῦτο
831 3282 984 3341 εἷπε·
1018 3288 1115 3358 Μὴ
1143 3281 1383 3357 ,βάλητε
1415 3291 1558 3357 τοὺς
1592 3308 1820 3362 μαργα-

228 3378 403 3446 ρίτας
427 3379 766 3448 ἔμπροσθεν
795 3380 914 3434 τῶν
941 3383 1181 3451 χοίρων,
1199 3383 1357 3452 μηδὲ
1381 3383 1517 3438 δότε
1552 3384 1822 3455 werzone

235 3470 360 3536 τοῖς
390 3474 556 3525 κυσί.
612 3471 861 3543 Κρύπτει
902 3472 1009 3544 γὰρ
1059 3473 1254 3528 ἑαυτοῦ
1296 3474 1396 3546 τὴν
1446 3474 1659 3530 ἀδικίαν
1712 3476 1823 3530 ἀπὸ

232 3562 341 3616 τῶν
367 3562 492 3619 νοῦν
523 3565 756 3634 ἑχόντων
777 3581 792 3596 ·
825 3564 1201 3621 ἀποκαλύπτει
1248 3567 1305 3619 δὲ
1360 3569 1426 3638 τῇ
1460 3567 1625 3621 αὐτοῦ
1657 3568 1820 3640 σχολῇ

234 3654 328 3710 καὶ
354 3656 463 3719 τοῖς
498 3656 588 3709 ὑπ’
635 3655 802 3710 αὐτοῦ
834 3657 1235 3729 ἠπατημένοις.
1287 3657 1500 3729 Ἐπειδὴ
1548 3659 1658 3730 γὰρ
1690 3657 1824 3729 ἁλη-

236 3743 345 3808 θῶς
370 3743 438 3798 τὰ
471 3747 602 3817 παρ’
635 3749 822 3810 αὐτοῖς
855 3746 1127 3816 λεγόμενα
1176 3747 1273 3798 καὶ
1299 3747 1557 3814 γινόμενα
1602 3747 1824 3817 αἰσχρόν

237 3839 356 3892 ἐστι
392 3837 485 3890 καί
512 3837 692 3905 λέγειν
713 3855 726 3867 ·
758 3837 930 3899 λέγει,
977 3837 1059 3887 ὅτι
1099 3833 1333 3887 ἐνώπιον
1369 3833 1476 3885 τῶν
1523 3833 1825 3905 ἀνθρώπων

234 3929 317 3983 δεῖ
361 3928 643 3996 ὁμολογεῖν
687 3927 786 3994 τὴν
838 3923 1118 3992 ἀλήθειαν.
1166 3923 1360 3992 Ἡμεῖς
1409 3923 1517 3993 γάρ
1562 3925 1730 3996 ἐσμεν
1775 3927 1825 3979 οἱ

236 4019 520 4088 ἅνθρωποι
542 4033 554 4047 ·
589 4017 637 4067 οἱ
665 4015 720 4067 δὲ
754 4013 903 4067 ἄλλοι
934 4014 1025 4077 ὗες
1073 4013 1167 4067 καὶ
1202 4009 1385 4079 κύνες,
1433 4013 1507 4079 ὡς
1543 4018 1822 4088 προεῖπον.

239 4113 444 4163 Φὰσκει
474 4108 528 4160 δὲ
577 4107 738 4178 μόνον
787 4107 915 4179 περὶ
961 4106 1175 4179 Πατρὸς
1208 4106 1304 4160 καὶ
1348 4106 1442 4160 τοῦ
1487 4106 1679 4188 ἑαυτοῦ
1717 4126 1823 4180 μυ-

247 4201 475 4272 στηρίου
527 4200 716 4273 μηδενὶ
756 4198 1184 4263 ἀποκαλύπτειν,
1236 4199 1372 4255 ἀλλὰ
1411 4203 1536 4271 σιγῇ
1577 4200 1722 4272 ἔχειν
1765 4204 1823 4256 ἐν

245 4295 490 4356 ἑαυτοῖς·
528 4292 612 4347 ἑνὶ
638 4291 696 4346 δὲ
727 4291 836 4345 ἀπὸ
881 4291 1065 4363 χιλίων
1092 4291 1516 4358 ἀποκαλύπτειν,
1551 4294 1646 4348 καὶ
1671 4293 1824 4349 δυσὶν

241 4384 352 4439 ἀπὸ
398 4385 626 4458 μυρίων.
681 4383 793 4440 Καὶ
850 4385 1166 4439 ὑποτίθεται
1208 4388 1320 4449 τοῖς
1352 4384 1519 4439 αὐτοῦ
1554 4385 1825 4458 μαθηταῖς

242 4475 438 4544 λέγων,
479 4476 561 4530 ὄτι
608 4476 795 4547 Ὑμεῖς
829 4475 1008 4530 πάντα
1052 4476 1382 4546 γινώσκετε·
1426 4478 1572 4549 ὑμᾶς
1614 4477 1671 4532 δὲ
1711 4497 1822 4552 μη-

1993 2638 2059 2694 V.
2094 2638 2390 2695 Enimvero
2431 2639 2763 2695 diabolicam
2811 2638 3109 2712 quamdam
3142 2641 3252 2695 vim
3284 2640 3505 2700 aelani-

1920 2749 2139 2788 marmn
2170 2734 2322 2788 illum
2362 2733 2639 2790 invexisse
2672 2732 2974 2804 perniciem
3005 2733 3169 2789 facile
3197 2735 3508 2806 deprehen·

1920 2826 2134 2890 demus,
2196 2835 2253 2880 ut
2293 2825 2389 2897 qui
2426 2824 2596 2880 Deum
2641 2826 2859 2896 ejurare
2888 2826 3012 2881 illos
3044 2826 3293 2887 edoceat.
3328 2841 3506 2895 quan·

1920 2916 2214 2989 doquidem
2273 2914 2537 2973 Dominus
2576 2918 2697 2988 ipse
2742 2914 2919 2973 dicit:
2948 2917 3054 2982 Qui
3101 2919 3364 2989 »tegerer-it
3397 2933 3511 2973 ‚nte

1921 3028 2103 3065 coram
2146 3010 2466 3075 Ιιοηιίηίὺιισ,
2515 3012 2712 3082 negabo
2757 3019 2806 3063 et
2855 3025 2947 3080 eqo
2976 3025 3097 3063 eum
3130 3026 3311 3064 cortem
3348 3008 3512 3064 Patre

1920 3104 2028 3176 ⁷2
2077 3119 2188 3157 meo
2224 3102 2313 3174 qui
2359 3104 2413 3157 iu
2460 3104 2603 3157 coelis
2650 3112 2729 3158 est
2759 3103 2805 3156 ².
2844 3103 2913 3155 At
2944 3100 3093 3156 enim
3128 3108 3405 3158 veterator
3427 3100 3510 3154 lo-

1922 3198 2116 3266 quitur
2150 3193 2319 3265 :Nos,
2359 3196 2559 3267 inquit,
2607 3197 2863 3250 homines
2900 3209 3097 3250 sumus
3125 3211 3138 3248 2
3168 3191 3352 3248 coeteri
3388 3206 3510 3248 otn-

1925 3303 2024 3343 nes
2063 3287 2198 3341 nihil
2236 3288 2385 3342 aliud
2415 3304 2579 3359 quam
2614 3303 2744 3343 sues
2782 3295 2837 3341 et
2871 3301 3059 3341 canes.
3099 3285 3335 3356 ldeoque
3375 3285 3512 3341 seri·

1924 3389 2078 3449 ptum
2110 3387 2196 3433 est
2226 3397 2238 3432 :
2272 3376 2454 3432 Nolite
2472 3382 2654 3448 jacere
2685 3378 3009 3450 marqaruus
3028 3384 3151 3431 ante
3171 3391 3383 3442 porcos,
3414 3392 3509 3432 ne·

1923 3484 2021 3538 que
2051 3466 2181 3521 dare
2214 3478 2457 3523 setectum
2489 3466 2710 3522 cautibus
2743 3468 2785 3521 ⁸.
2820 3466 3104 3538 Siquidem
3136 3466 3205 3522 de
3253 3482 3352 3522 sua
3406 3467 3511 3521 im-

1924 3560 2200 3631 probitate
2227 3560 2371 3616 eelat
2399 3576 2496 3616 eos
2541 3561 2635 3632 qui
2673 3560 2959 3630 sapientiae
2993 3560 3244 3615 nonnihil
3275 3559 3507 3624 habent,

1923 3668 1989 3708 ae
2020 3668 2134 3708 suae
2166 3652 2436 3708 duntaxat
2484 3652 2694 3710 schola>
2738 3660 2793 3709 et
2832 3651 3231 3709 circumventis
3258 3668 3288 3706 a
3319 3666 3379 3707 se
3406 3650 3509 3706 lto-

1925 3744 2171 3798 minibus
2198 3746 2446 3814 exponit.
2488 3744 2760 3811 Quoniam
2812 3757 3003 3800 revera
3052 3759 3177 3814 quae
3206 3743 3414 3798 abillis
3437 3742 3514 3798 di·

1927 3843 2132 3888 cuntur
2169 3841 2225 3890 et
2273 3833 2431 3898 liunt,
2490 3844 2649 3906 turpe
2694 3842 2776 3891 est
2842 3835 3003 3892 etiam
3054 3835 3235 3906 eloqui
3264 3833 3286 3866 ⁸
3341 3834 3513 3905 lgitur

1926 3939 2114 3980 eoram
2162 3924 2485 3981 hominibus
2535 3924 2899 3998 profitendam
2934 3941 3061 3982 esse
3100 3927 3390 3983 veritatem
3417 3926 3515 3981 do-

1927 4025 2035 4075 cet.
2076 4016 2190 4077 Nos
2245 4019 2393 4075 enim
2442 4020 2701 4077 homines
2747 4036 2972 4089 sumus;
3000 4021 3188 4078 caeteri
3220 4036 3383 4077 suum
3418 4034 3515 4075 ea-

1924 4124 2170 4181 numque
2210 4126 2465 4180 numero,
2503 4112 2582 4168 uti
2628 4112 2896 4170 diximus.
2949 4111 3014 4167 Et
3050 4104 3183 4169 illud
3226 4111 3508 4178 admonet,

1926 4211 1985 4257 ut
2018 4203 2087 4259 de
2121 4201 2285 4259 Patre
2309 4201 2579 4260 duntaxat
2623 4220 2942 4276 arcanoque
2970 4219 3073 4261 suo
3102 4203 3309 4259 nemini
3344 4202 3514 4273 sigui·

1925 4290 2114 4360 licent,
2144 4291 2243 4349 sed
2267 4292 2497 4349 tacitum
2532 4277 2688 4364 apud*
2702 4309 2763 4350 se
2794 4294 3095 4360 retineant,
3127 4303 3224 4347 aut
3260 4292 3354 4347 uni
3400 4291 3516 4347 sal-

1929 4391 2035 4438 tem
2068 4398 2101 4439 e
2129 4381 2398 4446 millibus,
2438 4399 2503 4438 ac
2530 4383 2749 4439 duobus
2782 4399 2845 4439 ex
2886 4384 3079 4439 decem
3113 4383 3359 4439 millibus
3388 4396 3517 4453 ape·

1927 4475 2094 4530 riant.
2118 4473 2264 4542 Quin
2300 4482 2358 4531 et
2398 4474 2517 4532 suis
2556 4475 2849 4547 discipulis
2906 4476 2985 4532 ita
3034 4476 3283 4547 praecipit
3310 4493 3323 4529 :
3353 4473 3510 4537 Date,

241 4570 354 4636 δεῖς
381 4569 718 4638 γινωσκέτω.
767 4568 939 4633 Αὐτὸς
971 4569 1029 4622 δὲ
1067 4571 1163 4625 καὶ
1191 4571 1241 4623 οἱ
1283 4569 1378 4623 ἀπ’
1406 4569 1573 4624 αὐτοῦ
1613 4569 1829 4643 ἐρωτώ-
1930 4565 2129 4638 inquit,
2176 4581 2401 4638 operam
2458 4575 2517 4622 ut
2561 4568 2750 4624 omnia
2785 4569 3160 4639 cognoscatis,
3193 4580 3356 4622 nemo
3380 4578 3511 4622 vert:

249 4678 402 4732 μενοι
447 4660 732 4725 Ἰουδαίους
765 4660 864 4732 μὲν
893 4662 1121 4724 ἑαυτοὺς
1145 4663 1341 4732 μηκέτι
1365 4658 1506 4717 εἶναι
1533 4661 1822 4732 φάσκουσι,
1857 4687 1903 4742 D
1930 4673 2029 4715 vos
2057 4669 2380 4730 cognoscat.
2410 4658 2685 4716 Caeterum
2718 4667 2827 4716 tam
2861 4660 3002 4732 ipse,
3036 4671 3204 4730 quam
3246 4658 3342 4728 qui
3390 4656 3516 4725 ejus

245 4754 606 4829 Χριστιανοὺς
649 4752 706 4806 δὲ
758 4754 956 4825 μηκέτι
999 4754 1352 4825 γεγενῆσθαι,
1379 4754 1498 4808 ἀλλ’
1545 4753 1825 4828 ἀρνεῖσθαι
1929 4759 2135 4808 sectam
2153 4750 2386 4822 amplexi
2420 4751 2809 4824 sunt‚quoties
2837 4745 3516 4822 interrogantur‚1udaeos

247 4849 508 4902 πάντοτε·
552 4845 696 4917 ἔχειν
740 4844 798 4898 δὲ
844 4845 1020 4918 ἐαυτῷ
1050 4847 1174 4919 σιγῇ
1220 4846 1319 4919 τὴν
1350 4846 1555 4911 πίστιν.
1588 4849 1683 4904 καὶ
1719 4865 1828 4920 μη·
1929 4843 2240 4915 quidemse
2276 4860 2403 4902 esse
2437 4832 2663 4918 negant,
2702 4843 3052 4900 Christianos
3087 4854 3218 4897 vcro
3269 4837 3515 4894 nondum

246 4938 358 4993 δενὶ
389 4934 790 4999 ὑποδεικνύναι,
819 4933 921 5007 τὴν
948 4936 1208 5008 αἰσχύνην
1240 4936 1437 4991 ἑαυτοῦ
1474 4938 1828 5011 ὑφορώμενος
1931 4936 2123 4994 fuisse.
2152 4931 2245 4994 Sie
2275 4938 2553 5010 abnegare
2582 4945 2848 5010 perpetuo
2874 4934 3056 5000 fldem,
3081 4946 3316 5002 eamque
3348 4929 3517 4987 tacite

246 5028 334 5082 διὰ
366 5030 426 5082 τὸ
462 5026 910 5099 ἀπαρρησίαστον
943 5026 1041 5098 τῆς
1075 5029 1488 5102 αἰσχρουργίας,
1528 5031 1622 5084 καὶ
1651 5030 1828 5102 κακῆς
1931 5029 2074 5100 apud
2104 5045 2164 5086 se
2190 5031 2503 5096 custodire,
2537 5044 2639 5086 nec
2689 5028 2785 5084 ulli
2824 5025 3138 5100 patefacere
3179 5037 3312 5078 suos
3364 5020 3521 5076 insti·

254 5121 414 5177 αὐτοῦ
441 5118 808 5182 διδασκαλίας.
1937 5124 2042 5178 ιιιίι
2066 5141 2081 5192 ;
2109 5126 2259 5196 quod
2295 5123 2557 5179 nimirum
2587 5129 2904 5194 suspectam
2942 5119 3145 5174 habeat
3178 5115 3298 5186 ipse
3337 5115 3518 5186 turpi·

1935 5215 2175 5271 tudinem
2216 5230 2399 5280 suam,
2444 5231 2569 5269 cum
2614 5223 2723 5268 tam
2769 5212 3029 5267 immanis
3069 5205 3309 5270 foeditas‚
3350 5212 3519 5278 atque

1933 5304 2148 5377 impura
2177 5306 2473 5377 disciplina
2505 5302 2770 5358 audacter
2799 5299 3039 5371 evulgari
3078 5312 3186 5352 non
3222 5295 3448 5380 audeat..

2005 5394 2095 5451 vt.
2129 5394 2304 5469 liujus
2331 5411 2463 5453 vero
2509 5394 2765 5466 pessimae
2793 5399 2956 5448 sectae
2999 5387 3350 5446 occasionem
3412 5387 3522 5444 ini·

1936 5489 2185 5560 tiumque
2228 5488 2380 5546 dedit
2412 5489 2505 5543 illa
2556 5485 2789 5557 quaestio
2838 5499 2902 5540 ac
2950 5481 3256 5554 disputatio
3296 5478 3523 5536 :Unde-

1935 5596 2061 5635 uam
2092 5581 2295 5635 malum
2314 5580 2583 5652 originem
2610 5575 2886 5632 habuerit.
2907 5574 3110 5633 Verum
3137 5572 3524 5642 unusquisque

1934 5670 2244 5743 eujusmodi
2275 5671 2366 5737 sit,
2402 5667 2886 5726 administratione
2914 5682 2980 5724 ac
3009 5663 3383 5738 negotiatione
3415 5673 3521 5718 sua

327 5793 342 5823 ⁸
378 5788 535 5844 nom.
570 5807 607 5850 ι,
643 5789 727 5844 18.
803 5791 824 5822 ¹
856 5788 1048 5844 Manu.
1075 5806 1130 5852 ι,
1160 5789 1249 5846 55.
1326 5791 1348 5825 ⁸
1377 5788 1567 5844 Mattlr.
1598 5804 1694 5853 vu,
1720 5789 1774 5843 6.
1854 5793 1875 5824 ⁴
1905 5789 2104 5862 Epltes.
2147 5807 2198 5857 v,
2234 5790 2316 5845 ¹2.

324 5903 439 5972 (58)
479 5903 577 5959 Δεῖ
630 5904 837 5960 τοίνυν
885 5904 1216 5975 ἀρκεῖσθαι.
1278 5905 1471 5963 Scribe
1526 5902 1828 5976 ἀρνεῖσθαι.

333 5396 422 5463 (ζ’.
468 5394 632 5464 Ἔσχε
660 5393 717 5446 δὲ
753 5394 787 5464 ἡ
811 5392 954 5465 ἀρχὴ
980 5389 1154 5461 αὐτῆς
1189 5389 1288 5460 τῆς
1308 5389 1485 5459 κακῆς
1512 5391 1833 5462 προφάσεως

254 5489 354 5558 τὴν
394 5484 570 5539 αἰτίαν
599 5485 707 5538 ἀπὸ
752 5483 845 5538 τοῦ
882 5484 1067 5554 ζητεῖν
1097 5484 1193 5537 καὶ
1220 5482 1401 5551 λέγειν
1433 5482 1595 5537 πόθεν
1635 5483 1696 5537 τὸ
1738 5501 1837 5538 κα·

251 5579 370 5634 κόν.
403 5579 518 5640 Πᾶς
550 5576 607 5630 δὲ
637 5579 745 5632 ἀπὸ
773 5579 874 5649 τῆς
908 5576 1103 5632 ἑαυτοῦ
1137 5565 1525 5649 πραγματείας
1554 5576 1837 5649 δειχθήσευ

253 5685 346 5725 ται
389 5668 572 5733 ὁποῖὸς
624 5670 794 5723 ἔστιν.
850 5669 1135 5743 Ἐμπορος
1179 5667 1312 5739 γοῦν
1362 5662 1518 5733 οὗτος
1564 5666 1754 5723 κακῶν
1810 5672 1839 5723 ὁ
