3850 6517
311 471 381 531 3¹1
1586 468 1643 523 S.
1687 466 2027 522 ΕΡΙΡΙΙΑΝΙΙ
2068 469 2244 525 Vl'rA.
3476 484 3549 542 53

373 583 472 638 ω’.
528 580 878 645 Ἐξελθόντων
914 579 970 632 δὲ
1000 579 1154 650 ἡμῶν
1192 580 1301 634 ἀπὸ
1343 579 1437 634 τοῦ
1488 582 1875 653 μοναστηρίου,
1904 585 1951 642 A
2050 581 2159 637 xlt.
2191 583 2328 638 Cum
2355 594 2536 642 autem
2558 603 2660 643 nos
2692 592 2894 661 egressi
2922 608 3166 650 essemus
3209 611 3240 653 e
3272 610 3554 656 monaste·

302 671 676 745 ἐπορευόμεθα
698 671 796 743 τὴν
824 670 941 725 ὁδὸν
960 669 1135 741 ἡμῶν.
1182 670 1270 734 Ὦς
1297 670 1354 724 δὲ
1382 671 1492 725 ἀπὸ
1519 671 1762 743 σημείων
1785 670 1880 726 δύο

299 765 396 820 τοῦ
433 762 798 836 μοναστηρίου
823 762 1134 833 ἀπήντησεν
1152 763 1285 833 ἡμῖν
1313 761 1592 826 νεανίσκος
1617 780 1721 827 τις,
1740 761 1880 834 ἔχων

298 853 624 927 ἁρχοντικὸν
677 851 931 923 δαίμονα,
966 852 1438 924 κατατεμνόμενος
1478 855 1536 907 ἐν
1589 855 1653 925 τῇ
1687 853 1880 925 ἐρήμῳ

299 945 393 999 ὑπ’
423 942 612 997 αὑτοῦ.
637 941 839 994 Τοῦτον
869 940 993 995 ίδὼν
1036 942 1347 1012 Ἐπιῳάνιος
1367 942 1596 1014 γυμνὸν,
1630 943 1723 998 καὶ
1745 943 1880 996 ἀτά-

303 1053 421 1107 κτῳ
444 1033 623 1106 δρόμῳ
646 1032 995 1104 ἁλισκόμενον
1026 1033 1131 1087 ὑπὸ
1157 1031 1250 1086 τοῦ
1291 1030 1601 1104 ἀκαθάρτου
1631 1032 1878 1103 πνεύμα-

306 1145 420 1192 τος,
450 1124 672 1196 ἔκραξεν
710 1123 920 1196 μεγάλῃ
955 1125 1106 1195 φωνῇ
1132 1138 1148 1153 ·
1180 1121 1551 1196 Παραγγέλλω
1579 1140 1662 1177 σοι
1686 1123 1745 1176 ἐν
1764 1122 1880 1176 ὀνό-

315 1236 442 1290 ματι
498 1215 591 1271 τοῦ
626 1214 1042 1287 ἐσταυρωμένον
1104 1212 1279 1282 Ἰησοῦ
1329 1212 1584 1286 Χριστοῦ,
1645 1211 1879 1281 ἐξελθεῖν

309 1309 411 1363 ἀπὸ
444 1305 538 1361 τοῦ
576 1305 891 1376 πλάσματος
922 1304 1016 1358 τοῦ
1042 1302 1199 1359 Θεοῦ.
1228 1303 1442 1368 Εὐθέως
1465 1304 1522 1358 δὲ
1547 1304 1608 1358 τὸ
1637 1304 1880 1377 ἀκάθαρ-

305 1417 394 1453 τον
421 1396 644 1467 πνεῦμα
675 1393 980 1465 ἐσπάραξεν
1017 1394 1110 1446 τὸν
1164 1393 1445 1448 νεανίσκον
1468 1433 1482 1456 ,
1523 1394 1618 1447 καὶ
1660 1394 1878 1467 ἔρριψεν

301 1490 462 1544 αὐτὸν
498 1489 592 1541 ἐπὶ
641 1485 740 1558 τὴν
769 1487 895 1557 γῆν,
927 1485 1020 1539 καὶ
1053 1485 1274 1556 ἐξῆλθεν
1324 1487 1419 1540 ἀπ’
1474 1485 1660 1542 αὐτοῦ.
1728 1487 1787 1539 ‘0
1820 1485 1878 1538 δὲ

297 1579 610 1651 ἀκάθαρτος
638 1576 849 1648 δαίμων
877 1573 1105 1645 ἔκραξεν
1133 1575 1347 1647 μεγάλῃ
1375 1578 1442 1647 τῇ
1491 1579 1642 1648 φωνῇ
1665 1594 1679 1607 ·
1726 1576 1878 1631 Ἐπι-

299 1671 480 1739 φάνιε,
514 1666 728 1729 διώκεις
765 1683 834 1738 με
865 1665 974 1718 ἀπὸ
998 1664 1093 1719 τοῦ
1139 1665 1302 1718 τόπου
1351 1682 1455 1736 μου
1478 1665 1567 1719 διά
1601 1665 1682 1736 κβ’
1717 1663 1874 1719 ἐτῶν.

312 1759 456 1830 Ἐγὼ
489 1757 824 1830 πορεύσομαι
854 1754 990 1827 πρὸς
1010 1754 1099 1809 τὸν
1126 1754 1347 1839 βασιλέα
1379 1753 1487 1807 τῶν
1518 1753 1760 1826 Περσῶν,
1788 1753 1881 1810 καὶ

300 1848 508 1919 κινήσω
554 1845 714 1900 αὐτὸν
747 1846 888 1899 κατὰ
920 1849 1038 1908 σοῦ,
1094 1845 1189 1898 καὶ
1251 1846 1463 1914 ποιήσω
1498 1861 1558 1898 σε
1591 1843 1729 1916 μετά
1762 1843 1872 1897 θλί-

1982 673 2085 739 rio,
2118 672 2259 728 viam
2290 684 2531 756 nostram
2556 677 2839 736 inivimus.
2870 681 2951 738 Ad
2983 687 3284 742 secundum
3314 703 3446 743 voro
3472 690 3555 746 la-

1980 762 2157 832 pidem
2189 777 2221 819 a
2247 766 2601 833 monasterio,
2633 771 2875 826 occurrit
2905 774 3066 831 nobis
3112 778 3333 847 quidam
3366 779 3554 835 adole-

1981 866 2160 915 scens,
2211 855 2307 924 qui
2356 855 2594 912 habebat
2633 859 2934 916 daemonem
2976 864 3329 934 imperantem
3366 888 3383 925 ι
3415 871 3554 925 etin

1981 940 2273 997 solitudine
2322 946 2392 998 ab
2421 959 2488 1000 eo
2531 945 2958 1018 discerpebatur.
2988 950 3128 1008 Cum
3156 970 3282 1010 eum
3334 957 3557 1017 vidisset

1981 1027 2315 1100 Epiphanius
2349 1033 2554 1089 nudum
2582 1034 2840 1093 insolenti
2873 1049 2928 1095 et
2978 1040 3343 1114 incomposito
3389 1062 3556 1104 cursu
3601 1040 3615 1053 ³

1980 1122 2161 1175 vexari
2194 1123 2262 1177 ab
2287 1122 2571 1180 immundo
2607 1127 2826 1195 spiritu,
2856 1131 3111 1187 clamavit
3155 1150 3351 1207 magna
3378 1155 3511 1194 voce
3538 1158 3559 1195 z

1979 1205 2242 1279 Praecipio
2275 1210 2369 1266 tibi
2396 1213 2450 1267 in
2486 1216 2709 1277 nomine
2730 1216 2758 1273 J
2768 1234 2865 1274 esu
2902 1220 3108 1279 Christi
3137 1227 3407 1295 crucifixi,
3434 1240 3495 1285 ut
3524 1245 3560 1286 a

1980 1299 2076 1356 Dei
2114 1301 2371 1373 figmento
2403 1320 2589 1363 exeas.
2641 1308 2835 1366 Statim
2870 1322 3053 1370 autem
3091 1332 3213 1374 eum
3262 1321 3558 1391 exagitavit

1980 1393 2294 1450 immundus
2316 1396 2563 1466 spiritus,
2595 1409 2649 1454 et
2671 1402 2821 1456 humi
2846 1403 3015 1459 affixit
3041 1420 3055 1458 ε
3083 1418 3246 1477 atque
3278 1410 3347 1465 ab
3373 1427 3441 1466 eo
3468 1423 3557 1468 cst

1979 1497 2251 1554 egressus.
2284 1485 2603 1545 immundus
2629 1499 2811 1545 autem
2832 1492 3045 1550 daemon
3073 1497 3330 1554 clamavit
3356 1517 3552 1572 magna

1954 1574 2112 1628 'voce
2143 1591 2156 1627 :
2198 1571 2242 1628 O
2271 1572 2564 1644 Epiphani,
2606 1585 2664 1632 tu
2699 1596 2786 1635 me
2808 1584 3034 1652 expellis
3056 1587 3231 1643 eloco
3266 1605 3387 1645 meo
3433 1603 3557 1662 post

1980 1664 2216 1733 spatium
2242 1665 2430 1734 viginti
2459 1665 2694 1723 duorum
2726 1686 2996 1729 anitiorum
3040 1693 3053 1729 ι
3084 1692 3185 1747 ego
3235 1679 3325 1734 ibo
3371 1681 3438 1735 ad
3467 1698 3561 1737 re·

1979 1767 2099 1823 gem
2123 1752 2436 1818 Persarum,
2464 1764 2516 1810 et
2535 1759 2761 1815 movebo
2780 1776 2905 1817 eum
2932 1774 3124 1822 contra
3153 1779 3233 1834 te;
3259 1779 3313 1825 et
3341 1769 3555 1837 faciam,

1982 1850 2040 1896 ιιι
2068 1856 2193 1895 cum
2261 1843 2552 1899 afflictione
2606 1861 2789 1903 coram
2824 1864 2890 1907 eo
2944 1853 3179 1910 sistaris.
3229 1856 3562 1918 Adolescens

297 1938 446 2007 ψεως
477 1935 676 2006 πολλῆς
706 1934 1050 2006 παραστῆναι
1082 1935 1224 1989 κατὰ
1262 1934 1554 2005 πρόσωπον
1587 1932 1775 1988 αὑτοῦ.
1821 1934 1878 1987 'O
1913 1911 1952 1966 Β
1983 1938 2162 1985 autem
2190 1931 2336 1985 venit
2359 1932 2659 2002 modestus,
2687 1947 2741 1992 et
2772 1941 3005 2008 procidit
3030 1944 3097 1999 ad
3127 1947 3292 2016 pedes
3322 1947 3559 2022 Epipha-

296 2028 353 2080 δὲ
387 2025 605 2089 νεανίας
641 2022 803 2098 ἦλθεν
838 2026 1150 2096 σωφρόνως,
1183 2025 1278 2080 καὶ
1311 2025 1504 2081 ἔπεσεν
1526 2025 1608 2089 είς
1633 2017 1762 2089 τοὺς
1786 2023 1882 2077 πό·

294 2118 394 2181 δας
438 2116 771 2188 Ἐπιφανίου.
801 2117 861 2169 Ὀ
896 2116 952 2170 δὲ
993 2115 1307 2186 Ἐπιφάνιος
1331 2116 1550 2188 ἤγειρεν
1575 2115 1762 2182 αὐτὸν,
1795 2113 1885 2177 λέ-

296 2225 409 2275 γων
428 2223 443 2237 ·
492 2206 744 2273 Ἀνάστα,
780 2206 988 2267 τέκνον,
1023 2207 1118 2260 καὶ
1149 2205 1348 2259 ἄπελθε
1393 2209 1452 2261 ἐν
1480 2205 1558 2278 τῷ
1590 2206 1726 2276 οἴκῳ
1785 2221 1880 2258 σου

294 2301 354 2353 ἐν
387 2301 600 2371 εἰρήνῃ.
630 2299 741 2352 Καὶ
766 2298 965 2362 εὐθέως
997 2297 1220 2370 ἀνέστη.

366 2390 466 2444 1Γ’.
517 2389 576 2442 ⁰0
600 2384 693 2442 οὖν
724 2389 934 2458 δαίμων
971 2391 1000 2443 ὁ
1031 2388 1340 2460 ἀκάθαρτος
1375 2387 1646 2461 ἐπορεύθη
1699 2388 1758 2442 ἐν
1812 2387 1879 2458 τῇ

302 2478 546 2549 Περσίδι,
577 2479 673 2532 καὶ
705 2479 969 2550 ἐκολλήθη
991 2481 1061 2550 τῇ
1089 2479 1320 2552 θυγατρὶ
1342 2480 1434 2534 τοῦ
1459 2479 1745 2551 βασιλέως,
1784 2479 1881 2532 καὶ

307 2572 375 2638 τῇ
403 2568 665 2639 τιμωρίᾳ,
696 2563 973 2640 ᾖῆλισκεν
1001 2571 1093 2622 τὸν
1117 2572 1418 2636 νεανίσκον,
1439 2571 1641 2642 ὁμοίως
1670 2570 1762 2624 καὶ
1784 2570 1882 2623 αύ-

306 2660 407 2732 τὴν
448 2657 711 2735 ὲτιμώρει
733 2675 750 2691 ·
811 2659 908 2713 καὶ
942 2658 1174 2731 ἔκραξεν
1199 2661 1406 2728 λέγων·
1452 2663 1580 2716 Ἐὰν
1617 2662 1690 2732 μὴ
1731 2663 1881 2714 Ἐπι-

297 2748 493 2818 φάνιος
510 2747 641 2821 ἔλθῃ
683 2747 924 2804 ἐνταῦθα
974 2750 1003 2802 ό
1036 2747 1359 2813 ἀποστείλας
1397 2767 1462 2820 με
1498 2748 1632 2820 πρὸς
1657 2749 1754 2821 τὴν
1787 2750 1885 2822 σὴν

295 2839 592 2911 θυγατέρα,
622 2841 724 2894 οὐκ
760 2840 1051 2912 ἐξέρχομαι
1090 2840 1190 2895 ἀπ’
1212 2839 1401 2911 αὐτῆς.
1442 2840 1554 2894 Καὶ
1579 2840 1737 2896 πάλιν
1766 2839 1883 2895 ἐλε-

297 2946 391 3000 γεν
431 2930 463 2982 ὁ
488 2928 696 3003 δαίμων
722 2947 737 2961 ·
784 2930 1090 3000 Ἐπιφάνιε,
1147 2930 1210 2983 τὸ
1256 2931 1413 2999 γένος
1454 2931 1565 2985 τῶν
1596 2930 1879 2997 Φοινίκων,

299 3018 421 3074 ἐλθὲ
454 3019 659 3086 ἐνθάδε,
696 3021 842 3085 ὅπως
869 3020 1073 3089 ἐξέλθω
1094 3022 1204 3075 ἀπὸ
1234 3023 1334 3094 τῆς
1361 3021 1632 3094 θυγατρὸς
1661 3021 1757 3076 τοῦ
1784 3021 1882 3094 βα-

299 3111 507 3177 σιλέως.
555 3113 614 3168 ‘0
636 3110 728 3169 οὗν
756 3113 1011 3185 βασιλεὺς
1055 3113 1299 3179 ἀκούσας
1346 3115 1454 3169 ἀπὸ
1501 3113 1594 3168 τοῦ
1624 3113 1881 3184 δαίμονος

301 3206 432 3278 περὶ
463 3207 562 3278 τῆς
593 3207 868 3279 Φοινίκης,
894 3205 1214 3261 ἀπέστειλεν
1240 3204 1445 3278 πλῆθος
1471 3203 1778 3279 ἀνθρώπων
1799 3205 1883 3260 εὐ·
1907 3235 1952 3295 G

299 3296 585 3354 διαλέκτων
610 3296 748 3371 πρὸς
777 3297 1118 3370 ἀναζήτησιν
1158 3297 1503 3367 Ἐπιφανίου.
1526 3298 1640 3352 Καὶ
1658 3296 1724 3369 δὴ
1750 3297 1883 3350 ἀνα-

304 3386 637 3458 ζητήσαντες
667 3388 884 3443 ἃπασαν
910 3389 1010 3460 τὴν
1041 3387 1229 3460 χώραν
1285 3386 1396 3444 τῶν
1452 3387 1737 3453 Φοινίκων,
1783 3387 1883 3459 οὐχ

304 3470 461 3549 εὖρον
484 3495 499 3510 ·
523 3477 644 3532 ἀλλ’
673 3477 978 3552 ἀνεχώρουν
1006 3479 1278 3552 ἄπρακτοι
1311 3481 1448 3552 πρὸς
1484 3479 1576 3533 τὸν
1630 3478 1880 3549 βασιλέα.

302 3570 453 3636 Τινὲς
502 3571 559 3626 δὲ
597 3571 656 3639 ἐξ
684 3571 859 3626 αὐτῶν
889 3573 982 3626 καὶ
1010 3572 1198 3635 κακῶς
1243 3572 1549 3644 ὑπέμειναν
1619 3575 1724 3628 ύπδ
1774 3573 1884 3629 τῶν

312 3662 598 3736 Ῥωμαίων
628 3663 703 3729 ὡς
752 3663 1110 3729 κατάσκοποι,
1142 3665 1237 3717 καὶΙ
1271 3663 1369 3736 τὴν
1401 3664 1507 3736 γῆν
1536 3664 1755 3720 ἃπασαν
1782 3665 1881 3738 τὴν

298 3753 546 3829 Φοινίκην
577 3753 674 3809 ἐπὶ
701 3756 933 3828 πονηρίᾳ
965 3754 1214 3816 θέλοντες
1267 3753 1622 3823 κατανοῆσαι.
1674 3756 1882 3825 Πορευ-

300 3842 484 3908 θέντες
509 3842 565 3896 δέ
596 3844 646 3898 οἱ
671 3842 1106 3914 διαπεμφθέντες
1151 3840 1497 3909 ἀπήγγειλαν
1542 3840 1620 3908 τῷ
1657 3841 1885 3909 βασιλεῖ,

301 3931 383 3985 ὃτι
411 3933 510 4001 οὐχ
533 3924 693 4001 εὖρον
717 3931 810 3982 τὸν
853 3925 1204 4007 Ἐπιφάνιον.
1250 3925 1309 3978 Ὀ
1341 3925 1400 3978 δὲ
1431 3926 1643 3998 δαίμων
1662 3927 1887 4001 ἔκραξεν

312 4019 529 4089 μεγάλῃ
560 4021 632 4087 τῇ
657 4019 811 4086 φωνῇ
835 4034 849 4048 ·
876 4016 969 4070 Ἐν
1021 4014 1100 4086 τῷ
1144 4015 1290 4088 τόπῳ
1342 4017 1422 4089 τῷ
1477 4019 1886 4096 ἐπικαλουμένῳ

312 4107 651 4179 Σπανυδρίῳ,
677 4109 794 4161 ἐκεῖ
813 4107 955 4163 ἔστιν
972 4106 1259 4163 κατοικῶν.
1278 4109 1444 4164 Πάλιν
1468 4106 1563 4165 οὖν
1585 4114 1613 4166 ό
1631 4112 1883 4184 βασιλεὺς

289 4197 817 4272 ,προσκαλεσάμενος
871 4198 914 4252 λ’
970 4199 1192 4271 ἀνδρας,
1256 4195 1410 4255 εἶπεν
1457 4203 1596 4275 πρὸς
1649 4205 1882 4269 αύτούς·

330 4288 682 4344 Ἀποδύσασθε
719 4288 781 4342 τὸ
830 4291 1014 4363 σχῆμα
1053 4289 1115 4344 τὸ
1142 4290 1427 4362 Περσικὸν,
1465 4294 1560 4348 καὶ
1593 4295 1784 4349 λάὸετε
1822 4295 1884 4349 τὸ

311 4380 490 4452 σχῆμα
508 4380 616 4434 τῶν
654 4381 956 4453 Ῥωμαίων,
989 4382 1084 4436 καὶ
1118 4382 1415 4454 πορεύθητε
1448 4385 1507 4437 ἑν
1538 4388 1604 4458 τῇ
1638 4386 1881 4459 Φοινίκη·

287 4473 399 4525 -καὶ
444 4471 815 4543 ἀναζητήσατε
865 4473 957 4526 τὸν
982 4472 1147 4526 τόπον
1173 4475 1268 4527 τὸν
1292 4474 1629 4548 καλούμενον
1673 4476 1884 4530 Σπανύ-

1984 2021 2081 2075 nii.
2130 2020 2234 2087 Qui
2263 2036 2387 2076 eum
2421 2025 2617 2089 erexit,
2647 2026 2833 2084 dicens
2865 2046 2879 2081 τ
2915 2031 3109 2103 Surge,
3144 2037 3243 2100 iili,
3269 2040 3398 2094 etin
3426 2056 3565 2111 paee

1983 2113 2118 2166 vade
2146 2112 2201 2167 in
2240 2112 2464 2168 domum
2505 2122 2677 2173 tuam.
2705 2116 2771 2174 Et
2809 2124 3050 2178 surrexit
3070 2127 3345 2196 protinus.

2053 2372 2192 2429 xl2l.
2226 2373 2545 2431 immundus
2569 2385 2750 2431 autem
2788 2378 3000 2434 daemon
3024 2381 3123 2436 ivit
3165 2380 3218 2437 in
3262 2381 3557 2451 Persidem,

1983 2475 2036 2520 et
2062 2466 2289 2521 adliaesit
2323 2466 2446 2522 iiliae
2475 2467 2843 2537 imperatoris.
2871 2480 2925 2525 et
2962 2487 3084 2528 eam
3110 2475 3298 2531 eodem
3332 2485 3558 2548 torque-

1983 2558 2075 2612 bat
2105 2557 2394 2628 supplicio,
2430 2573 2541 2627 quo
2581 2559 2734 2629 prius
2777 2562 3198 2632 adolescentem,
3266 2575 3317 2621 et
3348 2567 3556 2623 clama·

1983 2649 2095 2712 bat,
2124 2649 2311 2704 dicens
2340 2646 2495 2702 :Nisi
2536 2651 2745 2705 venerit
2791 2650 3146 2723 Epiphanius,
3197 2656 3291 2727 qui
3334 2657 3443 2714 huc
3473 2672 3560 2714 me

1983 2742 2218 2795 misitad
2250 2748 2395 2795 tuam
2425 2741 2613 2805 tiliam,
2647 2741 2715 2795 ab
2759 2757 2819 2798 ea
2852 2759 2962 2799 non
2997 2746 3269 2803 recedam.
3316 2746 3560 2805 Rursus-

1985 2849 2092 2902 que
2149 2832 2365 2888 dicebat
2414 2832 2670 2888 daemon:
2725 2831 3015 2904 Epiphani,
3045 2835 3276 2894 Phoenix
3342 2855 3560 2911 genere.

1984 2925 2104 2977 veni
2131 2923 2258 2988 huc,
2293 2935 2351 2979 ut
2378 2941 2568 2982 exeam
2596 2943 2627 2981 a
2670 2927 2777 2982 filia
2807 2928 2970 2998 regis.
3006 2927 3120 2982 Rex
3171 2936 3374 2995 autem,
3428 2918 3554 2985 cuin

1983 3031 2013 3070 a
2050 3016 2298 3072 daemone
2344 3017 2607 3073 audiisset
2636 3019 2703 3073 de
2744 3017 3046 3083 Plioenicia,
3081 3019 3224 3075 misit
3253 3019 3559 3076 multitudi-

1983 3124 2107 3164 nem
2159 3109 2357 3181 linguae
2412 3110 2711 3179 peritorum
2766 3109 3049 3164 hominum
3082 3110 3149 3164 ad
3198 3110 3555 3180 quaerendum

1985 3197 2367 3270 Epiphanium.
2421 3199 2589 3255 Porro
2636 3209 2815 3255 antem
2870 3215 2995 3255 cum
3035 3199 3419 3269 quaesivissent
3461 3215 3560 3271 per

1989 3298 2157 3345 totam
2177 3289 2497 3346 Pboenicuin
2529 3290 2829 3362 regionem,
2863 3304 2989 3345 eum
3034 3305 3141 3344 non
3198 3290 3562 3346 invenerunt:

1988 3379 2082 3436 sed
2114 3380 2312 3436 reversi
2340 3388 2468 3436 sunt
2491 3378 2560 3434 ad
2591 3394 2794 3452 regem,
2824 3395 2882 3436 re
2919 3379 3411 3438 insccta.Nonnulli
3430 3397 3566 3438 vero

1986 3471 2149 3525 etiam
2184 3486 2249 3526 ex
2271 3471 2355 3526 eis
2400 3471 2541 3526 male
2571 3471 2716 3538 passi
2751 3482 2933 3527 sunta
2970 3470 3251 3538 Romanis,
3299 3483 3558 3544 tanquam

1987 3561 2372 3631 speculatoreS‚
2406 3572 2459 3617 et
2491 3561 2586 3633 qui
2625 3562 2820 3619 callide
2852 3563 3053 3618 vellent
3083 3563 3432 3620 considerare
3470 3573 3559 3620 to·

1987 3665 2094 3710 tam
2120 3655 2396 3725 regionem
2419 3651 2758 3710 Phoenicum.
2790 3655 2924 3710 Cum
2955 3665 3137 3710 autem
3168 3657 3232 3710 ad
3258 3672 3437 3728 regem
3466 3673 3560 3712 vc-

1986 3745 2195 3801 nissent
2228 3745 2300 3809 ii,
2340 3745 2434 3813 qui
2472 3744 2793 3814 effugerant,
2846 3746 3293 3800 renuntiaverunt
3350 3761 3411 3800 se
3448 3762 3559 3802 non

1986 3836 2257 3891 invenisse
2282 3834 2668 3905 Epiphaninm.
2704 3832 2923 3889 Daemon
2954 3842 3135 3889 autem
3188 3851 3381 3906 magna
3429 3851 3560 3890 voce

1985 3925 2261 3989 clamavit,
2299 3924 2518 3979 dicens:
2542 3922 2759 3978 Habitat
2783 3925 2837 3979 in
2865 3924 3005 3990 luco,
3034 3926 3125 3996 qui
3152 3926 3351 3981 dicitur
3378 3925 3563 3995 Span-

1984 4017 2233 4090 hydrion.
2273 4015 2483 4074 Rursus
2508 4033 2637 4088 ergo
2663 4034 2777 4085 rex,
2800 4021 3077 4074 accersitis
3113 4037 3215 4074 xxx
3244 4021 3397 4085 viris,
3420 4020 3560 4075 dixit

1985 4107 2065 4161 eis
2098 4124 2112 4160 z
2147 4104 2342 4160 Exuite
2364 4122 2461 4160 vos
2492 4106 2687 4161 vestitu
2711 4104 2947 4171 Persico,
2993 4116 3045 4161 et
3067 4105 3271 4162 induite
3302 4107 3560 4163 vestitum

1985 4194 2390 4251 Romanorum:
2421 4206 2474 4251 et
2501 4207 2695 4251 euntes
2730 4197 2783 4250 in
2836 4196 3195 4266 l‘hoeniciam,
3222 4208 3276 4254 ct
3306 4215 3557 4270 quaeren-

1985 4296 2065 4343 tes
2085 4287 2284 4354 locum,
2316 4287 2409 4361 qui
2436 4287 2635 4343 dicitur
2664 4286 3064 4359 Spanhyilrion,
3098 4291 3348 4345 adducite
3375 4293 3440 4346 ad
3469 4309 3561 4348 me

1987 4376 2372 4448 Epiphanium.
2407 4378 2673 4434 Abierunt
2700 4380 2794 4449 qni
2830 4381 2981 4435 missi
3044 4380 3282 4448 fuerant,
3327 4387 3555 4442 mutatis

1984 4469 2099 4523 suis
2128 4468 2400 4532 vestibus,
2425 4477 2481 4520 et
2513 4477 2778 4523 venerunt
2823 4469 2874 4522 in
2909 4466 3269 4526 Plioeniciam.
3304 4472 3556 4542 Cumque

304 4563 469 4635 δριον,
519 4562 756 4633 ἀγάγετέ
795 4580 886 4631 μοι
918 4564 1233 4635 Ἐπιφάνιον
1262 4550 1352 4620 τ’δν
1378 4568 1639 4638 οἰκήτορα
1667 4568 1761 4621 τοῦ
1792 4569 1884 4622 τό.
1914 4592 1958 4646 D
1988 4559 2088 4630 ipsi
2121 4560 2350 4614 multum
2374 4557 2775 4629 qnaesivissent,
2811 4559 3117 4615 declaratus
3141 4560 3242 4614 suit
3272 4563 3351 4619 eis
3378 4566 3555 4630 locuS,

306 4669 410 4705 που
456 4651 707 4722 Ἐξῆλθον
735 4653 794 4705 δὲ
823 4655 871 4708 οἱ
912 4653 958 4707 λ·
990 4653 1181 4727 ἄνδρες
1231 4658 1280 4709 oi
1328 4656 1732 4729 ἀπεσταλμένοι
1778 4659 1883 4713 ὑπὸ

305 4741 399 4795 τοῦ
425 4740 704 4812 βασιλέως,
738 4742 1071 4808 ἀλλάξαντες
1102 4745 1200 4808 τάς
1255 4747 1466 4801 ἑαυτῶν
1522 4748 1732 4814 στολάς,
1788 4752 1882 4805 καὶ

306 4833 668 4904 παρεγένοντο
682 4834 774 4888 ἐπὶ
792 4835 890 4907 τῆς
903 4836 1177 4908 Φοινίκης.
1199 4837 1297 4891 καὶ
1321 4838 1493 4891 πολλὰ
1507 4839 1883 4911 ἀναζητήσαν-

303 4941 414 4991 τες,
439 4923 799 4997 διερμηνεύθη
825 4914 1010 4992 αὐτοῖς
1048 4931 1078 4982 ὁ
1105 4928 1293 4993 τόπος,
1351 4929 1440 4983 καὶ
1471 4931 1500 4983 ὁ
1546 4932 1878 5002 Ἐπιφάνιος.

305 5015 467 5069 Αὐτοὶ
497 5014 553 5069 δὲ
585 5015 894 5086 ἐπέστησαν
924 5016 1002 5087 τῷ
1033 5017 1184 5088 τόπῳ
1216 5018 1443 5082 νυκτός·
1476 5016 1545 5091 ἦν
1573 5019 1631 5074 δὲ
1658 5022 1884 5090 Ἐπιφά·

306 5123 415 5168 νιος
443 5106 542 5170 τὰς
572 5103 897 5177 νυκτερινὰς
920 5105 1083 5176 εὐχάς
1122 5107 1463 5179 ἀναπέμπων
1490 5109 1569 5180 ’,τῷ
1591 5109 1710 5182 Θεῷ
1733 5128 1748 5142 ·
1802 5112 1881 5176 ὡς

304 5199 360 5251 δὲ
386 5197 691 5269 ἐπέστησαν
716 5199 786 5269 τῇ
814 5195 955 5270 θύρᾳ
1002 5195 1098 5250 τοῦ
1131 5197 1363 5264 κελλίου,
1395 5199 1490 5253 καὶ
1518 5200 1880 5274 διακρούσαν·

306 5307 416 5355 τες,
449 5290 763 5358 Ἐπιφάνιος
781 5289 892 5342 οὐδ’
920 5288 1060 5352 δλως
1089 5287 1327 5361 ἐπτοήθη
1353 5290 1431 5361 τῷ
1459 5291 1702 5365 λογισμῷ
1721 5310 1734 5324 ·
1762 5294 1879 5348 ἀλλ’

305 5379 467 5442 αὐτὸς
491 5378 550 5433 τὸ
581 5377 739 5450 ἔργον
769 5377 862 5432 τοῦ
889 5378 1024 5432 Θεοῦ
1072 5378 1336 5436 ἐπετέλει.
1387 5381 1550 5435 ΑὐτοὶΙ
1602 5382 1660 5436 δέ
1705 5383 1878 5454 θυμοῦ

307 5468 635 5542 πλησθέντες
650 5468 1038 5524 ἐὸουλεύσαντο
1047 5470 1148 5543 τὴν
1169 5468 1340 5542 θύραν
1358 5472 1618 5538 κατεάξαι
1640 5472 1733 5527 τοῦ
1753 5473 1879 5527 κελ-

306 5562 442 5616 λίου.
469 5555 566 5625 Εἷς
582 5560 639 5614 δέ
665 5578 748 5625 τις
783 5560 844 5626 ἐξ
858 5554 1036 5616 αὐτῶν
1060 5562 1161 5633 τὴν
1195 5561 1470 5635 μάχαιραν
1501 5564 1754 5630 ἑλκύσας,
1787 5568 1882 5619 καὶ

304 5655 387 5717 είς
411 5651 474 5705 τὸ
497 5651 745 5724 κατόχιον
767 5653 868 5723 τῆς
895 5651 1062 5725 θύρας
1086 5651 1292 5724 ταύτην
1310 5655 1646 5720 ἐπεκτείνας,
1668 5657 1881 5728 ἔμεινεν

305 5745 341 5814 ἡ
374 5743 498 5814 χεὶρ
528 5739 695 5796 αὐτοῦ
721 5743 996 5814 ἀκίνητος,
1021 5743 1115 5798 καὶ
1145 5744 1460 5811 ἀσάλευτος,
1479 5747 1572 5800 καὶ
1593 5746 1879 5818 ἀκαμπὴς,

304 5834 403 5909 aar,
433 5832 606 5908 ξηρά·
637 5833 743 5892 τῶν
777 5835 835 5889 δὲ
872 5835 1046 5892 ἀλλων
1078 5837 1335 5892 ἀπάντων
1391 5838 1666 5910 ἐπιφόόων
1712 5856 1872 5910 γενη-

1985 4660 2037 4706 et
2059 4650 2415 4722 Epiphanius.
2444 4650 2545 4717 Qui
2577 4660 2742 4704 noctu
2772 4650 2837 4705 ad
2868 4650 3044 4705 locum
3071 4666 3372 4711 accessere.
3426 4655 3553 4727 Epi·

1982 4745 2215 4814 phanius
2269 4755 2453 4799 autem
2502 4742 2788 4799 emittebat
2846 4741 2957 4796 Deo
2989 4751 3287 4799 nocturnas
3343 4762 3551 4814 preces.

1981 4836 2118 4889 Cum
2145 4834 2421 4889 venissent
2449 4848 2579 4888 vero
2610 4833 2676 4887 ad
2704 4833 2904 4887 ostium
2942 4833 3108 4898 cellae.
3138 4845 3191 4890 et
3218 4837 3556 4906 pulsassent,
3611 4841 3615 4844 ’

1984 4926 2118 4981 nihil
2141 4927 2324 4979 animo
2371 4923 2724 4994 perturbatus
2776 4921 2882 4979 suit
2912 4923 3280 4997 Epiphanius3
3312 4930 3405 4985 sed
3439 4930 3554 5000 ipse

1981 5016 2077 5071 Dei
2106 5032 2246 5086 opus
2276 5016 2588 5085 peragebat.
2620 5014 2724 5086 ipsi
2754 5026 2935 5072 autem
2960 5017 3014 5072 in
3037 5019 3222 5073 animo
3249 5021 3553 5078 habuerunt

1980 5111 2231 5182 frangere
2270 5109 2494 5165 ostium.
2519 5109 2655 5165 Cum
2685 5126 2818 5166 vero
2842 5128 2984 5167 unus
3028 5126 3092 5165 ex
3143 5112 3277 5180 ipsis
3300 5114 3551 5172 sti-inss-

1981 5213 2064 5259 set
2090 5217 2304 5267 ensem,
2332 5211 2387 5257 et
2407 5202 2463 5256 in
2486 5217 2665 5257 seram
2718 5202 2843 5258 ostii
2869 5217 2996 5256 eum
3033 5201 3369 5272 intentasset,
3397 5221 3553 5263 man·

1978 5298 2051 5352 sit
2073 5309 2269 5351 manus
2295 5294 2416 5365 ejus
2435 5293 2751 5356 immobilis,
2775 5301 2829 5346 et
2863 5300 2970 5346 tota
3000 5293 3183 5361 arida„
3201 5295 3336 5352 Aliis
3367 5307 3547 5352 autem

1982 5397 2127 5444 metu
2153 5386 2456 5458 perterritis
2476 5423 2494 5450 ,
2537 5400 2634 5454 pet·
2685 5383 2903 5454 aliquod
2931 5383 3273 5440 intervallum
3310 5402 3550 5444 recesse-

1979 5487 2111 5535 runt
2156 5494 2187 5533 a
2221 5477 2375 5533 cella.
2411 5476 2481 5529 At
2526 5472 2865 5544 Epiphanius
2918 5491 3041 5530 cum
3082 5477 3342 5546 spiritalis
3367 5478 3549 5536 cultus

1979 5584 2195 5624 omnem
2220 5565 2520 5637 peregisset
2550 5566 3024 5635 consequentiam,
3080 5568 3295 5637 aperuit
3345 5569 3547 5626 ostium

1981 5660 2150 5715 cellae.
2172 5657 2309 5713 Cum
2349 5665 2527 5712 antem
2550 5671 2676 5712 euni
2701 5656 3021 5725 vidissetis,
3048 5660 3136 5715 cui
3161 5673 3357 5714 manus
3386 5674 3550 5719 arue-

1979 5760 2089 5816 rat,
2120 5750 2273 5807 humi
2299 5747 2492 5805 cecidit
2536 5750 2592 5805 in
2632 5749 2848 5816 faciem,
2878 5753 3104 5808 dicens:
3140 5750 3394 5805 Miserere
3418 5755 3546 5821 mei,

1981 5857 2138 5901 serve
2162 5841 2258 5899 Dei
2282 5842 2627 5899 immortalis.
2657 5841 2795 5899 Dicit
2818 5842 3193 5918 Epiphanius:
3225 5837 3369 5907 Quid
3389 5855 3487 5921 qus
