3850 6517
294 509 431 570 {01:¹3

951 507 1318 569 ADVERSUS
1351 513 1687 569 nAEnEsEs
1722 511 1850 573 Lm.
1891 507 2136 570 ustrou.
2174 514 2292 569 1.-
2322 511 2596 570 affines,
2637 512 2820 569 LXIV.

3394 513 3529 569 10ῗο

288 630 413 702 εξῆς
435 630 621 684 τοῦτον
661 630 677 661 ¹
712 628 1014 685 ἀκολουθεῖ.
1046 625 1213 696 Οὗτος
1257 634 1387 695 παῖς
1435 633 1535 703 μὲν
1559 628 1625 705 ἦν
1659 634 1860 687 Λεωνὶ-
1890 638 1933 694 Α
1963 632 2136 689 Natus
2187 635 2277 689 hic
2313 630 2550 689 Leonida
2585 641 2738 703 patre
2766 672 2781 698 ‚
2821 632 3137 687 beatissimo
3165 633 3536 689 sanctissimo-

287 722 376 774 δου
404 718 499 774 τοῦ
537 717 839 791 μακαρίτου
875 720 1028 789 ἁγίου
1063 722 1369 794 μάρτυρος·
1399 724 1494 776 καὶ
1528 723 1685 786 αὐτὸς
1708 722 1764 775 δὲ
1798 721 1867 775 τὰ

290 801 517 865 πλεῖστα
545 810 793 880 διωχθεὶς
818 813 878 865 ἐν
925 815 993 884 τῇ
1040 811 1138 883 νέᾳ
1179 813 1345 868 αὑτοῦ
1386 814 1589 885 ἡλικία,
1620 814 1759 885 ἀνὴρ
1789 813 1865 866 ὢν

291 900 431 955 κατὰ
456 901 556 971 τὴν
587 900 697 953 τῶν
734 900 999 972 Ἑλλήνων
1031 902 1277 956 παιδείαν
1300 903 1496 971 λόγιος,
1529 904 1624 957 καὶ
1647 905 1704 956 ὲν
1743 905 1863 957 Ἐκ-

294 992 489 1064 κλησία
511 990 1010 1062 ἀνατεθραμμένος,
1049 992 1106 1043 ὲν
1138 992 1350 1062 χρόνοις
1375 993 1561 1047 Δεκίου
1589 993 1681 1047 τοῦ
1707 993 1865 1064 βασι-

293 1083 426 1146 λέως
452 1081 564 1151 (2⁴)
613 1080 935 1152 ὲγνωρίζετο
987 1080 1079 1133 ἐπὶ
1126 1083 1226 1152 τῆς
1288 1081 1711 1155 Ἀλεξανδρείας.
1757 1079 1865 1135 Ἦν

292 1176 398 1245 γὰρ
458 1173 536 1243 τῷ
576 1170 723 1241 γένει
773 1171 872 1242 μὲν
918 1170 1235 1239 Αἰγύπτιος,
1284 1176 1341 1228 ἐν
1390 1174 1761 1246 Ἀλεξανδρείᾳ
1806 1171 1864 1227 δὲ

291 1263 539 1335 ἐσχηκὼς
589 1262 689 1333 τὴν
733 1262 948 1332 οἴκησιν
989 1263 1084 1317 καὶ
1139 1266 1468 1337 ἀνατροφὴν,
1517 1266 1656 1337 ’τάχα
1704 1266 1759 1320 δὲ
1805 1267 1865 1319 ὲν

305 1352 555 1423 Ἀθήναις
594 1351 707 1423 (25)
735 1351 998 1422 φοιτήσας
1026 1353 1083 1404 ὲν
1113 1355 1225 1418 τοῖς
1257 1352 1659 1426 παιδευτηρίοις
1689 1354 1866 1426 χρόνῳ

291 1446 418 1497 τινί.
457 1442 632 1498 Πολλὰ
675 1442 734 1497 δὲ
774 1443 994 1511 λέγεται
1044 1443 1366 1499 πεπονθέναι
1398 1445 1538 1517 ὑπὲρ
1571 1444 1664 1499 τοῦ
1708 1440 1863 1514 ἁγίου

292 1532 448 1601 λόγου
477 1533 579 1603 τῆς
607 1532 844 1595 πίστεως
881 1532 976 1585 καὶ
1001 1532 1262 1604 ὀνόματος
1289 1533 1385 1587 τοῦ
1422 1534 1678 1604 xmo-mu,
1704 1533 1864 1590 τοῦτο

296 1624 393 1692 μἐν
422 1623 481 1676 ἐν
509 1626 577 1695 τῇ
605 1622 761 1675 πόλει
803 1623 1063 1687 πολλάκις
1099 1625 1416 1696 συρόμενος,
1448 1613 1857 1697 ὀνειδιζόμενος,

294 1714 545 1786 βασάνοις
571 1714 889 1785 ἀνηκέστοις
919 1710 1377 1788 ὑποὸαλλόμενος.
1407 1716 1518 1770 Καὶ
1550 1718 1659 1788 γὰρ
1682 1716 1860 1789 καιρῷ

293 1820 425 1860 ποτε
473 1805 583 1875 (26)
631 1806 960 1877 ξυρήσαντες
1004 1806 1167 1862 αὐτὸν
1222 1808 1270 1861 oi
1311 1807 1573 1881 Ἕλληνες
1612 1808 1750 1877 πρδς
1792 1811 1858 1880 τῇ

292 1898 552 1953 ἁναόάσει
587 1898 682 1951 τοῦ
716 1898 985 1968 Σεριπίου
1010 1899 1361 1972 καλουμένου,
1382 1899 1476 1955 τοῦ
1504 1900 1678 1955 αὐτῶν
1703 1900 1858 1954 εἰδῶ·

295 1988 410 2052 λου,
436 1988 776 2053 καθίσαντες,
802 1986 892 2041 τὸν
914 1989 1077 2044 αὑτὸν
1103 1990 1440 2063 προσέταξαν
1468 1990 1662 2056 θαλοῦς
1691 1990 1861 2062 φοινί-

295 2095 407 2133 κων
433 2079 722 2133 ἐπιδιδόναι
749 2080 859 2143 τοῖς
890 2081 984 2133 ὲπὶ
1030 2080 1092 2134 τὸ
1134 2080 1550 2152 ἀθεμιτουργεῖν
1579 2083 1671 2136 καὶ
1700 2098 1856 2152 προσ·

294 2175 473 2226 κυνεῖν
537 2170 615 2242 τῷ
675 2169 877 2242 εἰδώλῳ
939 2171 1169 2225 ἀνιοῦσι.
1224 2167 1477 2225 Τοιοῦτον
1521 2172 1630 2242 γὰρ
1682 2172 1866 2243 σχῆμα

291 2263 500 2334 ἔχουσιν
544 2263 593 2316 οἱ
624 2263 731 2316 τῶν
763 2260 993 2316 εἰδώλων
1023 2261 1203 2317 αὐτῶν
1236 2263 1419 2333 ἱερεῖς.
1459 2263 1517 2316 Ὀ
1547 2263 1625 2328 δὲ,
1664 2262 1865 2328 λαὸὼν,

298 2354 511 2426 μεγάλῃ
536 2356 601 2424 τῇ
636 2355 787 2424 φωνῇ
818 2354 914 2406 καὶ
958 2351 1487 2426 πεπαρρησιασμένῃ
1521 2357 1587 2425 τῇ
1633 2354 1863 2425 διανοίᾳ,

195 2473 200 2477 ·
297 2445 358 2497 οὗ
394 2443 594 2507 δείσας,
641 2442 761 2497 οὐδὲ
793 2442 1052 2506 διστάσας
1094 2443 1244 2510 ὲδόα,
1290 2444 1499 2515 λέγων·
1547 2445 1733 2510 Δεῦτε,
1773 2444 1868 2500 λά·

293 2534 420 2587 δετε
447 2534 507 2587 οὐ
538 2533 629 2587 τὸν
667 2531 828 2587 θαλδν
851 2530 946 2586 τοῦ
973 2532 1243 2599 εἰδωλίου,
1285 2535 1421 2589 ἀλλὰ
1455 2535 1547 2589 τὸν
1574 2535 1733 2590 θαλδν
1771 2536 1869 2591 τοῦ

297 2625 552 2700 Χριστοῦ.
609 2625 720 2679 Kal
764 2624 936 2680 πολλὰ
991 2625 1140 2677 ἐστιν
1182 2625 1220 2680 ἃ.
1273 2626 1403 2698 περὶ
1442 2626 1535 2680 τὸν
1579 2626 1745 2700 ἄνδρα
1773 2628 1868 2682 ἁν-

294 2715 696 2791 δραγαθήματα
741 2716 1107 2789 ἀναφέρουσιν
1147 2718 1198 2771 oi
1244 2718 1464 2772 παλαιοὶ
1518 2719 1657 2773 κατὰ
1689 2720 1868 2791 παρὰ·

297 2812 468 2865 δοσιν.

373 2904 444 2957 B'.
491 2902 630 2957 Ἀλλ’
651 2902 750 2958 οὐκ
766 2861 978 2992 ἔμεινεν
997 2900 1145 2975 αὐτῷ
1169 2899 1281 2970 (27)
1308 2901 1381 2957 τὰ
1396 2902 1489 2957 τοῦ
1514 2902 1766 2976 Βραδείου
1790 2905 1870 2970 είς

375 3061 390 3089 ¹
422 3056 481 3112 F.
514 3058 736 3114 τούτων.

299 3214 631 3270 acerrimum
682 3229 804 3270 sese
841 3213 1053 3269 bostem
1103 3219 1365 3282 perpetuo
1417 3188 1703 3280 protessus
1750 3211 1868 3277 est:

303 3300 401 3339 nec
448 3285 718 3337 dubitavit
746 3286 1101 3340 vehementes
1145 3281 1216 3335 ob
1256 3278 1310 3334 id
1342 3295 1466 3336 cum
1493 3280 1771 3362 plerisque
1800 3281 1873 3335 al·
1898 3297 1942 3356 C
1976 3280 2117 3333 libro
2171 3277 2248 3331 De
2278 3276 2494 3347 potider.
2526 3285 2576 3330 et
2615 3293 2801 3338 meus..

304 3356 632 3409 tercationes
661 3353 959 3423 suscipere,
998 3352 1245 3422 adjutore
1278 3365 1413 3405 usus·
1442 3347 1776 3421 Hieronymo
1807 3364 1873 3405 ac

303 3419 626 3494 Theophili).
681 3437 747 3478 ac
793 3424 1060 3493 praecipuc
1116 3420 1383 3475 loannem
1435 3417 1882 3491 Hierosolymita-

302 3509 431 3548 num
480 3501 533 3549 et
566 3494 836 3549 Bullinum
890 3490 1135 3561 agitavit.
1170 3489 1277 3545 Sed
1320 3500 1376 3545 et
1409 3503 1517 3543 una
1564 3488 1654 3542 illa
1709 3503 1876 3543 causa

304 3567 427 3626 luit,
460 3579 560 3619 cur
589 3581 619 3617 a
654 3563 765 3619 Cbr
803 3572 1049 3620 sostoino
1093 3558 1434 3624 dissentiret,
1462 3556 1608 3628 quod
1655 3558 1702 3612 is
1752 3565 1879 3614 ante

300 3635 573 3705 generalis
618 3649 755 3703 syna
795 3633 814 3686 i
859 3631 1141 3685 decretum
1176 3630 1437 3681 damnare
1486 3626 1654 3680 nollet
1685 3622 1876 3696 Orige-

303 3720 450 3759 uem.
483 3701 622 3755 Vide
647 3713 772 3779 qua
795 3698 1021 3750 flieron.
1056 3702 1246 3746 contra
1277 3691 1575 3755 Russinum,
1612 3691 1874 3750 loannem

303 3765 866 3834 iiierosolymitanutn
916 3762 1161 3832 scripsit,
1217 3774 1428 3817 necnon
1480 3769 1536 3818 et
1570 3759 1875 3831 Socratem,

304 3839 548 3899 Sozom„
582 3832 805 3904 Niceph.
1615 3884 1620 3888 ,

339 3906 452 3976 (at)
469 3906 571 3959 Ἐν
584 3904 823 3973 χρόνοις
834 3902 1042 3955 Δεκίου
1056 3897 1639 3971 τοῦβασιλέως.Ἷίιίι
1654 3904 1873 3974 quidem

306 3976 571 4045 Origenes
592 3981 832 4029 extrema
862 3970 975 4041 jatn
1007 3977 1168 4028 aetate
1197 3974 1303 4030 sub
1337 3971 1519 4038 Decio,
1561 3981 1615 4029 et
1643 3973 1710 4028 ad
1746 3971 1874 4029 Gai-

310 4047 425 4101 lum
476 4060 540 4099 ae
574 4042 929 4098 Volusianum
960 4056 1135 4111 usque
1183 4043 1449 4115 pervenit.
1500 4040 1607 4099 Sed
1638 4057 1739 4097 cur
1769 4044 1871 4097 sso-

309 4117 507 4179 ruisse,
545 4122 640 4168 aut
678 4111 946 4167 celebrem
990 4108 1165 4167 fuisse
1201 4114 1308 4171 sub
1348 4112 1441 4167 illo
1473 4114 1675 4183 potius,
1706 4127 1871 4183 quam

308 4186 414 4241 sub
460 4183 767 4250 interjectis
798 4180 1221 4251 imperatoribus
1249 4182 1469 4245 dixerit,
1515 4183 1649 4237 satis
1681 4180 1870 4235 mirari

309 4271 417 4311 non
471 4267 713 4325 possum.
770 4248 903 4305 Nam
937 4264 968 4303 a
1003 4248 1191 4307 Severi
1236 4251 1572 4323 temporibus
1613 4251 1872 4321 deinceps

310 4340 522 4382 summa
555 4323 609 4378 iu
640 4320 881 4377 omnium
910 4318 1272 4377 admiratione
1301 4320 1423 4376 fuit.
1469 4318 1612 4391 Lege
1647 4318 1868 4376 Eusebii

310 4393 568 4449 tliumioe
592 4392 687 4447 lib.
716 4406 793 4454 vi,
828 4389 919 4445 ubi
947 4387 1197 4461 Origenis
1233 4406 1321 4447 res
1351 4397 1534 4462 gestas
1564 4390 1868 4445 accuratis-

306 4467 443 4522 sime
472 4460 812 4534 perscripsit.
869 4458 1119 4525 Invenies
1170 4473 1282 4515 non
1328 4459 1490 4514 modo
1526 4458 1671 4527 apud
1701 4458 1868 4513 Chri-

308 4542 539 4596 stianos,
586 4530 683 4587 sed
711 4538 764 4586 et
796 4530 939 4599 apud
974 4530 1331 4599 imperatores
1375 4529 1390 4581 i
1432 4542 1526 4583 sos
1571 4527 1865 4597 plurimum

308 4604 479 4675 gratia
510 4612 565 4657 et
598 4600 1068 4656 commendatione
1108 4600 1366 4655 valuisse.
1437 4611 1525 4651 am
1549 4607 1602 4650 et
1634 4610 1665 4651 a
1694 4595 1867 4651 Mam·
1901 4628 1943 4682 D

308 4688 443 4729 maea
474 4670 815 4725 Antiochiam
852 4668 1062 4724 accitus
1087 4667 1310 4733 dicitnr,
1362 4675 1417 4723 et
1441 4665 1509 4720 ad
1562 4664 1867 4738 Philippum

309 4742 542 4813 ejusque
571 4738 858 4808 coniugem
905 4737 1117 4794 litteras
1154 4736 1322 4793 dedit.
1373 4734 1516 4803 Quid
1540 4733 1706 4804 igitur
1733 4736 1863 4790 atti-

309 4814 493 4874 nebat,
534 4808 856 4864 nominatim
889 4804 1058 4870 Decii,
1101 4815 1156 4862 et
1181 4806 1401 4877 quidem
1436 4805 1600 4885 unius
1628 4805 1864 4861 mentio-

311 4898 432 4962 nem
462 4882 663 4935 laceret
690 4878 831 4945 Quin
852 4887 905 4933 et
927 4876 1060 4931 illud
1080 4885 1239 4962 auget
1258 4874 1864 5000 εάιῃίτςιιιὲηἰεηιιῶἒίιιυεέᾱ

309 4949 698 5087 ῧῗίςξιῖεξιῗηαῗ
720 4957 1074 5087 ietlttp'aea‘to'riz
1094 4946 1240 5097 liegii
1260 4952 1511 5084 {gi-:affre
1551 4957 1864 5096 gdpGalluni

309 5099 365 5146 ct
401 5090 750 5144 Volusianum
784 5095 839 5141 et
878 5086 1022 5140 ultra
1045 5084 1314 5141 floruisse.
1371 5087 1531 5137 Anno
1563 5082 1747 5137 Severi
1775 5083 1867 5138 de·

309 5163 454 5215 cimo
470 5157 742 5214 Leonides
759 5152 1009 5226 origenis
1031 5162 1181 5225 pater
1200 5154 1522 5226 martyrium
1550 5152 1706 5217 obiit,
1738 5168 1863 5207 cum

309 5228 572 5301 Origenes
604 5242 714 5281 xvii
756 5227 933 5281 aetatis
972 5226 1165 5293 agebat
1207 5238 1432 5305 annum,
1464 5230 1523 5278 ut
1560 5230 1865 5304 auctorest

312 5300 577 5356 Eusebius
601 5297 697 5353 lib.
724 5311 801 5360 νι,
830 5309 948 5366 cap.
981 5295 1034 5347 2.
1092 5291 1217 5368 Fuit
1249 5309 1296 5350 is
1316 5308 1492 5348 annus
1518 5290 1722 5347 Christi
1753 5307 1864 5346 cir-

311 5371 447 5423 citer
472 5368 613 5436 20ae
668 5381 795 5422 nam
839 5363 1076 5420 Severus
1115 5377 1260 5419 anno
1300 5362 1412 5419 sere
1440 5362 1545 5417 195
1572 5362 1861 5432 imperium

310 5453 541 5535 exorsus
563 5446 666 5493 est.
699 5435 815 5518 Hoc
839 5435 885 5518 si
914 5435 991 5489 ita
1009 5440 1116 5499 est,
1138 5442 1299 5515 uatus
1316 5434 1420 5487 erit
1439 5431 1702 5554 Origenies
1721 5445 1865 5553 animo

310 5508 422 5642 2³35
426 5509 576 5649 ’ἕὲἰρῗ
584 5506 1613 5652 i?agaiirrzitthffssirixff21:235
1628 5517 1755 5650 ἓξ,
1778 5540 1863 5623 ..i

309 5643 1351 5774 efflaq⁰riss32¹2iximssiiit¹23
1378 5645 1864 5778 ffissffissss‘s'ffli

309 5734 1864 5932 ‘lilim3‘³⁸⁰30i.;‚‘;;.2¹¹;2321222³025F2³s⁸32ss⁹2225

310 5877 339 5911 a
425 5875 436 5911 ι
482 5876 515 5913 o
582 5875 724 5915 emus
1430 5889 1445 5914 ,
1753 5885 1779 5915 s

179 5917 192 5934 ⁰
309 5931 492 6001 coepit.
535 5929 800 6003 Equidem
821 5939 1004 5983 vercor
1037 5938 1103 5979 ne
1134 5921 1223 5977 luc
1255 5933 1473 5997 quoque
1498 5920 1863 5976 hallucinatus
1903 6004 1910 6009 -

1967 740 2074 795 que
2106 733 2362 797 martyre.
2403 724 2509 781 Sed
2549 733 2601 779 et
2652 724 2743 779 iile
2788 724 2979 794 primis
3009 725 3183 778 aetatis
3223 738 3336 780 suae
3372 726 3532 779 annis

1969 814 2138 867 iutilta
2186 815 2240 869 in
2280 813 2660 885 persecutione
2701 815 2843 868 mala
2896 813 3174 869 sustinuit.
3207 814 3384 885 Atque
3436 813 3532 869 ubi

1967 906 2172 959 virilem
2212 906 2278 960 ad
2305 912 2516 961 aetatem
2537 906 2804 975 pervenit,
2831 904 3033 961 Gizecis
3062 906 3260 961 litteris
3289 905 3533 976 apprime

1966 998 2217 1054 excultus
2239 1038 2254 1064 ‚
2297 1004 2460 1067 atque
2498 998 2551 1051 in
2598 996 2855 1052 Ecclesiae
2886 998 3094 1069 gremio
3129 998 3369 1053 nutritus
3392 1037 3407 1061 ,
3438 996 3536 1052 De·

1966 1088 2052 1141 cio
2080 1087 2402 1157 imperatore
2440 1086 2781 1142 Alexandriae
2825 1088 3038 1142 claruit.
3085 1086 3297 1143 Genere
3335 1088 3539 1159 qnippe

1967 1176 2278 1247 AEgyptius,
2307 1178 2650 1235 Alexandriae
2673 1179 3013 1233 domicilium
3043 1179 3536 1249 educationemque

1967 1275 2163 1323 nactus
2191 1276 2296 1325 est.
2334 1268 2412 1323 Ac
2447 1269 2674 1333 nescio,
2702 1284 2770 1324 an
2799 1270 3029 1325 Athenis
3069 1284 3286 1341 quoque
3317 1270 3535 1326 scholas

1967 1359 2283 1430 aliquandiu
2324 1360 2704 1432 frequentarit.
2750 1360 2856 1418 Sed
2912 1376 3012 1432 pro
3050 1361 3362 1417 Christiana
3414 1362 3534 1416 reli·

1965 1456 2123 1526 gione
2178 1469 2242 1508 ae
2289 1451 2394 1508 fide
2456 1451 2772 1521 Christique
2840 1453 3061 1508 nomine
3128 1454 3532 1523 quamplurima

1963 1542 2259 1615 perpessus
2289 1557 2412 1598 esse
2436 1542 2661 1596 dicitur.
2696 1540 2828 1596 Nam
2867 1548 2922 1596 et
2953 1542 3008 1596 in
3039 1541 3173 1597 urbe
3205 1549 3412 1599 tractus
3438 1559 3535 1598 szc-

1965 1638 2087 1707 pius
2133 1642 2186 1691 et
2217 1635 2481 1691 conviciis
2536 1634 2798 1698 affectus,
2844 1641 2900 1689 et
2936 1634 3352 1691 immanissimis
3387 1652 3535 1706 quae-

1962 1725 2233 1783 stionibus
2299 1725 2692 1796 tormentisque
2717 1725 2999 1794 subjectus
3033 1732 3139 1780 est.
3169 1724 3314 1780 inter
3337 1735 3534 1781 caetera

1961 1816 2221 1872 adrasum
2252 1816 2405 1873 illum
2437 1816 2732 1887 aliquando
2760 1814 2929 1870 Graeci
2976 1829 3078 1886 pro
3106 1817 3291 1887 templi
3323 1815 3535 1887 Serapi·

1960 1910 2045 1967 dis
2074 1911 2240 1983 (quod
2274 1911 2488 1965 illorum
2519 1911 2725 1965 idolum
2767 1911 2871 1978 est)
2907 1911 3162 1981 gradibus
3183 1914 3531 1984 collocantes,

1966 2002 2268 2073 palmarum
2313 2001 2564 2057 surculos
2622 2001 2676 2055 in
2741 2016 2837 2057 eos
2875 2002 3201 2059 distribuere
3226 2005 3530 2075 jusserunt.

1965 2091 2059 2161 qui
2087 2089 2155 2144 ad
2180 2091 2544 2146 exsecrandos
2570 2091 2707 2147 ritus
2740 2091 3020 2149 obeundus
3056 2098 3534 2170 venerandumque

1965 2181 2320 2236 simulacrum
2350 2179 2591 2236 adibant.
2625 2179 2723 2237 llic
2758 2184 2903 2237 enim
2937 2184 3356 2243 simulacrorum
3390 2194 3532 2260 apii-l

1968 2271 2091 2327 illos
2135 2271 2512 2328 sacerdotibus
2551 2281 2636 2328 est
2668 2273 2907 2328 habitus.
2942 2274 3012 2329 At
3056 2276 3339 2347 Origenes,
3372 2279 3533 2351 525

1967 2363 2135 2419 ramis
2163 2363 2271 2421 illis
2313 2365 2578 2435 acceptis,
2626 2379 2820 2434 magna
2848 2381 2981 2422 voce
3009 2372 3389 2443 constantique
3416 2375 3535 2428 ani·

1969 2470 2078 2520 mo,
2107 2456 2227 2512 sine
2256 2457 2366 2511 ullo
2401 2464 2544 2512 metu
2603 2471 2665 2512 ac
2699 2456 3033 2515 dubitatione
3088 2460 3164 2515 ita
3200 2463 3533 2520 vociferatus

1967 2556 2083 2601 cst:
2124 2545 2359 2611 Adeste,
2393 2546 2570 2617 capite
2606 2561 2715 2602 uon
2747 2548 3162 2606 simulacrorum
3197 2554 3401 2624 templi,
3436 2556 3531 2611 ssd

1966 2633 2174 2695 Christi
2206 2640 2507 2695 surculum.
2563 2639 2764 2695 Praeter
2818 2640 2931 2696 haec
2973 2642 3079 2698 alia
3131 2647 3532 2714 quamp3uri2ua

1970 2737 2098 2783 sunt
2128 2728 2345 2801 egregia
2375 2728 2475 2784 viri
2509 2728 2747 2784 facinora
2765 2768 2781 2792 ,
2807 2744 2929 2800 quae
2955 2739 3166 2787 veteres
3205 2734 3272 2788 de
3302 2735 3393 2788 illo
3430 2743 3532 2789 tra·

1966 2819 2242 2877 diderunt.

2040 2909 2106 2963 lt.
2145 2909 2251 2965 Sed
2282 2911 2336 2964 in
2361 2904 2631 2984 ejusmodi
2659 2910 2862 2981 praemii
2891 2913 3235 2970 possessione
3269 2924 3530 2987 perpetuo

1973 3206 2311 3279 Epiphanius
2346 3204 2565 3261 Decium
2597 3220 2694 3276 pro
2725 3204 2928 3261 Severo
2965 3210 3278 3280 sumpserit.
3311 3208 3444 3266 Nam
3475 3214 3526 3269 iu

2851 3286 3138 3349 postquam
3171 3280 3411 3349 insignes
3439 3286 3529 3337 ali·

1979 3357 2113 3417 quot
2144 3356 2431 3418 martyres,
2468 3347 2559 3413 qui
2604 3347 2706 3401 sub
2736 3345 2900 3401 Decio
2944 3350 3089 3418 passi
3122 3349 3355 3417 fuerant,
3404 3368 3530 3421 per-

1980 3419 2212 3485 censuit,
2255 3418 2418 3472 veluti
2460 3416 2737 3487 Babylam,
2786 3414 3103 3480 Fabianum.
3138 3417 3525 3482 Alexandrum,

1979 3487 2202 3558 subjicit
2248 3499 2264 3536 ι
2303 3486 2408 3541 Καὶ
2441 3481 2602 3548 αὐτὸς
2633 3485 2692 3540 δὲ
2745 3485 3021 3557 Ὠριγένης
3051 3487 3220 3541 πολλὰ
3250 3491 3529 3555 πεπονθὼς

1977 3557 2060 3620 εἰς
2077 3556 2231 3621 τέλος
2256 3556 2350 3609 τοῦ
2374 3554 2787 3626 μαρτυρίουρῦκ
2815 3554 3065 3623 ἔφθασεν.
3100 3556 3238 3611 Tum
3266 3560 3528 3630 reliquam

1977 3627 2346 3689 narrationem
2372 3626 2608 3679 subtexit
2632 3624 2700 3679 de
2721 3625 3054 3694 profectione
3082 3625 3137 3679 in
3163 3625 3529 3698 Palaestinam,

1977 3696 2150 3765 deque
2164 3694 2235 3749 28
2248 3709 2512 3748 annorum
2529 3706 2748 3749 secessu
2767 3694 2822 3747 in
2838 3694 2971 3749 urbe
2981 3692 3144 3765 Tyro,
3157 3710 3278 3766 quae
3291 3698 3530 3755 hocloco

1977 3764 2202 3820 uberius
2223 3764 2562 3834 exsequitur.
2589 3762 2752 3833 Atqui
2781 3762 2893 3819 haec
2914 3764 3007 3819 diu
3034 3774 3159 3820 ante
3187 3766 3408 3823 Decium
3436 3784 3529 3824 ar-

1976 3834 2178 3891 cidisse
2208 3848 2433 3890 necesse
2458 3839 2560 3887 est.
2627 3831 2848 3887 Videtur
2890 3848 3020 3905 ergo
3067 3849 3164 3903 pro
3196 3836 3396 3893 Severo
3427 3841 3529 3894 im-

1975 3903 2225 3973 prudenti
2257 3902 2568 3973 obrepsisse
2591 3900 2808 3957 Decius.

2049 3972 2162 4043 (25)
2198 3972 2352 4041 Τάχα
2391 3972 2460 4025 δὲ
2501 3972 2571 4025 ὲν
2608 3969 2893 4038 Ἀθήναις.
2935 3969 2992 4025 Si
3013 3972 3065 4028 id
3096 3988 3281 4029 verum
3313 3983 3418 4042 est,
3440 3978 3528 4033 di·

1975 4057 2186 4125 versam
2234 4040 2384 4122 banc·
2427 4041 2496 4096 ab
2532 4041 2634 4121 illa·
2663 4040 3048 4123 prosectionem
3080 4055 3291 4113 oportet
3333 4046 3525 4112 fuisse,

1970 4109 3064 4250 filssiznzssffiss¹132¹53⁵33ss¹23:220}¹2:⁸1?
3094 4115 3258 4239 11122'122
3281 4122 3528 4244 ³:¹53&

1971 4251 2234 4321 Origenes
2273 4250 2326 4303 in
2359 4248 2622 4304 Graeciam
2655 4263 2687 4303 e
2717 4248 3004 4304 Palaestina
3037 4255 3295 4322 perrexit.
3352 4258 3528 4323 Quin-

1968 4322 2134 4377 etiam
2170 4329 2356 4376 narrat
2393 4320 2559 4385 idem,
2596 4332 2716 4391 cap.
2749 4319 2802 4381 5,
2840 4320 3066 4377 Athenis
3106 4328 3527 4385 commentarios

1970 4392 2025 4447 in
2057 4389 2390 4445 Ezechielem
2419 4389 2570 4444 illum
2606 4389 2926 4444 absolvisse.

2040 4458 2152 4531 (26)
2179 4457 2288 4512 Καὶ
2324 4457 2434 4538 γὰρ
2461 4455 2642 4525 καιρῷ
2665 4471 2828 4516 ποτε.
2878 4456 3109 4526 Quando
3148 4460 3250 4516 ista
3279 4466 3524 4537 contige-

1970 4529 2082 4654 :3⁵:23
2115 4526 2994 4653 ‚1:2¹¹'f13‘istifftssigi’liztffl
3009 4535 3525 4658 .¹;‘.’?.⁶.¹·2;¹:⁵·0Q·¹ae

1971 4681 2068 4723 nes
2099 4666 2279 4722 adhue
2307 4636 2641 4722 adolescens.
2692 4665 2829 4722 Vide
2855 4615 3073 4724 Eusghii
3105 4685 3227 4741 cap.
3259 4673 3315 4727 3.
3347 4621 3526 4747 Artligtss

1965 4738 2169 4792 idcirco
2196 4737 2415 4807 quidem
2448 4750 2479 4788 a
2504 4736 2796 4807 gentilibus
2817 4738 3071 4793 adrasum
3097 4755 3219 4796 esse
3251 4748 3523 4815 suspicor,

1965 4807 2108 4876 qnod
2144 4804 2520 4878 AEgyptiorum
2559 4806 2783 4860 deorum
2824 4808 3058 4863 ministri
3093 4813 3200 4865 rasi
3232 4826 3437 4880 essent,
3463 4824 3525 4871 ut

1964 4874 3197 5002 ῗζῧῖςὶιιίῑιῗιζόῗιιῗιοῗῖιῐὲξιὲἷῆξιῇῗὲἶιιῧ’ω’’
3245 4881 3426 4939 rma.
3459 4888 3525 4940 α’

1998 4968 2022 5001 s
2115 4985 2130 5009 ,
2940 4967 2950 4979 ·
3051 4988 3066 5001 .

2036 5012 2148 5087 (27)
2186 4962 2349 5069 ’ΛΞΓ
2377 5016 2488 5069 οὐκ
2546 5030 2747 5084 petrea·
2775 4962 2954 5082 ξὺτῷ.
2999 5017 3422 5092 ΙΙοηοΟτίὅοιιίε
3447 5024 3524 5080 in·

1965 5090 2211 5148 storiam,
2251 5099 2317 5139 ac
2359 5085 2570 5154 lapsum
2620 5094 2879 5140 revocant
2928 5088 2982 5141 in
3023 5088 3245 5143 dubium
3296 5096 3523 5150 annales

1962 5154 2344 5217 ecclesiastici,
2362 5167 2508 5208 anno
2524 5151 2652 5217 253,
2674 5169 2824 5208 num.
2851 5155 2973 5221 120,
2998 5166 3054 5212 et
3070 5159 3346 5230 deinceps.
3385 5167 3520 5230 imo,

1963 5223 2353 5295 quodamplins
2368 5230 2476 5289 est,
2493 5223 2670 5277 iocum
2690 5224 2875 5289 istum,
2891 5240 2999 5296 quo
3017 5229 3261 5283 narratio
3278 5231 3367 5286 illa
3387 5248 3523 5289 con-

1963 5296 2186 5358 tinetur,
2225 5302 2537 5363 suspectum
2586 5292 2839 5358 reddunt,
2883 5297 3042 5366 quasi
3091 5298 3160 5352 ab
3190 5300 3371 5369 aliquo
3398 5318 3522 5374 per-

1964 5377 2147 5434 peram
2171 5362 2243 5419 sit
2264 5363 2523 5418 insertus.
2551 5361 2793 5428 Quorum
2822 5365 2926 5420 hoc
2948 5368 3216 5436 posterius
3239 5380 3523 5444 perspicue

1967 5433 2192 5495 falsum,
2226 5432 2455 5488 alterum
2484 5448 2593 5488 nou
2622 5435 2756 5489 satis
2783 5436 3092 5504 probatum,
3120 5447 3410 5514 utrumque
3443 5445 3522 5500 le-

1963 5502 2205 5557 vioribus
2225 5502 2557 5572 conjecturis
2586 5503 2829 5558 innixum
2854 5512 2958 5568 est,
2982 5519 3146 5575 quam
3179 5520 3236 5563 ut
3266 5516 3515 5570 vetustis.

1964 5574 2102 5627 simo
2138 5571 2598 5643 sanctissimoque
2630 5572 2778 5626 Patri
2807 5572 2939 5629 tides
2963 5574 3062 5631 bac
3090 5580 3143 5632 in
3178 5592 3331 5649 parte
3356 5585 3519 5638 dero·

1962 5652 2136 5710 getnr.
2188 5640 2569 5697 commentum
2599 5651 2706 5707 est,
2750 5644 3034 5713 inquiunt,
3063 5654 3119 5702 et
3150 5650 3398 5708 affectata
3424 5667 3518 5710 ea·

1964 5711 2189 5772 lumnia,
2221 5712 2362 5781 quod
2387 5711 2456 5768 de
2485 5712 2737 5783 origenis
2761 5714 2917 5784 lapsu
2940 5730 2972 5770 a
2998 5721 3277 5776 nonnullis
3293 5721 3519 5790 jacitur.

1962 5780 2073 5835 Cur
2092 5782 2164 5834 ita
2180 5780 2397 5836 tandem
2413 5782 2437 5835 ἲ
2455 5782 2718 5849 Quoniam
2738 5787 3063 5856 scriptorum
3083 5798 3320 5844 veterum
3338 5805 3519 5856 nemo,
3631 5785 3635 5790 ’

1962 5850 2055 5920 qui
2078 5851 2171 5916 ‚vel
2201 5866 2300 5935 pro
2333 5848 2565 5934 Origene
2599 5854 2876 5935 apologias
2901 5856 3210 5940 ediderunt.
3240 5860 3322 5915 vel
3344 5860 3521 5941 ipsunt

1962 5932 2269 5978 econtrario
2299 5930 2518 5994 scriptis
2548 5937 2665 5979 suis
2691 5935 3093 5999 oppugnarunt,
3150 5943 3271 6000 ejus
3298 5944 3378 5987 rei
3405 5947 3527 5987 tuot
