<?xml version="1.0" encoding="UTF-8"?>
<!DOCTYPE html PUBLIC "-//W3C//DTD XHTML 1.0 Transitional//EN"
    "http://www.w3.org/TR/xhtml1/DTD/xhtml1-transitional.dtd">
<html xmlns="http://www.w3.org/1999/xhtml" xml:lang="en" lang="en">
 <head>
  <title>
</title>
<meta http-equiv="Content-Type" content="text/html;charset=utf-8" />
  <meta name='ocr-system' content='tesseract 3.04.00' />
  <meta name='ocr-capabilities' content='ocr_page ocr_carea ocr_par ocr_line ocrx_word'/>
</head>
<body>
  <div class='ocr_page' id='page_1' title='image "./patrologicursus108migngoog_0498.png"; bbox 0 0 3850 6517; ppageno 0'>
   <div class='ocr_carea' id='block_1_1' title="bbox 292 533 425 589">
    <p class='ocr_par' dir='ltr' id='par_1_1' title="bbox 292 533 425 589">
     <span class='ocr_line' id='line_1_1' title="bbox 292 533 425 589; baseline -0.023 -1"><span class='ocrx_word' id='word_1_1' title='bbox 292 533 425 589; x_wconf 71' lang='lat'>{¹:53</span> 
     </span>
    </p>
   </div>
   <div class='ocr_carea' id='block_1_2' title="bbox 978 522 2921 590">
    <p class='ocr_par' dir='ltr' id='par_1_2' title="bbox 978 522 2921 590">
     <span class='ocr_line' id='line_1_2' title="bbox 978 522 2921 590; baseline -0.005 -6"><span class='ocrx_word' id='word_1_2' title='bbox 978 531 1345 586; x_wconf 71' lang='lat' dir='ltr'>Anvssttsus</span> <span class='ocrx_word' id='word_1_3' title='bbox 1381 529 1720 590; x_wconf 70' lang='lat' dir='ltr'>ttAEltEsEs</span> <span class='ocrx_word' id='word_1_4' title='bbox 1757 530 1886 587; x_wconf 76' lang='lat' dir='ltr'>Lm.</span> <span class='ocrx_word' id='word_1_5' title='bbox 1927 530 1996 587; x_wconf 82' lang='lat' dir='ltr'>ll.</span> <span class='ocrx_word' id='word_1_6' title='bbox 2034 528 2197 585; x_wconf 66' lang='lat' dir='ltr'>Tou.</span> <span class='ocrx_word' id='word_1_7' title='bbox 2239 528 2277 581; x_wconf 90' lang='lat' dir='ltr'>l.</span> <span class='ocrx_word' id='word_1_8' title='bbox 2319 559 2388 570; x_wconf 90' lang='lat'>-</span> <span class='ocrx_word' id='word_1_9' title='bbox 2427 524 2699 581; x_wconf 77' lang='lat' dir='ltr'>flAEttES.</span> <span class='ocrx_word' id='word_1_10' title='bbox 2737 522 2921 579; x_wconf 72' lang='lat' dir='ltr'>LXtv.</span> 
     </span>
    </p>
   </div>
   <div class='ocr_carea' id='block_1_3' title="bbox 3396 520 3534 576">
    <p class='ocr_par' dir='ltr' id='par_1_3' title="bbox 3396 520 3534 576">
     <span class='ocr_line' id='line_1_3' title="bbox 3396 520 3534 576; baseline -0.007 0"><span class='ocrx_word' id='word_1_11' title='bbox 3396 520 3534 576; x_wconf 67' lang='lat'>¹¹34</span> 
     </span>
    </p>
   </div>
   <div class='ocr_carea' id='block_1_4' title="bbox 287 621 3534 723">
    <p class='ocr_par' dir='ltr' id='par_1_4' title="bbox 287 621 3534 723">
     <span class='ocr_line' id='line_1_4' title="bbox 287 621 3534 723; baseline -0.005 -20"><span class='ocrx_word' id='word_1_12' title='bbox 287 652 420 721; x_wconf 69' lang='grc' dir='ltr'>ἡμῖν</span> <span class='ocrx_word' id='word_1_13' title='bbox 438 650 478 702; x_wconf 70' lang='grc' dir='ltr'><strong>ὁ</strong></span> <span class='ocrx_word' id='word_1_14' title='bbox 510 643 820 717; x_wconf 82' lang='grc' dir='ltr'>Ἀγλαοφῶν</span> <span class='ocrx_word' id='word_1_15' title='bbox 858 646 994 718; x_wconf 71' lang='grc' dir='ltr'>μετὰ</span> <span class='ocrx_word' id='word_1_16' title='bbox 1031 647 1274 720; x_wconf 81' lang='grc' dir='ltr'>Πρόκλου</span> <span class='ocrx_word' id='word_1_17' title='bbox 1298 651 1390 705; x_wconf 72' lang='grc' dir='ltr'>καὶ</span> <span class='ocrx_word' id='word_1_18' title='bbox 1415 621 1721 723; x_wconf 70' lang='grc' dir='ltr'>Ὦριγένόυς</span> <span class='ocrx_word' id='word_1_19' title='bbox 1750 652 1860 714; x_wconf 84' lang='grc' dir='ltr'>τοῖς</span> <span class='ocrx_word' id='word_1_20' title='bbox 1889 644 1934 709; x_wconf 70' lang='grc' dir='ltr'><strong>Α</strong></span> <span class='ocrx_word' id='word_1_21' title='bbox 1964 655 2138 701; x_wconf 90' lang='lat' dir='ltr'>torem</span> <span class='ocrx_word' id='word_1_22' title='bbox 2164 647 2329 717; x_wconf 87' lang='lat' dir='ltr'>eligo,</span> <span class='ocrx_word' id='word_1_23' title='bbox 2360 658 2431 699; x_wconf 89' lang='lat' dir='ltr'>ne</span> <span class='ocrx_word' id='word_1_24' title='bbox 2454 642 2769 714; x_wconf 76' lang='lat' dir='ltr'>Aglaophon</span> <span class='ocrx_word' id='word_1_25' title='bbox 2796 652 2920 692; x_wconf 83' lang='lat' dir='ltr'>cum</span> <span class='ocrx_word' id='word_1_26' title='bbox 2952 635 3146 689; x_wconf 81' lang='lat' dir='ltr'>Proclo</span> <span class='ocrx_word' id='word_1_27' title='bbox 3180 642 3234 688; x_wconf 87' lang='lat' dir='ltr'>et</span> <span class='ocrx_word' id='word_1_28' title='bbox 3280 632 3534 705; x_wconf 79' lang='lat' dir='ltr'>Origene,</span> 
     </span>
    </p>
   </div>
   <div class='ocr_carea' id='block_1_5' title="bbox 290 740 1874 1808">
    <p class='ocr_par' dir='ltr' id='par_1_5' title="bbox 290 740 1874 1808">
     <span class='ocr_line' id='line_1_5' title="bbox 290 740 1865 813; baseline 0.001 -17"><span class='ocrx_word' id='word_1_29' title='bbox 290 742 408 813; x_wconf 68' lang='grc' dir='ltr'>ἅμα</span> <span class='ocrx_word' id='word_1_30' title='bbox 433 742 749 813; x_wconf 86' lang='grc' dir='ltr'>τρεπτικοῖς</span> <span class='ocrx_word' id='word_1_31' title='bbox 773 741 791 772; x_wconf 87' lang='lat'>¹</span> <span class='ocrx_word' id='word_1_32' title='bbox 835 740 957 794; x_wconf 80' lang='grc' dir='ltr'>καθ’</span> <span class='ocrx_word' id='word_1_33' title='bbox 981 740 1140 811; x_wconf 78' lang='grc' dir='ltr'>ἡμῶν</span> <span class='ocrx_word' id='word_1_34' title='bbox 1170 741 1511 813; x_wconf 74' lang='grc' dir='ltr'>ὡπλισμένος</span> <span class='ocrx_word' id='word_1_35' title='bbox 1536 743 1715 812; x_wconf 82' lang='grc' dir='ltr'>λόγοις</span> <span class='ocrx_word' id='word_1_36' title='bbox 1772 744 1865 799; x_wconf 78' lang='grc' dir='ltr'>ἐκ·</span> 
     </span>
     <span class='ocr_line' id='line_1_6' title="bbox 294 824 1869 902; baseline 0 -18"><span class='ocrx_word' id='word_1_37' title='bbox 294 831 431 902; x_wconf 70' lang='grc' dir='ltr'>πέσῃ</span> <span class='ocrx_word' id='word_1_38' title='bbox 460 831 483 861; x_wconf 82' lang='lat'>⁸</span> <span class='ocrx_word' id='word_1_39' title='bbox 513 828 615 901; x_wconf 77' lang='grc' dir='ltr'>τὴν</span> <span class='ocrx_word' id='word_1_40' title='bbox 659 828 973 883; x_wconf 70' lang='grc' dir='ltr'><strong>ἀνάστασιν.</strong></span> <span class='ocrx_word' id='word_1_41' title='bbox 1011 830 1145 898; x_wconf 74' lang='lat' dir='ltr'>&#39;&#39;A-(s</span> <span class='ocrx_word' id='word_1_42' title='bbox 1181 824 1275 884; x_wconf 80' lang='grc' dir='ltr'>οὖν</span> <span class='ocrx_word' id='word_1_43' title='bbox 1306 830 1869 902; x_wconf 80' lang='grc' dir='ltr'>άντιπαραταξώμεθα</span> 
     </span>
     <span class='ocr_line' id='line_1_7' title="bbox 292 912 1869 989; baseline -0.003 -15"><span class='ocrx_word' id='word_1_44' title='bbox 292 923 403 984; x_wconf 85' lang='grc' dir='ltr'>τοῖς</span> <span class='ocrx_word' id='word_1_45' title='bbox 428 918 757 989; x_wconf 73' lang='grc' dir='ltr'>σοφίσμασιν</span> <span class='ocrx_word' id='word_1_46' title='bbox 788 917 989 983; x_wconf 80' lang='grc' dir='ltr'>αὐτῶν,</span> <span class='ocrx_word' id='word_1_47' title='bbox 1026 918 1193 989; x_wconf 82' lang='grc' dir='ltr'>μηδὲν</span> <span class='ocrx_word' id='word_1_48' title='bbox 1234 918 1342 971; x_wconf 85' lang='grc' dir='ltr'>τῶν</span> <span class='ocrx_word' id='word_1_49' title='bbox 1376 918 1752 987; x_wconf 83' lang='grc' dir='ltr'>άντιλογικῶν,</span> <span class='ocrx_word' id='word_1_50' title='bbox 1788 912 1869 980; x_wconf 79' lang='grc' dir='ltr'>οἷς</span> 
     </span>
     <span class='ocr_line' id='line_1_8' title="bbox 291 1008 1872 1081; baseline -0.001 -19"><span class='ocrx_word' id='word_1_51' title='bbox 291 1010 455 1062; x_wconf 76' lang='grc' dir='ltr'>δειλοὶ</span> <span class='ocrx_word' id='word_1_52' title='bbox 492 1008 795 1079; x_wconf 80' lang='grc' dir='ltr'>βάλλονται,</span> <span class='ocrx_word' id='word_1_53' title='bbox 827 1008 1175 1079; x_wconf 80' lang='grc' dir='ltr'>φοὸηθέντες.</span> <span class='ocrx_word' id='word_1_54' title='bbox 1211 1010 1321 1063; x_wconf 76' lang='grc' dir='ltr'>Καὶ</span> <span class='ocrx_word' id='word_1_55' title='bbox 1356 1009 1477 1081; x_wconf 83' lang='grc' dir='ltr'>γὰρ·</span> <span class='ocrx_word' id='word_1_56' title='bbox 1499 1010 1649 1063; x_wconf 78' lang='grc' dir='ltr'>οὐδὲν</span> <span class='ocrx_word' id='word_1_57' title='bbox 1682 1011 1741 1063; x_wconf 81' lang='grc' dir='ltr'>ὲν</span> <span class='ocrx_word' id='word_1_58' title='bbox 1773 1009 1872 1063; x_wconf 83' lang='grc' dir='ltr'>αὐ-</span> 
     </span>
     <span class='ocr_line' id='line_1_9' title="bbox 291 1100 1870 1173; baseline -0.001 -19"><span class='ocrx_word' id='word_1_59' title='bbox 291 1105 404 1166; x_wconf 85' lang='grc' dir='ltr'>τοῖς</span> <span class='ocrx_word' id='word_1_60' title='bbox 430 1101 582 1170; x_wconf 81' lang='grc' dir='ltr'>ὑγιὲς</span> <span class='ocrx_word' id='word_1_61' title='bbox 605 1100 727 1154; x_wconf 82' lang='grc' dir='ltr'>οὐδὲ</span> <span class='ocrx_word' id='word_1_62' title='bbox 757 1101 973 1168; x_wconf 89' lang='grc' dir='ltr'>πάγιον,</span> <span class='ocrx_word' id='word_1_63' title='bbox 1003 1100 1139 1154; x_wconf 84' lang='grc' dir='ltr'>άλλά</span> <span class='ocrx_word' id='word_1_64' title='bbox 1179 1100 1452 1170; x_wconf 74' lang='grc' dir='ltr'>φαντασία</span> <span class='ocrx_word' id='word_1_65' title='bbox 1483 1101 1643 1172; x_wconf 88' lang='grc' dir='ltr'>μόνον</span> <span class='ocrx_word' id='word_1_66' title='bbox 1670 1102 1870 1173; x_wconf 82' lang='grc' dir='ltr'>εὐπρε-</span> 
     </span>
     <span class='ocr_line' id='line_1_10' title="bbox 294 1186 1871 1261; baseline -0.003 -19"><span class='ocrx_word' id='word_1_67' title='bbox 294 1191 402 1261; x_wconf 74' lang='grc' dir='ltr'>πὴς</span> <span class='ocrx_word' id='word_1_68' title='bbox 434 1190 696 1261; x_wconf 79' lang='grc' dir='ltr'>ῥημάτων</span> <span class='ocrx_word' id='word_1_69' title='bbox 726 1190 865 1259; x_wconf 81' lang='grc' dir='ltr'>πρὸς</span> <span class='ocrx_word' id='word_1_70' title='bbox 896 1187 1231 1258; x_wconf 82' lang='grc' dir='ltr'>κατάπληξιν</span> <span class='ocrx_word' id='word_1_71' title='bbox 1259 1187 1369 1242; x_wconf 83' lang='grc' dir='ltr'>τῶν</span> <span class='ocrx_word' id='word_1_72' title='bbox 1422 1186 1745 1250; x_wconf 75' lang='grc' dir='ltr'>ἀκουόντων,</span> <span class='ocrx_word' id='word_1_73' title='bbox 1778 1186 1871 1239; x_wconf 73' lang='grc' dir='ltr'>καὶ</span> 
     </span>
     <span class='ocr_line' id='line_1_11' title="bbox 295 1277 1868 1351; baseline -0.002 -17"><span class='ocrx_word' id='word_1_74' title='bbox 295 1280 469 1334; x_wconf 86' lang='grc' dir='ltr'>πειθὼ</span> <span class='ocrx_word' id='word_1_75' title='bbox 515 1279 1023 1349; x_wconf 79' lang='grc' dir='ltr'>κατεσκευασμένη,</span> <span class='ocrx_word' id='word_1_76' title='bbox 1069 1281 1133 1333; x_wconf 80' lang='grc' dir='ltr'>οὐ</span> <span class='ocrx_word' id='word_1_77' title='bbox 1164 1280 1263 1351; x_wconf 81' lang='grc' dir='ltr'>τῆς</span> <span class='ocrx_word' id='word_1_78' title='bbox 1312 1278 1572 1349; x_wconf 75' lang='grc' dir='ltr'>ἀληθείας</span> <span class='ocrx_word' id='word_1_79' title='bbox 1611 1279 1734 1333; x_wconf 75' lang='grc' dir='ltr'>οὐδὲ</span> <span class='ocrx_word' id='word_1_80' title='bbox 1774 1277 1868 1331; x_wconf 82' lang='grc' dir='ltr'>τοῦ</span> 
     </span>
     <span class='ocr_line' id='line_1_12' title="bbox 296 1366 1872 1441; baseline -0.003 -18"><span class='ocrx_word' id='word_1_81' title='bbox 296 1370 670 1441; x_wconf 77' lang='grc' dir='ltr'>συμφέροντος</span> <span class='ocrx_word' id='word_1_82' title='bbox 714 1370 893 1441; x_wconf 80' lang='grc' dir='ltr'>χάριν,</span> <span class='ocrx_word' id='word_1_83' title='bbox 935 1368 1071 1422; x_wconf 81' lang='grc' dir='ltr'>ἀλλὰ</span> <span class='ocrx_word' id='word_1_84' title='bbox 1116 1368 1211 1423; x_wconf 83' lang='grc' dir='ltr'>τοῦ</span> <span class='ocrx_word' id='word_1_85' title='bbox 1256 1367 1427 1434; x_wconf 82' lang='grc' dir='ltr'>δεῖξαι</span> <span class='ocrx_word' id='word_1_86' title='bbox 1476 1370 1588 1431; x_wconf 84' lang='grc' dir='ltr'>τοῖς</span> <span class='ocrx_word' id='word_1_87' title='bbox 1635 1366 1872 1439; x_wconf 81' lang='grc' dir='ltr'>παροῦσι</span> 
     </span>
     <span class='ocr_line' id='line_1_13' title="bbox 295 1459 1871 1532; baseline -0.003 -16"><span class='ocrx_word' id='word_1_88' title='bbox 295 1464 422 1528; x_wconf 82' lang='grc' dir='ltr'>τοὺς</span> <span class='ocrx_word' id='word_1_89' title='bbox 455 1462 651 1532; x_wconf 84' lang='grc' dir='ltr'>λόγους</span> <span class='ocrx_word' id='word_1_90' title='bbox 689 1460 908 1530; x_wconf 79' lang='grc' dir='ltr'>σοφούς.</span> <span class='ocrx_word' id='word_1_91' title='bbox 947 1460 1225 1514; x_wconf 75' lang='grc' dir='ltr'>Ἐντεῦθεν</span> <span class='ocrx_word' id='word_1_92' title='bbox 1258 1461 1389 1529; x_wconf 76' lang='grc' dir='ltr'>γοῦν</span> <span class='ocrx_word' id='word_1_93' title='bbox 1421 1462 1537 1525; x_wconf 80' lang='grc' dir='ltr'>τοῖς</span> <span class='ocrx_word' id='word_1_94' title='bbox 1575 1459 1789 1524; x_wconf 81' lang='grc' dir='ltr'>πολλοῖς</span> <span class='ocrx_word' id='word_1_95' title='bbox 1821 1461 1871 1513; x_wconf 79' lang='lat' dir='ltr'>oi</span> 
     </span>
     <span class='ocr_line' id='line_1_14' title="bbox 296 1552 1872 1623; baseline -0.002 -15"><span class='ocrx_word' id='word_1_96' title='bbox 296 1556 362 1608; x_wconf 72' lang='grc' dir='ltr'>ἐκ</span> <span class='ocrx_word' id='word_1_97' title='bbox 383 1553 491 1608; x_wconf 84' lang='grc' dir='ltr'>τῶν</span> <span class='ocrx_word' id='word_1_98' title='bbox 515 1553 741 1607; x_wconf 76' lang='grc' dir='ltr'>εἰκότων</span> <span class='ocrx_word' id='word_1_99' title='bbox 778 1552 891 1606; x_wconf 76' lang='grc' dir='ltr'>ἔσθ’</span> <span class='ocrx_word' id='word_1_100' title='bbox 922 1553 1013 1606; x_wconf 85' lang='grc' dir='ltr'>ὅτε</span> <span class='ocrx_word' id='word_1_101' title='bbox 1052 1552 1202 1621; x_wconf 82' lang='grc' dir='ltr'>λόγοι</span> <span class='ocrx_word' id='word_1_102' title='bbox 1228 1553 1363 1623; x_wconf 70' lang='grc' dir='ltr'>πρὸς</span> <span class='ocrx_word' id='word_1_103' title='bbox 1391 1552 1586 1617; x_wconf 85' lang='grc' dir='ltr'>κάλλος</span> <span class='ocrx_word' id='word_1_104' title='bbox 1626 1553 1722 1606; x_wconf 67' lang='grc' dir='ltr'>καὶ</span> <span class='ocrx_word' id='word_1_105' title='bbox 1748 1552 1872 1623; x_wconf 82' lang='grc' dir='ltr'>ἠδο-</span> 
     </span>
     <span class='ocr_line' id='line_1_15' title="bbox 296 1644 1874 1717; baseline -0.002 -18"><span class='ocrx_word' id='word_1_106' title='bbox 296 1646 395 1717; x_wconf 76' lang='grc' dir='ltr'>νὴν</span> <span class='ocrx_word' id='word_1_107' title='bbox 432 1644 843 1716; x_wconf 77' lang='grc' dir='ltr'>πεποικιλμένοι</span> <span class='ocrx_word' id='word_1_108' title='bbox 873 1644 1073 1715; x_wconf 79' lang='grc' dir='ltr'>μᾶλλον</span> <span class='ocrx_word' id='word_1_109' title='bbox 1097 1644 1208 1698; x_wconf 85' lang='grc' dir='ltr'>τῶν</span> <span class='ocrx_word' id='word_1_110' title='bbox 1238 1648 1320 1709; x_wconf 86' lang='grc' dir='ltr'>εἰς</span> <span class='ocrx_word' id='word_1_111' title='bbox 1357 1645 1646 1715; x_wconf 78' lang='grc' dir='ltr'>άκρίδειαν</span> <span class='ocrx_word' id='word_1_112' title='bbox 1681 1645 1874 1715; x_wconf 80' lang='grc' dir='ltr'>ἐξητα·</span> 
     </span>
     <span class='ocr_line' id='line_1_16' title="bbox 300 1735 1873 1808; baseline -0.001 -18"><span class='ocrx_word' id='word_1_113' title='bbox 300 1737 510 1806; x_wconf 85' lang='grc' dir='ltr'>σμένων</span> <span class='ocrx_word' id='word_1_114' title='bbox 558 1735 866 1808; x_wconf 76' lang='grc' dir='ltr'>νομίζονται</span> <span class='ocrx_word' id='word_1_115' title='bbox 912 1736 1337 1807; x_wconf 70' lang='grc' dir='ltr'>σπουδαιότερα,</span> <span class='ocrx_word' id='word_1_116' title='bbox 1389 1738 1498 1791; x_wconf 80' lang='grc' dir='ltr'>τῶν</span> <span class='ocrx_word' id='word_1_117' title='bbox 1539 1737 1873 1792; x_wconf 76' lang='grc' dir='ltr'>διδασκάλων</span> 
     </span>
    </p>
   </div>
   <div class='ocr_carea' id='block_1_6' title="bbox 1969 729 3546 1533">
    <p class='ocr_par' dir='ltr' id='par_1_6' title="bbox 1969 729 3546 1533">
     <span class='ocr_line' id='line_1_17' title="bbox 1970 729 3538 809; baseline -0.008 -16"><span class='ocrx_word' id='word_1_118' title='bbox 1970 740 2114 809; x_wconf 87' lang='lat' dir='ltr'>aptis</span> <span class='ocrx_word' id='word_1_119' title='bbox 2153 738 2219 791; x_wconf 87' lang='lat' dir='ltr'>ad</span> <span class='ocrx_word' id='word_1_120' title='bbox 2258 734 2609 791; x_wconf 75' lang='lat' dir='ltr'>refellendum</span> <span class='ocrx_word' id='word_1_121' title='bbox 2639 730 2944 787; x_wconf 84' lang='lat' dir='ltr'>rationibus</span> <span class='ocrx_word' id='word_1_122' title='bbox 2984 729 3311 789; x_wconf 89' lang='lat' dir='ltr'>instructus,</span> <span class='ocrx_word' id='word_1_123' title='bbox 3352 742 3538 781; x_wconf 89' lang='lat' dir='ltr'>resur-</span> 
     </span>
     <span class='ocr_line' id='line_1_18' title="bbox 1970 819 3539 895; baseline -0.008 -10"><span class='ocrx_word' id='word_1_124' title='bbox 1970 830 2270 885; x_wconf 79' lang='lat' dir='ltr'><strong>rectionem</strong></span> <span class='ocrx_word' id='word_1_125' title='bbox 2319 834 2544 882; x_wconf 81' lang='lat' dir='ltr'>ercrtat.</span> <span class='ocrx_word' id='word_1_126' title='bbox 2605 824 2773 895; x_wconf 83' lang='lat' dir='ltr'>igitur</span> <span class='ocrx_word' id='word_1_127' title='bbox 2820 820 3132 892; x_wconf 84' lang='lat' dir='ltr'>sophisticis</span> <span class='ocrx_word' id='word_1_128' title='bbox 3185 819 3401 874; x_wconf 90' lang='lat' dir='ltr'>illorum</span> <span class='ocrx_word' id='word_1_129' title='bbox 3444 834 3539 873; x_wconf 86' lang='lat' dir='ltr'>ca-</span> 
     </span>
     <span class='ocr_line' id='line_1_19' title="bbox 1972 910 3537 981; baseline -0.007 -6"><span class='ocrx_word' id='word_1_130' title='bbox 1972 920 2195 975; x_wconf 91' lang='lat' dir='ltr'>lumniis</span> <span class='ocrx_word' id='word_1_131' title='bbox 2223 916 2586 974; x_wconf 87' lang='lat' dir='ltr'>resistendum</span> <span class='ocrx_word' id='word_1_132' title='bbox 2621 914 2783 970; x_wconf 91' lang='lat' dir='ltr'>nobis</span> <span class='ocrx_word' id='word_1_133' title='bbox 2831 922 2950 979; x_wconf 89' lang='lat' dir='ltr'>est,</span> <span class='ocrx_word' id='word_1_134' title='bbox 2984 926 3161 981; x_wconf 83' lang='lat' dir='ltr'>neque</span> <span class='ocrx_word' id='word_1_135' title='bbox 3191 910 3409 965; x_wconf 90' lang='lat' dir='ltr'>illorum</span> <span class='ocrx_word' id='word_1_136' title='bbox 3445 924 3537 964; x_wconf 90' lang='lat' dir='ltr'>ra-</span> 
     </span>
     <span class='ocr_line' id='line_1_20' title="bbox 1969 1001 3542 1078; baseline -0.006 -14"><span class='ocrx_word' id='word_1_137' title='bbox 1969 1011 2149 1065; x_wconf 89' lang='lat' dir='ltr'>tiones</span> <span class='ocrx_word' id='word_1_138' title='bbox 2169 1005 2538 1078; x_wconf 70' lang='lat' dir='ltr'>quibus563</span> <span class='ocrx_word' id='word_1_139' title='bbox 2558 1005 2782 1075; x_wconf 75' lang='lat' dir='ltr'>ignavos</span> <span class='ocrx_word' id='word_1_140' title='bbox 2812 1004 3077 1074; x_wconf 87' lang='lat' dir='ltr'>impetunt</span> <span class='ocrx_word' id='word_1_141' title='bbox 3105 1002 3215 1057; x_wconf 94' lang='lat' dir='ltr'>ullo</span> <span class='ocrx_word' id='word_1_142' title='bbox 3239 1001 3401 1055; x_wconf 89' lang='lat' dir='ltr'>modo</span> <span class='ocrx_word' id='word_1_143' title='bbox 3430 1016 3542 1055; x_wconf 90' lang='lat' dir='ltr'>mc·</span> 
     </span>
     <span class='ocr_line' id='line_1_21' title="bbox 1974 1093 3540 1164; baseline -0.006 -10"><span class='ocrx_word' id='word_1_144' title='bbox 1974 1100 2209 1155; x_wconf 82' lang='lat' dir='ltr'>tuendae.</span> <span class='ocrx_word' id='word_1_145' title='bbox 2236 1099 2382 1153; x_wconf 87' lang='lat' dir='ltr'>Nihil</span> <span class='ocrx_word' id='word_1_146' title='bbox 2409 1102 2554 1154; x_wconf 88' lang='lat' dir='ltr'>enim</span> <span class='ocrx_word' id='word_1_147' title='bbox 2579 1098 2634 1152; x_wconf 90' lang='lat' dir='ltr'>in</span> <span class='ocrx_word' id='word_1_148' title='bbox 2661 1098 2748 1152; x_wconf 84' lang='lat' dir='ltr'>his</span> <span class='ocrx_word' id='word_1_149' title='bbox 2777 1111 2972 1151; x_wconf 90' lang='lat' dir='ltr'>sanum</span> <span class='ocrx_word' id='word_1_150' title='bbox 3000 1103 3085 1151; x_wconf 91' lang='lat' dir='ltr'>est</span> <span class='ocrx_word' id='word_1_151' title='bbox 3113 1103 3276 1164; x_wconf 88' lang='lat' dir='ltr'>atque</span> <span class='ocrx_word' id='word_1_152' title='bbox 3303 1093 3540 1155; x_wconf 74' lang='lat' dir='ltr'>lirnium,</span> 
     </span>
     <span class='ocr_line' id='line_1_22' title="bbox 1970 1182 3542 1256; baseline -0.008 -8"><span class='ocrx_word' id='word_1_153' title='bbox 1970 1193 2066 1248; x_wconf 89' lang='lat' dir='ltr'>sed</span> <span class='ocrx_word' id='word_1_154' title='bbox 2096 1193 2390 1247; x_wconf 81' lang='lat' dir='ltr'>verborum</span> <span class='ocrx_word' id='word_1_155' title='bbox 2424 1190 2688 1246; x_wconf 76' lang='lat' dir='ltr'>duntaxat</span> <span class='ocrx_word' id='word_1_156' title='bbox 2715 1196 2944 1244; x_wconf 87' lang='lat' dir='ltr'>ornatus</span> <span class='ocrx_word' id='word_1_157' title='bbox 2983 1187 3050 1242; x_wconf 89' lang='lat' dir='ltr'>ad</span> <span class='ocrx_word' id='word_1_158' title='bbox 3095 1199 3350 1256; x_wconf 85' lang='lat' dir='ltr'>pompam</span> <span class='ocrx_word' id='word_1_159' title='bbox 3387 1193 3442 1239; x_wconf 91' lang='lat' dir='ltr'>et</span> <span class='ocrx_word' id='word_1_160' title='bbox 3475 1182 3542 1236; x_wconf 87' lang='lat' dir='ltr'>ad</span> 
     </span>
     <span class='ocr_line' id='line_1_23' title="bbox 1973 1281 3544 1360; baseline -0.006 -23"><span class='ocrx_word' id='word_1_161' title='bbox 1973 1283 2308 1338; x_wconf 88' lang='lat' dir='ltr'>audientium</span> <span class='ocrx_word' id='word_1_162' title='bbox 2359 1281 2779 1360; x_wconf 75' lang='lat' dir='ltr'>admirationem</span> <span class='ocrx_word' id='word_1_163' title='bbox 2826 1281 3165 1342; x_wconf 77' lang='lat' dir='ltr'>instructuS,</span> <span class='ocrx_word' id='word_1_164' title='bbox 3199 1291 3267 1331; x_wconf 91' lang='lat' dir='ltr'>ac</span> <span class='ocrx_word' id='word_1_165' title='bbox 3319 1289 3544 1347; x_wconf 90' lang='lat' dir='ltr'>persua-</span> 
     </span>
     <span class='ocr_line' id='line_1_24' title="bbox 1971 1350 3546 1446; baseline -0.006 -14"><span class='ocrx_word' id='word_1_166' title='bbox 1971 1376 2133 1432; x_wconf 91' lang='lat' dir='ltr'>dendi</span> <span class='ocrx_word' id='word_1_167' title='bbox 2173 1374 2448 1446; x_wconf 80' lang='lat' dir='ltr'>quoddam</span> <span class='ocrx_word' id='word_1_168' title='bbox 2507 1350 2836 1430; x_wconf 73' lang='lat' dir='ltr'>lenocinium</span> <span class='ocrx_word' id='word_1_169' title='bbox 2881 1387 2991 1426; x_wconf 89' lang='lat' dir='ltr'>non</span> <span class='ocrx_word' id='word_1_170' title='bbox 3039 1371 3321 1436; x_wconf 83' lang='lat' dir='ltr'>veritatis,</span> <span class='ocrx_word' id='word_1_171' title='bbox 3367 1383 3546 1439; x_wconf 88' lang='lat' dir='ltr'>neque</span> 
     </span>
     <span class='ocr_line' id='line_1_25' title="bbox 1974 1466 3546 1533; baseline -0.005 -12"><span class='ocrx_word' id='word_1_172' title='bbox 1974 1468 2225 1523; x_wconf 89' lang='lat' dir='ltr'>utilitatis</span> <span class='ocrx_word' id='word_1_173' title='bbox 2261 1468 2426 1522; x_wconf 89' lang='lat' dir='ltr'>ullius</span> <span class='ocrx_word' id='word_1_174' title='bbox 2448 1508 2463 1533; x_wconf 96' lang='lat'>,</span> <span class='ocrx_word' id='word_1_175' title='bbox 2504 1466 2597 1522; x_wconf 90' lang='lat' dir='ltr'>sed</span> <span class='ocrx_word' id='word_1_176' title='bbox 2636 1466 3025 1521; x_wconf 72' lang='lat' dir='ltr'>ostentationis</span> <span class='ocrx_word' id='word_1_177' title='bbox 3061 1478 3229 1519; x_wconf 87' lang='lat' dir='ltr'>causa</span> <span class='ocrx_word' id='word_1_178' title='bbox 3261 1475 3546 1531; x_wconf 87' lang='lat' dir='ltr'>compara·</span> 
     </span>
    </p>
   </div>
   <div class='ocr_carea' id='block_1_7' title="bbox 1975 1556 3548 1717">
    <p class='ocr_par' dir='ltr' id='par_1_7' title="bbox 1975 1556 3548 1717">
     <span class='ocr_line' id='line_1_26' title="bbox 1975 1556 3548 1627; baseline -0.004 -14"><span class='ocrx_word' id='word_1_179' title='bbox 1975 1569 2114 1624; x_wconf 88' lang='lat' dir='ltr'>tum,</span> <span class='ocrx_word' id='word_1_180' title='bbox 2153 1569 2213 1615; x_wconf 91' lang='lat' dir='ltr'>ut</span> <span class='ocrx_word' id='word_1_181' title='bbox 2248 1559 2477 1613; x_wconf 89' lang='lat' dir='ltr'>callidos</span> <span class='ocrx_word' id='word_1_182' title='bbox 2511 1573 2575 1613; x_wconf 90' lang='lat' dir='ltr'>ac</span> <span class='ocrx_word' id='word_1_183' title='bbox 2609 1558 2838 1614; x_wconf 87' lang='lat' dir='ltr'>solerter</span> <span class='ocrx_word' id='word_1_184' title='bbox 2873 1556 3212 1627; x_wconf 77' lang='lat' dir='ltr'>excogitatos</span> <span class='ocrx_word' id='word_1_185' title='bbox 3268 1566 3548 1609; x_wconf 87' lang='lat' dir='ltr'>sermones</span> 
     </span>
     <span class='ocr_line' id='line_1_27' title="bbox 1975 1644 3548 1717; baseline -0.004 -14"><span class='ocrx_word' id='word_1_186' title='bbox 1975 1648 2317 1705; x_wconf 79' lang='lat' dir='ltr'>auditoribus</span> <span class='ocrx_word' id='word_1_187' title='bbox 2372 1647 2684 1703; x_wconf 77' lang='lat' dir='ltr'>exhibeant.</span> <span class='ocrx_word' id='word_1_188' title='bbox 2738 1647 2917 1717; x_wconf 82' lang='lat' dir='ltr'>Atque</span> <span class='ocrx_word' id='word_1_189' title='bbox 2975 1644 3103 1699; x_wconf 88' lang='lat' dir='ltr'>binc</span> <span class='ocrx_word' id='word_1_190' title='bbox 3154 1657 3548 1711; x_wconf 82' lang='lat' dir='ltr'>nonnunquam</span> 
     </span>
    </p>
   </div>
   <div class='ocr_carea' id='block_1_8' title="bbox 1976 1736 3546 1811">
    <p class='ocr_par' dir='ltr' id='par_1_8' title="bbox 1976 1736 3546 1811">
     <span class='ocr_line' id='line_1_28' title="bbox 1976 1736 3546 1811; baseline -0.004 -17"><span class='ocrx_word' id='word_1_191' title='bbox 1976 1740 2180 1794; x_wconf 90' lang='lat' dir='ltr'>accidit</span> <span class='ocrx_word' id='word_1_192' title='bbox 2212 1750 2271 1793; x_wconf 92' lang='lat' dir='ltr'>ut</span> <span class='ocrx_word' id='word_1_193' title='bbox 2296 1754 2419 1811; x_wconf 78' lang='lat' dir='ltr'>quae</span> <span class='ocrx_word' id='word_1_194' title='bbox 2446 1753 2512 1793; x_wconf 82' lang='lat' dir='ltr'>ex</span> <span class='ocrx_word' id='word_1_195' title='bbox 2539 1737 2932 1794; x_wconf 81' lang='lat' dir='ltr'>verisimilibus</span> <span class='ocrx_word' id='word_1_196' title='bbox 2971 1736 3218 1792; x_wconf 67' lang='lat' dir='ltr'>deductae</span> <span class='ocrx_word' id='word_1_197' title='bbox 3255 1744 3383 1791; x_wconf 90' lang='lat' dir='ltr'>sunt</span> <span class='ocrx_word' id='word_1_198' title='bbox 3420 1749 3546 1789; x_wconf 89' lang='lat' dir='ltr'>ora-</span> 
     </span>
    </p>
   </div>
   <div class='ocr_carea' id='block_1_9' title="bbox 296 1827 3556 2632">
    <p class='ocr_par' dir='ltr' id='par_1_9' title="bbox 296 1827 3556 2632">
     <span class='ocr_line' id='line_1_29' title="bbox 300 1827 3551 1901; baseline 0 -19"><span class='ocrx_word' id='word_1_199' title='bbox 300 1828 423 1883; x_wconf 75' lang='grc' dir='ltr'>οὖτε</span> <span class='ocrx_word' id='word_1_200' title='bbox 452 1829 586 1901; x_wconf 79' lang='grc' dir='ltr'>πρὸς</span> <span class='ocrx_word' id='word_1_201' title='bbox 609 1828 671 1883; x_wconf 76' lang='grc' dir='ltr'>τὸ</span> <span class='ocrx_word' id='word_1_202' title='bbox 698 1828 972 1899; x_wconf 82' lang='grc' dir='ltr'>βέλτιστον</span> <span class='ocrx_word' id='word_1_203' title='bbox 991 1827 1383 1900; x_wconf 77' lang='grc' dir='ltr'>ἁμιλλωμένων</span> <span class='ocrx_word' id='word_1_204' title='bbox 1419 1829 1499 1883; x_wconf 75' lang='grc' dir='ltr'>ἔτι</span> <span class='ocrx_word' id='word_1_205' title='bbox 1531 1832 1625 1885; x_wconf 82' lang='grc' dir='ltr'>καὶ</span> <span class='ocrx_word' id='word_1_206' title='bbox 1655 1832 1871 1901; x_wconf 82' lang='grc' dir='ltr'>σεμνὸν,</span> <span class='ocrx_word' id='word_1_207' title='bbox 1977 1834 2184 1897; x_wconf 78' lang='lat' dir='ltr'>tiones,</span> <span class='ocrx_word' id='word_1_208' title='bbox 2219 1841 2274 1887; x_wconf 89' lang='lat' dir='ltr'>et</span> <span class='ocrx_word' id='word_1_209' title='bbox 2315 1831 2381 1885; x_wconf 90' lang='lat' dir='ltr'>ad</span> <span class='ocrx_word' id='word_1_210' title='bbox 2417 1830 2657 1901; x_wconf 89' lang='lat' dir='ltr'>speciem</span> <span class='ocrx_word' id='word_1_211' title='bbox 2684 1844 2749 1886; x_wconf 85' lang='lat' dir='ltr'>ac</span> <span class='ocrx_word' id='word_1_212' title='bbox 2785 1830 3117 1899; x_wconf 76' lang='lat' dir='ltr'>voluptatem</span> <span class='ocrx_word' id='word_1_213' title='bbox 3147 1836 3354 1883; x_wconf 80' lang='lat' dir='ltr'>ornatae</span> <span class='ocrx_word' id='word_1_214' title='bbox 3374 1869 3388 1889; x_wconf 87' lang='lat'><strong>.</strong></span> <span class='ocrx_word' id='word_1_215' title='bbox 3429 1828 3551 1883; x_wconf 88' lang='lat' dir='ltr'>aliis</span> 
     </span>
     <span class='ocr_line' id='line_1_30' title="bbox 300 1918 3549 1993; baseline -0 -20"><span class='ocrx_word' id='word_1_216' title='bbox 300 1919 437 1973; x_wconf 68' lang='grc' dir='ltr'>ἀλλὰ</span> <span class='ocrx_word' id='word_1_217' title='bbox 466 1920 603 1989; x_wconf 72' lang='grc' dir='ltr'>πρὸς</span> <span class='ocrx_word' id='word_1_218' title='bbox 634 1922 696 1973; x_wconf 80' lang='grc' dir='ltr'>τὸ</span> <span class='ocrx_word' id='word_1_219' title='bbox 742 1918 936 1992; x_wconf 82' lang='grc' dir='ltr'>ἀρέσαι</span> <span class='ocrx_word' id='word_1_220' title='bbox 982 1920 1076 1973; x_wconf 76' lang='grc' dir='ltr'>καὶ</span> <span class='ocrx_word' id='word_1_221' title='bbox 1130 1919 1491 1991; x_wconf 77' lang='grc' dir='ltr'>εὐημερῆσαι,</span> <span class='ocrx_word' id='word_1_222' title='bbox 1542 1920 1793 1993; x_wconf 85' lang='grc' dir='ltr'>καθάπερ</span> <span class='ocrx_word' id='word_1_223' title='bbox 1822 1923 1872 1975; x_wconf 89' lang='grc' dir='ltr'>οί</span> <span class='ocrx_word' id='word_1_224' title='bbox 1977 1923 2387 1993; x_wconf 77' lang='lat' dir='ltr'>przestantiores</span> <span class='ocrx_word' id='word_1_225' title='bbox 2415 1921 2743 1984; x_wconf 80' lang='lat' dir='ltr'>videantur,</span> <span class='ocrx_word' id='word_1_226' title='bbox 2796 1935 2918 1991; x_wconf 81' lang='lat' dir='ltr'>qnae</span> <span class='ocrx_word' id='word_1_227' title='bbox 2967 1919 3034 1974; x_wconf 84' lang='lat' dir='ltr'>ad</span> <span class='ocrx_word' id='word_1_228' title='bbox 3083 1919 3549 1975; x_wconf 78' lang='lat' dir='ltr'>accuratissimam</span> 
     </span>
     <span class='ocr_line' id='line_1_31' title="bbox 302 1993 3554 2085; baseline -0.001 -19"><span class='ocrx_word' id='word_1_229' title='bbox 302 2013 574 2083; x_wconf 74' lang='grc' dir='ltr'>σοφισταὶ,</span> <span class='ocrx_word' id='word_1_230' title='bbox 600 2014 651 2067; x_wconf 84' lang='grc' dir='ltr'>οῖ</span> <span class='ocrx_word' id='word_1_231' title='bbox 700 2012 891 2083; x_wconf 80' lang='grc' dir='ltr'>μισθὸν</span> <span class='ocrx_word' id='word_1_232' title='bbox 921 2012 1203 2085; x_wconf 76' lang='grc' dir='ltr'>αἱροῦνται</span> <span class='ocrx_word' id='word_1_233' title='bbox 1242 2014 1351 2066; x_wconf 82' lang='grc' dir='ltr'>τῶν</span> <span class='ocrx_word' id='word_1_234' title='bbox 1376 2014 1573 2080; x_wconf 81' lang='grc' dir='ltr'>λόγων,</span> <span class='ocrx_word' id='word_1_235' title='bbox 1613 2014 1876 2067; x_wconf 83' lang='grc' dir='ltr'>ὲπευωνι-</span> <span class='ocrx_word' id='word_1_236' title='bbox 1909 1993 1953 2051; x_wconf 75' lang='grc' dir='ltr'><strong>Β</strong></span> <span class='ocrx_word' id='word_1_237' title='bbox 1986 2014 2232 2067; x_wconf 74' lang='lat' dir='ltr'>veritatis</span> <span class='ocrx_word' id='word_1_238' title='bbox 2282 2027 2530 2067; x_wconf 82' lang='lat' dir='ltr'>normam</span> <span class='ocrx_word' id='word_1_239' title='bbox 2569 2018 2775 2065; x_wconf 69' lang='lat' dir='ltr'>exacta:</span> <span class='ocrx_word' id='word_1_240' title='bbox 2825 2022 2973 2065; x_wconf 88' lang='lat' dir='ltr'>sunt.</span> <span class='ocrx_word' id='word_1_241' title='bbox 3025 2009 3102 2065; x_wconf 81' lang='lat' dir='ltr'>Ex</span> <span class='ocrx_word' id='word_1_242' title='bbox 3136 2025 3247 2081; x_wconf 90' lang='lat' dir='ltr'>quo</span> <span class='ocrx_word' id='word_1_243' title='bbox 3301 2010 3360 2063; x_wconf 86' lang='lat' dir='ltr'>nt</span> <span class='ocrx_word' id='word_1_244' title='bbox 3390 2017 3452 2065; x_wconf 90' lang='lat' dir='ltr'>ut</span> <span class='ocrx_word' id='word_1_245' title='bbox 3497 2018 3554 2065; x_wconf 85' lang='lat' dir='ltr'>et</span> 
     </span>
     <span class='ocr_line' id='line_1_32' title="bbox 298 2100 3554 2174; baseline 0 -19"><span class='ocrx_word' id='word_1_246' title='bbox 298 2102 513 2172; x_wconf 80' lang='grc' dir='ltr'>ζόμενοι</span> <span class='ocrx_word' id='word_1_247' title='bbox 558 2103 660 2174; x_wconf 81' lang='grc' dir='ltr'>τῆς</span> <span class='ocrx_word' id='word_1_248' title='bbox 695 2102 887 2171; x_wconf 79' lang='grc' dir='ltr'>σοφίας</span> <span class='ocrx_word' id='word_1_249' title='bbox 936 2102 1201 2166; x_wconf 81' lang='grc' dir='ltr'>ἐπαίνοις.</span> <span class='ocrx_word' id='word_1_250' title='bbox 1238 2102 1312 2156; x_wconf 86' lang='grc' dir='ltr'>Τὸ</span> <span class='ocrx_word' id='word_1_251' title='bbox 1354 2104 1454 2174; x_wconf 83' lang='grc' dir='ltr'>μὲν</span> <span class='ocrx_word' id='word_1_252' title='bbox 1499 2100 1620 2162; x_wconf 74' lang='grc' dir='ltr'>οὖν,</span> <span class='ocrx_word' id='word_1_253' title='bbox 1648 2103 1875 2157; x_wconf 70' lang='grc' dir='ltr'>παλαιὸν</span> <span class='ocrx_word' id='word_1_254' title='bbox 1983 2104 2241 2160; x_wconf 88' lang='lat' dir='ltr'>doctores</span> <span class='ocrx_word' id='word_1_255' title='bbox 2272 2119 2382 2158; x_wconf 92' lang='lat' dir='ltr'>non</span> <span class='ocrx_word' id='word_1_256' title='bbox 2416 2103 2529 2173; x_wconf 85' lang='lat' dir='ltr'>jam</span> <span class='ocrx_word' id='word_1_257' title='bbox 2561 2103 2634 2168; x_wconf 88' lang='lat' dir='ltr'>ei,</span> <span class='ocrx_word' id='word_1_258' title='bbox 2663 2102 2808 2173; x_wconf 91' lang='lat' dir='ltr'>quod</span> <span class='ocrx_word' id='word_1_259' title='bbox 2838 2103 3102 2172; x_wconf 89' lang='lat' dir='ltr'>optimum</span> <span class='ocrx_word' id='word_1_260' title='bbox 3132 2101 3202 2157; x_wconf 90' lang='lat' dir='ltr'>sit</span> <span class='ocrx_word' id='word_1_261' title='bbox 3246 2100 3554 2172; x_wconf 81' lang='lat' dir='ltr'>gravitatis-</span> 
     </span>
     <span class='ocr_line' id='line_1_33' title="bbox 298 2190 3554 2266; baseline -0 -20"><span class='ocrx_word' id='word_1_262' title='bbox 298 2191 471 2262; x_wconf 79' lang='grc' dir='ltr'>βραχὺ</span> <span class='ocrx_word' id='word_1_263' title='bbox 496 2192 776 2257; x_wconf 75' lang='grc' dir='ltr'>παντελῶς</span> <span class='ocrx_word' id='word_1_264' title='bbox 801 2192 862 2246; x_wconf 82' lang='grc' dir='ltr'>τὸ</span> <span class='ocrx_word' id='word_1_265' title='bbox 887 2193 1014 2264; x_wconf 75' lang='grc' dir='ltr'>περὶ</span> <span class='ocrx_word' id='word_1_266' title='bbox 1037 2193 1138 2265; x_wconf 81' lang='grc' dir='ltr'>τὴν</span> <span class='ocrx_word' id='word_1_267' title='bbox 1161 2191 1420 2266; x_wconf 75' lang='grc' dir='ltr'>ἐξήγησιν</span> <span class='ocrx_word' id='word_1_268' title='bbox 1444 2190 1533 2266; x_wconf 82' lang='grc' dir='ltr'>ἦν,</span> <span class='ocrx_word' id='word_1_269' title='bbox 1564 2194 1877 2264; x_wconf 79' lang='grc' dir='ltr'>φιλο-τιμον·</span> <span class='ocrx_word' id='word_1_270' title='bbox 1985 2212 2092 2266; x_wconf 76' lang='lat' dir='ltr'>qne</span> <span class='ocrx_word' id='word_1_271' title='bbox 2120 2197 2338 2266; x_wconf 90' lang='lat' dir='ltr'>plenum</span> <span class='ocrx_word' id='word_1_272' title='bbox 2359 2235 2374 2261; x_wconf 95' lang='lat'>,</span> <span class='ocrx_word' id='word_1_273' title='bbox 2408 2194 2663 2250; x_wconf 89' lang='lat' dir='ltr'>studeant</span> <span class='ocrx_word' id='word_1_274' title='bbox 2685 2235 2697 2257; x_wconf 86' lang='lat'>.</span> <span class='ocrx_word' id='word_1_275' title='bbox 2729 2195 2823 2250; x_wconf 88' lang='lat' dir='ltr'>sed</span> <span class='ocrx_word' id='word_1_276' title='bbox 2852 2194 2904 2249; x_wconf 91' lang='lat' dir='ltr'>id</span> <span class='ocrx_word' id='word_1_277' title='bbox 2944 2193 3240 2257; x_wconf 81' lang='lat' dir='ltr'>duntaxat,</span> <span class='ocrx_word' id='word_1_278' title='bbox 3271 2192 3415 2262; x_wconf 87' lang='lat' dir='ltr'>qnod</span> <span class='ocrx_word' id='word_1_279' title='bbox 3446 2195 3554 2263; x_wconf 86' lang='lat' dir='ltr'>pla·</span> 
     </span>
     <span class='ocr_line' id='line_1_34' title="bbox 299 2284 3551 2357; baseline 0 -20"><span class='ocrx_word' id='word_1_280' title='bbox 299 2284 476 2354; x_wconf 83' lang='grc' dir='ltr'>μένων</span> <span class='ocrx_word' id='word_1_281' title='bbox 505 2285 579 2355; x_wconf 78' lang='grc' dir='ltr'>μὴ</span> <span class='ocrx_word' id='word_1_282' title='bbox 606 2285 851 2356; x_wconf 79' lang='grc' dir='ltr'>τέρπειν,</span> <span class='ocrx_word' id='word_1_283' title='bbox 882 2285 1019 2339; x_wconf 77' lang='grc' dir='ltr'>ἀλλὰ</span> <span class='ocrx_word' id='word_1_284' title='bbox 1037 2284 1268 2354; x_wconf 81' lang='grc' dir='ltr'>ὠφελεῖν</span> <span class='ocrx_word' id='word_1_285' title='bbox 1296 2287 1423 2349; x_wconf 77' lang='grc' dir='ltr'>τοὺς</span> <span class='ocrx_word' id='word_1_286' title='bbox 1460 2286 1736 2357; x_wconf 77' lang='grc' dir='ltr'>παρόντας</span> <span class='ocrx_word' id='word_1_287' title='bbox 1763 2285 1871 2337; x_wconf 85' lang='grc' dir='ltr'>τῶν</span> <span class='ocrx_word' id='word_1_288' title='bbox 1979 2296 2064 2342; x_wconf 87' lang='lat' dir='ltr'>cct</span> <span class='ocrx_word' id='word_1_289' title='bbox 2119 2288 2372 2357; x_wconf 88' lang='lat' dir='ltr'>quodque</span> <span class='ocrx_word' id='word_1_290' title='bbox 2400 2286 2645 2342; x_wconf 89' lang='lat' dir='ltr'>secundo</span> <span class='ocrx_word' id='word_1_291' title='bbox 2677 2285 2865 2340; x_wconf 75' lang='lat' dir='ltr'>lavore</span> <span class='ocrx_word' id='word_1_292' title='bbox 2897 2284 3090 2350; x_wconf 71' lang='lat' dir='ltr'>fertur,</span> <span class='ocrx_word' id='word_1_293' title='bbox 3125 2285 3440 2355; x_wconf 79' lang='lat' dir='ltr'>respiciant,</span> <span class='ocrx_word' id='word_1_294' title='bbox 3472 2286 3551 2337; x_wconf 89' lang='lat' dir='ltr'>uti</span> 
     </span>
     <span class='ocr_line' id='line_1_35' title="bbox 296 2378 3556 2451; baseline -0.004 -8"><span class='ocrx_word' id='word_1_295' title='bbox 296 2378 441 2431; x_wconf 69' lang='grc' dir='ltr'>τότε·</span> <span class='ocrx_word' id='word_1_296' title='bbox 1984 2381 2243 2451; x_wconf 81' lang='lat' dir='ltr'>sophistae</span> <span class='ocrx_word' id='word_1_297' title='bbox 2281 2379 2462 2435; x_wconf 78' lang='lat' dir='ltr'>facere</span> <span class='ocrx_word' id='word_1_298' title='bbox 2497 2382 2929 2444; x_wconf 80' lang='lat' dir='ltr'>consueverunt,</span> <span class='ocrx_word' id='word_1_299' title='bbox 2967 2378 3063 2449; x_wconf 89' lang='lat' dir='ltr'>qui</span> <span class='ocrx_word' id='word_1_300' title='bbox 3096 2378 3404 2433; x_wconf 91' lang='lat' dir='ltr'>orationum</span> <span class='ocrx_word' id='word_1_301' title='bbox 3435 2390 3556 2432; x_wconf 87' lang='lat' dir='ltr'>sua·</span> 
     </span>
     <span class='ocr_line' id='line_1_36' title="bbox 298 2468 3555 2549; baseline -0.002 -21"><span class='ocrx_word' id='word_1_302' title='bbox 298 2483 422 2528; x_wconf 88' lang='lat' dir='ltr'>rum</span> <span class='ocrx_word' id='word_1_303' title='bbox 455 2469 760 2525; x_wconf 87' lang='lat' dir='ltr'>mercedem</span> <span class='ocrx_word' id='word_1_304' title='bbox 793 2469 1126 2539; x_wconf 79' lang='lat' dir='ltr'>accipientes</span> <span class='ocrx_word' id='word_1_305' title='bbox 1158 2470 1422 2526; x_wconf 67' lang='lat' dir='ltr'>doctrinm</span> <span class='ocrx_word' id='word_1_306' title='bbox 1471 2478 1527 2525; x_wconf 88' lang='lat' dir='ltr'>et</span> <span class='ocrx_word' id='word_1_307' title='bbox 1584 2470 1912 2549; x_wconf 38' lang='lat' dir='ltr'>eru-ditionis</span> <span class='ocrx_word' id='word_1_308' title='bbox 1966 2486 2081 2526; x_wconf 78' lang='lat' dir='ltr'>suae</span> <span class='ocrx_word' id='word_1_309' title='bbox 2133 2470 2387 2526; x_wconf 83' lang='lat' dir='ltr'>laudibus</span> <span class='ocrx_word' id='word_1_310' title='bbox 2442 2479 2701 2542; x_wconf 86' lang='lat' dir='ltr'>tanquam</span> <span class='ocrx_word' id='word_1_311' title='bbox 2756 2468 2848 2523; x_wconf 83' lang='lat' dir='ltr'>vili</span> <span class='ocrx_word' id='word_1_312' title='bbox 2902 2468 3138 2541; x_wconf 89' lang='lat' dir='ltr'>quodam</span> <span class='ocrx_word' id='word_1_313' title='bbox 3193 2470 3366 2538; x_wconf 82' lang='lat' dir='ltr'>pretio</span> <span class='ocrx_word' id='word_1_314' title='bbox 3412 2469 3555 2523; x_wconf 89' lang='lat' dir='ltr'>redi·</span> 
     </span>
     <span class='ocr_line' id='line_1_37' title="bbox 298 2559 3549 2632; baseline -0.001 -15"><span class='ocrx_word' id='word_1_315' title='bbox 298 2571 541 2619; x_wconf 90' lang='lat' dir='ltr'>muntur.</span> <span class='ocrx_word' id='word_1_316' title='bbox 572 2561 652 2615; x_wconf 78' lang='lat' dir='ltr'>Ac</span> <span class='ocrx_word' id='word_1_317' title='bbox 676 2560 875 2632; x_wconf 78' lang='lat' dir='ltr'>priscis</span> <span class='ocrx_word' id='word_1_318' title='bbox 900 2560 1119 2631; x_wconf 89' lang='lat' dir='ltr'>quidem</span> <span class='ocrx_word' id='word_1_319' title='bbox 1152 2562 1489 2632; x_wconf 87' lang='lat' dir='ltr'>temporibus</span> <span class='ocrx_word' id='word_1_320' title='bbox 1549 2575 1762 2618; x_wconf 82' lang='lat' dir='ltr'>summa</span> <span class='ocrx_word' id='word_1_321' title='bbox 1812 2568 1933 2618; x_wconf 88' lang='lat' dir='ltr'>erat</span> <span class='ocrx_word' id='word_1_322' title='bbox 1980 2563 2034 2617; x_wconf 91' lang='lat' dir='ltr'>in</span> <span class='ocrx_word' id='word_1_323' title='bbox 2069 2564 2390 2630; x_wconf 85' lang='lat' dir='ltr'>explicando</span> <span class='ocrx_word' id='word_1_324' title='bbox 2430 2565 2703 2625; x_wconf 72' lang='lat' dir='ltr'>brevitas,</span> <span class='ocrx_word' id='word_1_325' title='bbox 2737 2576 2861 2616; x_wconf 90' lang='lat' dir='ltr'>enm</span> <span class='ocrx_word' id='word_1_326' title='bbox 2911 2560 2966 2613; x_wconf 90' lang='lat' dir='ltr'>in</span> <span class='ocrx_word' id='word_1_327' title='bbox 3008 2559 3061 2614; x_wconf 90' lang='lat' dir='ltr'>id</span> <span class='ocrx_word' id='word_1_328' title='bbox 3096 2559 3171 2614; x_wconf 90' lang='lat' dir='ltr'>illi</span> <span class='ocrx_word' id='word_1_329' title='bbox 3206 2560 3549 2630; x_wconf 87' lang='lat' dir='ltr'>potissimum</span> 
     </span>
    </p>
   </div>
   <div class='ocr_carea' id='block_1_10' title="bbox 299 2659 3563 3374">
    <p class='ocr_par' dir='ltr' id='par_1_10' title="bbox 299 2659 2637 2731">
     <span class='ocr_line' id='line_1_38' title="bbox 299 2659 2637 2731; baseline -0.002 -15"><span class='ocrx_word' id='word_1_330' title='bbox 299 2663 700 2725; x_wconf 85' lang='lat' dir='ltr'>incumberent,</span> <span class='ocrx_word' id='word_1_331' title='bbox 730 2677 838 2715; x_wconf 91' lang='lat' dir='ltr'>non</span> <span class='ocrx_word' id='word_1_332' title='bbox 870 2669 930 2716; x_wconf 89' lang='lat' dir='ltr'>ut</span> <span class='ocrx_word' id='word_1_333' title='bbox 952 2660 1315 2725; x_wconf 88' lang='lat' dir='ltr'>oblectarent,</span> <span class='ocrx_word' id='word_1_334' title='bbox 1348 2659 1443 2716; x_wconf 89' lang='lat' dir='ltr'>sed</span> <span class='ocrx_word' id='word_1_335' title='bbox 1472 2671 1530 2716; x_wconf 92' lang='lat' dir='ltr'>ut</span> <span class='ocrx_word' id='word_1_336' title='bbox 1557 2662 1882 2731; x_wconf 80' lang='lat' dir='ltr'>prodessent</span> <span class='ocrx_word' id='word_1_337' title='bbox 1921 2660 2283 2715; x_wconf 84' lang='lat' dir='ltr'>auditoribus.</span> <span class='ocrx_word' id='word_1_338' title='bbox 2632 2715 2637 2719; x_wconf 73' lang='grc'>,</span> 
     </span>
    </p>

    <p class='ocr_par' dir='ltr' id='par_1_11' title="bbox 301 2750 3563 3374">
     <span class='ocr_line' id='line_1_39' title="bbox 382 2750 3550 2827; baseline -0.001 -20"><span class='ocrx_word' id='word_1_339' title='bbox 382 2756 500 2824; x_wconf 79' lang='grc' dir='ltr'>Ἀφ’</span> <span class='ocrx_word' id='word_1_340' title='bbox 528 2750 589 2809; x_wconf 74' lang='grc' dir='ltr'>οὗ</span> <span class='ocrx_word' id='word_1_341' title='bbox 617 2754 674 2808; x_wconf 79' lang='grc' dir='ltr'>δὲ</span> <span class='ocrx_word' id='word_1_342' title='bbox 717 2754 902 2808; x_wconf 79' lang='grc' dir='ltr'>λοιπὸν</span> <span class='ocrx_word' id='word_1_343' title='bbox 931 2755 1014 2819; x_wconf 82' lang='grc' dir='ltr'>είς</span> <span class='ocrx_word' id='word_1_344' title='bbox 1058 2752 1340 2826; x_wconf 73' lang='grc' dir='ltr'>ῥᾳστώνην</span> <span class='ocrx_word' id='word_1_345' title='bbox 1382 2754 1666 2827; x_wconf 75' lang='grc' dir='ltr'>ἐπετράπη</span> <span class='ocrx_word' id='word_1_346' title='bbox 1714 2756 1880 2808; x_wconf 77' lang='grc' dir='ltr'>πᾶσιν</span> <span class='ocrx_word' id='word_1_347' title='bbox 2058 2753 2418 2823; x_wconf 76' lang='lat' dir='ltr'>Posteaquam</span> <span class='ocrx_word' id='word_1_348' title='bbox 2473 2767 2604 2808; x_wconf 82' lang='lat' dir='ltr'>vero</span> <span class='ocrx_word' id='word_1_349' title='bbox 2641 2753 3108 2823; x_wconf 82' lang='lat' dir='ltr'>explanandarum</span> <span class='ocrx_word' id='word_1_350' title='bbox 3143 2751 3550 2823; x_wconf 86' lang='lat' dir='ltr'>Scripturarnm</span> 
     </span>
     <span class='ocr_line' id='line_1_40' title="bbox 301 2840 3563 2917; baseline -0.001 -18"><span class='ocrx_word' id='word_1_351' title='bbox 301 2845 627 2917; x_wconf 68' lang='grc' dir='ltr'>ἑρμηνεύειν</span> <span class='ocrx_word' id='word_1_352' title='bbox 661 2844 862 2912; x_wconf 73' lang='grc' dir='ltr'>ἐξεῖναι</span> <span class='ocrx_word' id='word_1_353' title='bbox 902 2842 1005 2908; x_wconf 82' lang='grc' dir='ltr'>τάς</span> <span class='ocrx_word' id='word_1_354' title='bbox 1052 2843 1296 2913; x_wconf 77' lang='grc' dir='ltr'>Γραφάς,</span> <span class='ocrx_word' id='word_1_355' title='bbox 1332 2845 1425 2897; x_wconf 72' lang='grc' dir='ltr'>καὶ</span> <span class='ocrx_word' id='word_1_356' title='bbox 1471 2845 1671 2908; x_wconf 84' lang='grc' dir='ltr'>πάντες</span> <span class='ocrx_word' id='word_1_357' title='bbox 1704 2846 1785 2907; x_wconf 73' lang='grc' dir='ltr'>εἰς</span> <span class='ocrx_word' id='word_1_358' title='bbox 1821 2844 1883 2897; x_wconf 74' lang='grc' dir='ltr'>τὸ</span> <span class='ocrx_word' id='word_1_359' title='bbox 1987 2844 2137 2899; x_wconf 88' lang='lat' dir='ltr'>nullo</span> <span class='ocrx_word' id='word_1_360' title='bbox 2171 2842 2370 2912; x_wconf 88' lang='lat' dir='ltr'>cuique</span> <span class='ocrx_word' id='word_1_361' title='bbox 2395 2842 2612 2913; x_wconf 77' lang='lat' dir='ltr'>negotio</span> <span class='ocrx_word' id='word_1_362' title='bbox 2644 2840 2876 2899; x_wconf 75' lang='lat' dir='ltr'>facultas</span> <span class='ocrx_word' id='word_1_363' title='bbox 2905 2852 2990 2899; x_wconf 83' lang='lat' dir='ltr'>cst</span> <span class='ocrx_word' id='word_1_364' title='bbox 3025 2858 3307 2912; x_wconf 71' lang='lat' dir='ltr'>comessa,</span> <span class='ocrx_word' id='word_1_365' title='bbox 3347 2846 3563 2897; x_wconf 76' lang='lat' dir='ltr'>univer-</span> 
     </span>
     <span class='ocr_line' id='line_1_41' title="bbox 302 2932 3556 3009; baseline -0 -17"><span class='ocrx_word' id='word_1_366' title='bbox 302 2938 524 3008; x_wconf 67' lang='grc' dir='ltr'>ποιῆσαι</span> <span class='ocrx_word' id='word_1_367' title='bbox 548 2938 644 3008; x_wconf 80' lang='grc' dir='ltr'>μὲν</span> <span class='ocrx_word' id='word_1_368' title='bbox 666 2935 727 2991; x_wconf 72' lang='grc' dir='ltr'>τὸ</span> <span class='ocrx_word' id='word_1_369' title='bbox 745 2937 910 2991; x_wconf 74' lang='grc' dir='ltr'>καλὸν</span> <span class='ocrx_word' id='word_1_370' title='bbox 941 2935 1323 3009; x_wconf 77' lang='grc' dir='ltr'>ὴμὸλὺνθησαν</span> <span class='ocrx_word' id='word_1_371' title='bbox 1341 2935 1670 3008; x_wconf 78' lang='grc' dir='ltr'>πλησθέντες</span> <span class='ocrx_word' id='word_1_372' title='bbox 1693 2937 1883 3007; x_wconf 72' lang='grc' dir='ltr'>οἰήμα-</span> <span class='ocrx_word' id='word_1_373' title='bbox 1988 2935 2145 3005; x_wconf 87' lang='lat' dir='ltr'>sique</span> <span class='ocrx_word' id='word_1_374' title='bbox 2197 2934 2339 2990; x_wconf 87' lang='lat' dir='ltr'>l&#39;astu</span> <span class='ocrx_word' id='word_1_375' title='bbox 2392 2948 2457 2989; x_wconf 86' lang='lat' dir='ltr'>ac</span> <span class='ocrx_word' id='word_1_376' title='bbox 2502 2932 2585 2988; x_wconf 89' lang='lat' dir='ltr'>sui</span> <span class='ocrx_word' id='word_1_377' title='bbox 2644 2934 2902 3004; x_wconf 88' lang='lat' dir='ltr'>opinione</span> <span class='ocrx_word' id='word_1_378' title='bbox 2951 2935 3119 2991; x_wconf 87' lang='lat' dir='ltr'>inllati</span> <span class='ocrx_word' id='word_1_379' title='bbox 3167 2936 3235 2990; x_wconf 86' lang='lat' dir='ltr'>ad</span> <span class='ocrx_word' id='word_1_380' title='bbox 3269 2937 3324 2991; x_wconf 88' lang='lat' dir='ltr'>id</span> <span class='ocrx_word' id='word_1_381' title='bbox 3357 2978 3370 3001; x_wconf 92' lang='lat'>,</span> <span class='ocrx_word' id='word_1_382' title='bbox 3407 2937 3556 3008; x_wconf 88' lang='lat' dir='ltr'>quod</span> 
     </span>
     <span class='ocr_line' id='line_1_42' title="bbox 304 3023 3554 3098; baseline 0.001 -16"><span class='ocrx_word' id='word_1_383' title='bbox 304 3044 394 3092; x_wconf 80' lang='grc' dir='ltr'>τος</span> <span class='ocrx_word' id='word_1_384' title='bbox 416 3044 431 3058; x_wconf 86' lang='grc'><em>·</em></span> <span class='ocrx_word' id='word_1_385' title='bbox 468 3027 596 3098; x_wconf 74' lang='grc' dir='ltr'>περὶ</span> <span class='ocrx_word' id='word_1_386' title='bbox 629 3028 690 3081; x_wconf 82' lang='grc' dir='ltr'>τὸ</span> <span class='ocrx_word' id='word_1_387' title='bbox 717 3026 1094 3097; x_wconf 72' lang='grc' dir='ltr'>λογικιύεσθαι</span> <span class='ocrx_word' id='word_1_388' title='bbox 1127 3026 1186 3080; x_wconf 80' lang='grc' dir='ltr'>δὲ</span> <span class='ocrx_word' id='word_1_389' title='bbox 1211 3025 1524 3098; x_wconf 81' lang='grc' dir='ltr'>προέκοψαν</span> <span class='ocrx_word' id='word_1_390' title='bbox 1546 3023 1883 3089; x_wconf 77' lang='grc' dir='ltr'>καλλωπιζό-</span> <span class='ocrx_word' id='word_1_391' title='bbox 1986 3035 2195 3082; x_wconf 81' lang='lat' dir='ltr'>rectum</span> <span class='ocrx_word' id='word_1_392' title='bbox 2260 3031 2344 3081; x_wconf 87' lang='lat' dir='ltr'>cst</span> <span class='ocrx_word' id='word_1_393' title='bbox 2378 3065 2392 3089; x_wconf 96' lang='lat'>,</span> <span class='ocrx_word' id='word_1_394' title='bbox 2455 3025 2637 3081; x_wconf 87' lang='lat' dir='ltr'>obtusi</span> <span class='ocrx_word' id='word_1_395' title='bbox 2698 3033 2862 3097; x_wconf 86' lang='lat' dir='ltr'>atque</span> <span class='ocrx_word' id='word_1_396' title='bbox 2914 3026 3134 3083; x_wconf 87' lang='lat' dir='ltr'>hebetes</span> <span class='ocrx_word' id='word_1_397' title='bbox 3198 3027 3324 3083; x_wconf 82' lang='lat' dir='ltr'>sacti</span> <span class='ocrx_word' id='word_1_398' title='bbox 3388 3037 3517 3085; x_wconf 91' lang='lat' dir='ltr'>sunt</span> <span class='ocrx_word' id='word_1_399' title='bbox 3539 3069 3554 3091; x_wconf 87' lang='lat'>,</span> 
     </span>
     <span class='ocr_line' id='line_1_43' title="bbox 305 3113 3559 3189; baseline 0.001 -18"><span class='ocrx_word' id='word_1_400' title='bbox 305 3135 477 3188; x_wconf 83' lang='grc' dir='ltr'>μενοι,</span> <span class='ocrx_word' id='word_1_401' title='bbox 510 3117 587 3182; x_wconf 85' lang='grc' dir='ltr'>ὡς</span> <span class='ocrx_word' id='word_1_402' title='bbox 617 3118 794 3172; x_wconf 80' lang='grc' dir='ltr'>πάντα</span> <span class='ocrx_word' id='word_1_403' title='bbox 823 3116 1114 3188; x_wconf 70' lang='grc' dir='ltr'>γινώσκειν</span> <span class='ocrx_word' id='word_1_404' title='bbox 1155 3116 1491 3189; x_wconf 70' lang='grc' dir='ltr'>ὑπάρχοντες</span> <span class='ocrx_word' id='word_1_405' title='bbox 1519 3115 1703 3180; x_wconf 77' lang='grc' dir='ltr'>δεινοὶ,</span> <span class='ocrx_word' id='word_1_406' title='bbox 1741 3113 1884 3170; x_wconf 85' lang='grc' dir='ltr'>διδά-</span> <span class='ocrx_word' id='word_1_407' title='bbox 1987 3131 2213 3187; x_wconf 82' lang='lat' dir='ltr'>magnos</span> <span class='ocrx_word' id='word_1_408' title='bbox 2243 3130 2372 3171; x_wconf 78' lang='lat' dir='ltr'>vero</span> <span class='ocrx_word' id='word_1_409' title='bbox 2413 3115 2466 3171; x_wconf 91' lang='lat' dir='ltr'>in</span> <span class='ocrx_word' id='word_1_410' title='bbox 2500 3115 2862 3171; x_wconf 85' lang='lat' dir='ltr'>ratiocinandi</span> <span class='ocrx_word' id='word_1_411' title='bbox 2901 3117 3201 3173; x_wconf 83' lang='lat' dir='ltr'>subtilitate</span> <span class='ocrx_word' id='word_1_412' title='bbox 3236 3133 3559 3189; x_wconf 77' lang='lat' dir='ltr'>progressus</span> 
     </span>
     <span class='ocr_line' id='line_1_44' title="bbox 303 3205 3557 3281; baseline 0.002 -19"><span class='ocrx_word' id='word_1_413' title='bbox 303 3210 526 3264; x_wconf 79' lang='grc' dir='ltr'>σκεσθαι</span> <span class='ocrx_word' id='word_1_414' title='bbox 566 3210 665 3281; x_wconf 73' lang='grc' dir='ltr'>μὲν</span> <span class='ocrx_word' id='word_1_415' title='bbox 686 3209 967 3281; x_wconf 76' lang='grc' dir='ltr'>ὁμολογεῖν</span> <span class='ocrx_word' id='word_1_416' title='bbox 1002 3210 1227 3281; x_wconf 75' lang='grc' dir='ltr'>χρῄζειν</span> <span class='ocrx_word' id='word_1_417' title='bbox 1259 3208 1618 3273; x_wconf 78' lang='grc' dir='ltr'>αἰδεσθέντες,</span> <span class='ocrx_word' id='word_1_418' title='bbox 1650 3208 1883 3279; x_wconf 84' lang='grc' dir='ltr'>φιλονει-</span> <span class='ocrx_word' id='word_1_419' title='bbox 1989 3208 2237 3264; x_wconf 79' lang='lat' dir='ltr'>fecerunt</span> <span class='ocrx_word' id='word_1_420' title='bbox 2261 3248 2277 3274; x_wconf 95' lang='lat'>,</span> <span class='ocrx_word' id='word_1_421' title='bbox 2311 3221 2375 3261; x_wconf 89' lang='lat' dir='ltr'>ac</span> <span class='ocrx_word' id='word_1_422' title='bbox 2426 3205 2613 3262; x_wconf 78' lang='lat' dir='ltr'>sucum</span> <span class='ocrx_word' id='word_1_423' title='bbox 2650 3208 2706 3262; x_wconf 92' lang='lat' dir='ltr'>in</span> <span class='ocrx_word' id='word_1_424' title='bbox 2755 3207 2988 3263; x_wconf 86' lang='lat' dir='ltr'>dicendo</span> <span class='ocrx_word' id='word_1_425' title='bbox 3039 3211 3337 3267; x_wconf 87' lang='lat' dir='ltr'>consectati</span> <span class='ocrx_word' id='word_1_426' title='bbox 3389 3220 3517 3267; x_wconf 89' lang='lat' dir='ltr'>sunt</span> <span class='ocrx_word' id='word_1_427' title='bbox 3543 3252 3557 3274; x_wconf 91' lang='lat'>,</span> 
     </span>
     <span class='ocr_line' id='line_1_45' title="bbox 302 3272 3560 3374; baseline 0 -19"><span class='ocrx_word' id='word_1_428' title='bbox 302 3305 416 3358; x_wconf 83' lang='grc' dir='ltr'>κεῖν</span> <span class='ocrx_word' id='word_1_429' title='bbox 460 3301 518 3354; x_wconf 83' lang='grc' dir='ltr'>δὲ</span> <span class='ocrx_word' id='word_1_430' title='bbox 560 3302 758 3374; x_wconf 77' lang='grc' dir='ltr'>μᾶλλον</span> <span class='ocrx_word' id='word_1_431' title='bbox 819 3301 917 3357; x_wconf 79' lang='grc' dir='ltr'>καὶ</span> <span class='ocrx_word' id='word_1_432' title='bbox 961 3301 1266 3373; x_wconf 77' lang='grc' dir='ltr'>προπηδᾷν,</span> <span class='ocrx_word' id='word_1_433' title='bbox 1315 3300 1393 3364; x_wconf 88' lang='grc' dir='ltr'>ὡς</span> <span class='ocrx_word' id='word_1_434' title='bbox 1443 3301 1495 3354; x_wconf 78' lang='lat' dir='ltr'>oi</span> <span class='ocrx_word' id='word_1_435' title='bbox 1538 3298 1881 3353; x_wconf 86' lang='grc' dir='ltr'>διδάσκαλοι·</span> <span class='ocrx_word' id='word_1_436' title='bbox 1910 3272 1956 3329; x_wconf 72' lang='lat' dir='ltr'>c</span> <span class='ocrx_word' id='word_1_437' title='bbox 1989 3299 2215 3370; x_wconf 75' lang='lat' dir='ltr'>perinde</span> <span class='ocrx_word' id='word_1_438' title='bbox 2243 3314 2308 3354; x_wconf 87' lang='lat' dir='ltr'>ac</span> <span class='ocrx_word' id='word_1_439' title='bbox 2336 3313 2518 3354; x_wconf 89' lang='lat' dir='ltr'>rerum</span> <span class='ocrx_word' id='word_1_440' title='bbox 2543 3297 2787 3353; x_wconf 84' lang='lat' dir='ltr'>omnium</span> <span class='ocrx_word' id='word_1_441' title='bbox 2819 3299 3048 3354; x_wconf 85' lang='lat' dir='ltr'>scientia</span> <span class='ocrx_word' id='word_1_442' title='bbox 3077 3301 3320 3372; x_wconf 82' lang='lat' dir='ltr'>praediti:</span> <span class='ocrx_word' id='word_1_443' title='bbox 3350 3318 3473 3357; x_wconf 89' lang='lat' dir='ltr'>cum</span> <span class='ocrx_word' id='word_1_444' title='bbox 3504 3311 3560 3357; x_wconf 88' lang='lat' dir='ltr'>ct</span> 
     </span>
    </p>
   </div>
   <div class='ocr_carea' id='block_1_11' title="bbox 300 3389 1887 4469">
    <p class='ocr_par' dir='ltr' id='par_1_12' title="bbox 300 3389 1887 4469">
     <span class='ocr_line' id='line_1_46' title="bbox 302 3389 1886 3465; baseline -0.002 -18"><span class='ocrx_word' id='word_1_445' title='bbox 302 3393 694 3465; x_wconf 87' lang='grc' dir='ltr'>θρασυνθέντες</span> <span class='ocrx_word' id='word_1_446' title='bbox 730 3393 864 3462; x_wconf 81' lang='grc' dir='ltr'>γοῦν</span> <span class='ocrx_word' id='word_1_447' title='bbox 903 3391 1174 3458; x_wconf 78' lang='grc' dir='ltr'>ἐντεῦθεν,</span> <span class='ocrx_word' id='word_1_448' title='bbox 1204 3390 1300 3446; x_wconf 76' lang='grc' dir='ltr'>τοῦ</span> <span class='ocrx_word' id='word_1_449' title='bbox 1342 3392 1441 3463; x_wconf 79' lang='grc' dir='ltr'>μὲν</span> <span class='ocrx_word' id='word_1_450' title='bbox 1488 3389 1753 3455; x_wconf 80' lang='grc' dir='ltr'>εὐλαόοὗς</span> <span class='ocrx_word' id='word_1_451' title='bbox 1791 3389 1886 3444; x_wconf 75' lang='grc' dir='ltr'>καὶ</span> 
     </span>
     <span class='ocr_line' id='line_1_47' title="bbox 303 3476 1886 3559; baseline -0.005 -18"><span class='ocrx_word' id='word_1_452' title='bbox 303 3488 499 3559; x_wconf 80' lang='grc' dir='ltr'>πράου,</span> <span class='ocrx_word' id='word_1_453' title='bbox 530 3488 625 3542; x_wconf 73' lang='grc' dir='ltr'>καὶ</span> <span class='ocrx_word' id='word_1_454' title='bbox 643 3487 820 3543; x_wconf 83' lang='grc' dir='ltr'>πάντα</span> <span class='ocrx_word' id='word_1_455' title='bbox 845 3483 1103 3539; x_wconf 77' lang='grc' dir='ltr'>δύνασθαι</span> <span class='ocrx_word' id='word_1_456' title='bbox 1132 3485 1309 3538; x_wconf 79' lang='grc' dir='ltr'>ποιεῖν</span> <span class='ocrx_word' id='word_1_457' title='bbox 1333 3484 1425 3537; x_wconf 74' lang='grc' dir='ltr'>τὸν</span> <span class='ocrx_word' id='word_1_458' title='bbox 1449 3482 1583 3536; x_wconf 71' lang='grc' dir='ltr'>Θεὸν</span> <span class='ocrx_word' id='word_1_459' title='bbox 1613 3476 1688 3536; x_wconf 81' lang='grc' dir='ltr'>ὧν</span> <span class='ocrx_word' id='word_1_460' title='bbox 1711 3482 1886 3553; x_wconf 82' lang='grc' dir='ltr'>ἐπηγ-</span> 
     </span>
     <span class='ocr_line' id='line_1_48' title="bbox 304 3573 1886 3647; baseline -0.005 -16"><span class='ocrx_word' id='word_1_461' title='bbox 304 3578 537 3647; x_wconf 82' lang='grc' dir='ltr'>γείλατο,</span> <span class='ocrx_word' id='word_1_462' title='bbox 577 3578 639 3632; x_wconf 78' lang='grc' dir='ltr'>τὸ</span> <span class='ocrx_word' id='word_1_463' title='bbox 663 3578 686 3611; x_wconf 83' lang='lat'>⁸</span> <span class='ocrx_word' id='word_1_464' title='bbox 718 3577 996 3633; x_wconf 75' lang='grc' dir='ltr'>πιστεύειν</span> <span class='ocrx_word' id='word_1_465' title='bbox 1034 3574 1377 3642; x_wconf 81' lang='grc' dir='ltr'>ὠλίσθησαν·</span> <span class='ocrx_word' id='word_1_466' title='bbox 1407 3575 1488 3635; x_wconf 85' lang='grc' dir='ltr'>είς</span> <span class='ocrx_word' id='word_1_467' title='bbox 1525 3573 1583 3624; x_wconf 82' lang='grc' dir='ltr'>δὲ</span> <span class='ocrx_word' id='word_1_468' title='bbox 1630 3573 1886 3642; x_wconf 70' lang='grc' dir='ltr'>ζητήσεις</span> 
     </span>
     <span class='ocr_line' id='line_1_49' title="bbox 300 3661 1884 3737; baseline -0.002 -19"><span class='ocrx_word' id='word_1_469' title='bbox 300 3672 464 3734; x_wconf 70' lang='grc' dir='ltr'>κενὰς</span> <span class='ocrx_word' id='word_1_470' title='bbox 490 3673 585 3723; x_wconf 69' lang='grc' dir='ltr'>καὶ</span> <span class='ocrx_word' id='word_1_471' title='bbox 630 3665 984 3737; x_wconf 79' lang='grc' dir='ltr'>βλασφημίας</span> <span class='ocrx_word' id='word_1_472' title='bbox 1028 3664 1219 3729; x_wconf 71' lang='grc' dir='ltr'>ἦκασι,</span> <span class='ocrx_word' id='word_1_473' title='bbox 1260 3662 1336 3732; x_wconf 77' lang='grc' dir='ltr'>’μὴ</span> <span class='ocrx_word' id='word_1_474' title='bbox 1364 3662 1678 3732; x_wconf 76' lang='grc' dir='ltr'>νοήσαντες,</span> <span class='ocrx_word' id='word_1_475' title='bbox 1706 3661 1784 3724; x_wconf 81' lang='grc' dir='ltr'>ὡς</span> <span class='ocrx_word' id='word_1_476' title='bbox 1822 3662 1884 3715; x_wconf 76' lang='grc' dir='ltr'>οὐ</span> 
     </span>
     <span class='ocr_line' id='line_1_50' title="bbox 302 3749 1883 3827; baseline -0.001 -18"><span class='ocrx_word' id='word_1_477' title='bbox 302 3761 374 3813; x_wconf 70' lang='grc' dir='ltr'>τὰ</span> <span class='ocrx_word' id='word_1_478' title='bbox 401 3761 539 3826; x_wconf 74' lang='grc' dir='ltr'>ἔργα</span> <span class='ocrx_word' id='word_1_479' title='bbox 566 3755 676 3807; x_wconf 86' lang='grc' dir='ltr'>τῶν</span> <span class='ocrx_word' id='word_1_480' title='bbox 699 3754 875 3818; x_wconf 81' lang='grc' dir='ltr'>λόγων</span> <span class='ocrx_word' id='word_1_481' title='bbox 903 3749 1241 3822; x_wconf 66' lang='grc' dir='ltr'>ἐπετηδεύθη</span> <span class='ocrx_word' id='word_1_482' title='bbox 1271 3751 1451 3823; x_wconf 89' lang='grc' dir='ltr'>χάριν,</span> <span class='ocrx_word' id='word_1_483' title='bbox 1485 3750 1621 3807; x_wconf 75' lang='grc' dir='ltr'>ἀλλὰ</span> <span class='ocrx_word' id='word_1_484' title='bbox 1648 3753 1758 3807; x_wconf 83' lang='grc' dir='ltr'>τῶν</span> <span class='ocrx_word' id='word_1_485' title='bbox 1789 3753 1883 3827; x_wconf 79' lang='grc' dir='ltr'>ἔρ-</span> 
     </span>
     <span class='ocr_line' id='line_1_51' title="bbox 305 3837 1885 3917; baseline 0.001 -19"><span class='ocrx_word' id='word_1_486' title='bbox 305 3863 419 3915; x_wconf 81' lang='grc' dir='ltr'>γων</span> <span class='ocrx_word' id='word_1_487' title='bbox 448 3848 499 3897; x_wconf 81' lang='grc' dir='ltr'>οἱ</span> <span class='ocrx_word' id='word_1_488' title='bbox 529 3843 705 3913; x_wconf 86' lang='grc' dir='ltr'>λόγοι·</span> <span class='ocrx_word' id='word_1_489' title='bbox 752 3842 941 3914; x_wconf 81' lang='grc' dir='ltr'>ὥσπερ</span> <span class='ocrx_word' id='word_1_490' title='bbox 971 3841 1240 3914; x_wconf 85' lang='grc' dir='ltr'>ίατρικῆς,</span> <span class='ocrx_word' id='word_1_491' title='bbox 1272 3843 1340 3897; x_wconf 79' lang='grc' dir='ltr'>δι’</span> <span class='ocrx_word' id='word_1_492' title='bbox 1378 3837 1454 3897; x_wconf 87' lang='grc' dir='ltr'>ὧν</span> <span class='ocrx_word' id='word_1_493' title='bbox 1490 3845 1616 3909; x_wconf 77' lang='grc' dir='ltr'>τοὺς</span> <span class='ocrx_word' id='word_1_494' title='bbox 1651 3846 1885 3917; x_wconf 74' lang='grc' dir='ltr'>κάμνον-</span> 
     </span>
     <span class='ocr_line' id='line_1_52' title="bbox 308 3931 1886 4005; baseline -0.001 -14"><span class='ocrx_word' id='word_1_495' title='bbox 308 3952 411 4000; x_wconf 85' lang='grc' dir='ltr'>τας</span> <span class='ocrx_word' id='word_1_496' title='bbox 430 3935 513 3989; x_wconf 78' lang='grc' dir='ltr'>δεῖ</span> <span class='ocrx_word' id='word_1_497' title='bbox 537 3932 823 3999; x_wconf 73' lang='grc' dir='ltr'>σώζεσθαι,</span> <span class='ocrx_word' id='word_1_498' title='bbox 855 3931 966 3986; x_wconf 85' lang='grc' dir='ltr'>τῶν</span> <span class='ocrx_word' id='word_1_499' title='bbox 995 3931 1168 4002; x_wconf 86' lang='grc' dir='ltr'>λόγων</span> <span class='ocrx_word' id='word_1_500' title='bbox 1193 3932 1377 4005; x_wconf 77' lang='grc' dir='ltr'>ἔργοις</span> <span class='ocrx_word' id='word_1_501' title='bbox 1417 3935 1791 4005; x_wconf 75' lang='grc' dir='ltr'>κυρουμένων·</span> <span class='ocrx_word' id='word_1_502' title='bbox 1816 3936 1886 3989; x_wconf 75' lang='grc' dir='ltr'>ἵν’</span> 
     </span>
     <span class='ocr_line' id='line_1_53' title="bbox 309 4025 1886 4103; baseline -0.001 -22"><span class='ocrx_word' id='word_1_503' title='bbox 309 4027 669 4103; x_wconf 72' lang='grc' dir='ltr'>ἡρμοσμένων</span> <span class='ocrx_word' id='word_1_504' title='bbox 706 4025 865 4099; x_wconf 75' lang='grc' dir='ltr'>ἡμῶν</span> <span class='ocrx_word' id='word_1_505' title='bbox 896 4027 1075 4081; x_wconf 84' lang='grc' dir='ltr'>πάντα</span> <span class='ocrx_word' id='word_1_506' title='bbox 1108 4026 1436 4098; x_wconf 78' lang='grc' dir='ltr'>συμφώνως,</span> <span class='ocrx_word' id='word_1_507' title='bbox 1463 4028 1493 4080; x_wconf 87' lang='grc' dir='ltr'>ό</span> <span class='ocrx_word' id='word_1_508' title='bbox 1522 4027 1647 4091; x_wconf 85' lang='grc' dir='ltr'>νοῦς</span> <span class='ocrx_word' id='word_1_509' title='bbox 1670 4028 1757 4100; x_wconf 80' lang='grc' dir='ltr'>εἴη</span> <span class='ocrx_word' id='word_1_510' title='bbox 1776 4029 1886 4093; x_wconf 86' lang='grc' dir='ltr'>τοῖς</span> 
     </span>
     <span class='ocr_line' id='line_1_54' title="bbox 309 4114 1882 4194; baseline 0 -19"><span class='ocrx_word' id='word_1_511' title='bbox 309 4122 553 4194; x_wconf 78' lang='grc' dir='ltr'>ἀρίστοις</span> <span class='ocrx_word' id='word_1_512' title='bbox 582 4114 760 4190; x_wconf 72' lang='grc' dir='ltr'>λόγοις</span> <span class='ocrx_word' id='word_1_513' title='bbox 782 4121 851 4174; x_wconf 82' lang='grc' dir='ltr'>τά</span> <span class='ocrx_word' id='word_1_514' title='bbox 880 4118 984 4192; x_wconf 66' lang='grc' dir='ltr'>ἤθη</span> <span class='ocrx_word' id='word_1_515' title='bbox 1016 4122 1084 4192; x_wconf 74' lang='grc' dir='ltr'>τῇ</span> <span class='ocrx_word' id='word_1_516' title='bbox 1118 4120 1339 4193; x_wconf 82' lang='grc' dir='ltr'>γλώσσῃ</span> <span class='ocrx_word' id='word_1_517' title='bbox 1366 4120 1578 4191; x_wconf 82' lang='grc' dir='ltr'>συνῳδὰ</span> <span class='ocrx_word' id='word_1_518' title='bbox 1607 4120 1882 4194; x_wconf 82' lang='grc' dir='ltr'>παρέχων,</span> 
     </span>
     <span class='ocr_line' id='line_1_55' title="bbox 309 4210 1886 4285; baseline -0.001 -17"><span class='ocrx_word' id='word_1_519' title='bbox 309 4215 468 4285; x_wconf 83' lang='grc' dir='ltr'>δίκην</span> <span class='ocrx_word' id='word_1_520' title='bbox 494 4212 686 4284; x_wconf 79' lang='grc' dir='ltr'>λύρας,</span> <span class='ocrx_word' id='word_1_521' title='bbox 731 4212 867 4265; x_wconf 77' lang='grc' dir='ltr'>ἀλλὰ</span> <span class='ocrx_word' id='word_1_522' title='bbox 898 4210 972 4284; x_wconf 80' lang='grc' dir='ltr'>μὴ</span> <span class='ocrx_word' id='word_1_523' title='bbox 1001 4212 1217 4283; x_wconf 77' lang='grc' dir='ltr'>ἄμουσα</span> <span class='ocrx_word' id='word_1_524' title='bbox 1264 4212 1359 4266; x_wconf 75' lang='grc' dir='ltr'>καὶ</span> <span class='ocrx_word' id='word_1_525' title='bbox 1397 4210 1723 4283; x_wconf 79' lang='grc' dir='ltr'>ἀσύμφωνα.</span> <span class='ocrx_word' id='word_1_526' title='bbox 1762 4212 1886 4266; x_wconf 75' lang='grc' dir='ltr'>Ἐπὶ</span> 
     </span>
     <span class='ocr_line' id='line_1_56' title="bbox 309 4303 1886 4376; baseline 0.001 -19"><span class='ocrx_word' id='word_1_527' title='bbox 309 4305 421 4376; x_wconf 66' lang='grc' dir='ltr'>γάρ</span> <span class='ocrx_word' id='word_1_528' title='bbox 445 4303 526 4375; x_wconf 80' lang='grc' dir='ltr'>τῷ</span> <span class='ocrx_word' id='word_1_529' title='bbox 551 4303 858 4376; x_wconf 77' lang='grc' dir='ltr'>κτήσασθαι</span> <span class='ocrx_word' id='word_1_530' title='bbox 885 4304 1026 4358; x_wconf 82' lang='grc' dir='ltr'>κατὰ</span> <span class='ocrx_word' id='word_1_531' title='bbox 1054 4303 1312 4376; x_wconf 75' lang='grc' dir='ltr'>ἀλήθειαν</span> <span class='ocrx_word' id='word_1_532' title='bbox 1338 4303 1701 4374; x_wconf 80' lang='grc' dir='ltr'>ἀγωνίζεσθαι</span> <span class='ocrx_word' id='word_1_533' title='bbox 1723 4304 1886 4359; x_wconf 78' lang='grc' dir='ltr'>δεῖτὸ</span> 
     </span>
     <span class='ocr_line' id='line_1_57' title="bbox 307 4396 1887 4469; baseline 0 -18"><span class='ocrx_word' id='word_1_534' title='bbox 307 4398 517 4452; x_wconf 77' lang='grc' dir='ltr'>δίκαιον</span> <span class='ocrx_word' id='word_1_535' title='bbox 545 4399 756 4461; x_wconf 81' lang='grc' dir='ltr'>άσκεῖν,</span> <span class='ocrx_word' id='word_1_536' title='bbox 802 4397 897 4451; x_wconf 75' lang='grc' dir='ltr'>καὶ</span> <span class='ocrx_word' id='word_1_537' title='bbox 947 4397 1047 4451; x_wconf 78' lang='grc' dir='ltr'>οὒκ</span> <span class='ocrx_word' id='word_1_538' title='bbox 1096 4397 1189 4450; x_wconf 74' lang='grc' dir='ltr'>ἐπὶ</span> <span class='ocrx_word' id='word_1_539' title='bbox 1215 4397 1294 4469; x_wconf 82' lang='grc' dir='ltr'>τῷ</span> <span class='ocrx_word' id='word_1_540' title='bbox 1330 4396 1527 4461; x_wconf 87' lang='grc' dir='ltr'>δοκεῖν,</span> <span class='ocrx_word' id='word_1_541' title='bbox 1556 4396 1748 4469; x_wconf 85' lang='grc' dir='ltr'>χωλῶς</span> <span class='ocrx_word' id='word_1_542' title='bbox 1774 4398 1887 4451; x_wconf 77' lang='grc' dir='ltr'>ἑπι-</span> 
     </span>
    </p>
   </div>
   <div class='ocr_carea' id='block_1_12' title="bbox 306 4485 1885 4559">
    <p class='ocr_par' dir='ltr' id='par_1_13' title="bbox 306 4485 1885 4559">
     <span class='ocr_line' id='line_1_58' title="bbox 306 4485 1885 4559; baseline -0.001 -19"><span class='ocrx_word' id='word_1_543' title='bbox 306 4488 558 4542; x_wconf 64' lang='lat' dir='ltr'>aalma</span> <span class='ocrx_word' id='word_1_544' title='bbox 594 4487 809 4558; x_wconf 64' lang='grc' dir='ltr'>«σφεας,</span> <span class='ocrx_word' id='word_1_545' title='bbox 831 4486 925 4541; x_wconf 65' lang='grc' dir='ltr'>καὶ</span> <span class='ocrx_word' id='word_1_546' title='bbox 956 4486 1094 4559; x_wconf 69' lang='grc' dir='ltr'>πρὸς</span> <span class='ocrx_word' id='word_1_547' title='bbox 1112 4486 1271 4554; x_wconf 70' lang='grc' dir='ltr'>δόξαν</span> <span class='ocrx_word' id='word_1_548' title='bbox 1302 4487 1502 4558; x_wconf 66' lang='grc' dir='ltr'>μᾶλλον</span> <span class='ocrx_word' id='word_1_549' title='bbox 1532 4487 1566 4557; x_wconf 70' lang='grc' dir='ltr'><strong>ἢ</strong></span> <span class='ocrx_word' id='word_1_550' title='bbox 1589 4486 1725 4558; x_wconf 67' lang='grc' dir='ltr'>πρὸς</span> <span class='ocrx_word' id='word_1_551' title='bbox 1748 4485 1885 4557; x_wconf 69' lang='grc' dir='ltr'>ἀλή-</span> 
     </span>
    </p>
   </div>
   <div class='ocr_carea' id='block_1_13' title="bbox 1987 3386 3562 4559">
    <p class='ocr_par' dir='ltr' id='par_1_14' title="bbox 1987 3386 3562 4559">
     <span class='ocr_line' id='line_1_59' title="bbox 1989 3386 3560 3458; baseline 0.001 -15"><span class='ocrx_word' id='word_1_552' title='bbox 1989 3387 2175 3443; x_wconf 89' lang='lat' dir='ltr'>doccri</span> <span class='ocrx_word' id='word_1_553' title='bbox 2215 3403 2276 3444; x_wconf 90' lang='lat' dir='ltr'>se</span> <span class='ocrx_word' id='word_1_554' title='bbox 2320 3403 2459 3458; x_wconf 88' lang='lat' dir='ltr'>opus</span> <span class='ocrx_word' id='word_1_555' title='bbox 2512 3386 2713 3443; x_wconf 90' lang='lat' dir='ltr'>habere</span> <span class='ocrx_word' id='word_1_556' title='bbox 2758 3387 3004 3444; x_wconf 83' lang='lat' dir='ltr'>conliteri</span> <span class='ocrx_word' id='word_1_557' title='bbox 3034 3390 3465 3455; x_wconf 90' lang='lat' dir='ltr'>erubescerent,</span> <span class='ocrx_word' id='word_1_558' title='bbox 3504 3400 3560 3446; x_wconf 91' lang='lat' dir='ltr'>et</span> 
     </span>
     <span class='ocr_line' id='line_1_60' title="bbox 1989 3479 3560 3551; baseline 0.001 -17"><span class='ocrx_word' id='word_1_559' title='bbox 1989 3480 2332 3537; x_wconf 84' lang='lat' dir='ltr'>contentiose</span> <span class='ocrx_word' id='word_1_560' title='bbox 2353 3479 2561 3550; x_wconf 83' lang='lat' dir='ltr'>jurgari</span> <span class='ocrx_word' id='word_1_561' title='bbox 2586 3493 2652 3534; x_wconf 88' lang='lat' dir='ltr'>ac</span> <span class='ocrx_word' id='word_1_562' title='bbox 2679 3480 2931 3550; x_wconf 86' lang='lat' dir='ltr'>prosilire</span> <span class='ocrx_word' id='word_1_563' title='bbox 2960 3488 3357 3551; x_wconf 72' lang='lat' dir='ltr'>praeceptorum</span> <span class='ocrx_word' id='word_1_564' title='bbox 3386 3481 3560 3537; x_wconf 87' lang='lat' dir='ltr'>instar</span> 
     </span>
     <span class='ocr_line' id='line_1_61' title="bbox 1989 3571 3556 3646; baseline 0.002 -20"><span class='ocrx_word' id='word_1_565' title='bbox 1989 3573 2245 3636; x_wconf 86' lang='lat' dir='ltr'>mallent;</span> <span class='ocrx_word' id='word_1_566' title='bbox 2293 3583 2407 3626; x_wconf 91' lang='lat' dir='ltr'>tum</span> <span class='ocrx_word' id='word_1_567' title='bbox 2444 3571 2662 3627; x_wconf 89' lang='lat' dir='ltr'>demum</span> <span class='ocrx_word' id='word_1_568' title='bbox 2690 3571 2925 3633; x_wconf 89' lang='lat' dir='ltr'>accidit,</span> <span class='ocrx_word' id='word_1_569' title='bbox 2969 3582 3028 3627; x_wconf 85' lang='grc' dir='ltr'>ιιι</span> <span class='ocrx_word' id='word_1_570' title='bbox 3063 3574 3369 3631; x_wconf 88' lang='lat' dir='ltr'>temeritate</span> <span class='ocrx_word' id='word_1_571' title='bbox 3422 3591 3556 3646; x_wconf 90' lang='lat' dir='ltr'>qua-</span> 
     </span>
     <span class='ocr_line' id='line_1_62' title="bbox 1990 3661 3559 3734; baseline 0.001 -16"><span class='ocrx_word' id='word_1_572' title='bbox 1990 3662 2114 3719; x_wconf 89' lang='lat' dir='ltr'>dam</span> <span class='ocrx_word' id='word_1_573' title='bbox 2138 3663 2264 3716; x_wconf 76' lang='lat' dir='ltr'>elati</span> <span class='ocrx_word' id='word_1_574' title='bbox 2292 3661 2360 3717; x_wconf 89' lang='lat' dir='ltr'>ab</span> <span class='ocrx_word' id='word_1_575' title='bbox 2385 3662 2638 3734; x_wconf 79' lang='lat' dir='ltr'>religiosa</span> <span class='ocrx_word' id='word_1_576' title='bbox 2667 3671 3060 3734; x_wconf 88' lang='lat' dir='ltr'>mansuetaque</span> <span class='ocrx_word' id='word_1_577' title='bbox 3086 3664 3253 3720; x_wconf 90' lang='lat' dir='ltr'>animi</span> <span class='ocrx_word' id='word_1_578' title='bbox 3275 3664 3559 3722; x_wconf 77' lang='lat' dir='ltr'>affectione</span> 
     </span>
     <span class='ocr_line' id='line_1_63' title="bbox 1990 3753 3559 3829; baseline 0.005 -22"><span class='ocrx_word' id='word_1_579' title='bbox 1990 3769 2056 3809; x_wconf 91' lang='lat' dir='ltr'>ac</span> <span class='ocrx_word' id='word_1_580' title='bbox 2081 3753 2405 3811; x_wconf 85' lang='lat' dir='ltr'>credulitate</span> <span class='ocrx_word' id='word_1_581' title='bbox 2440 3753 2532 3809; x_wconf 89' lang='lat' dir='ltr'>illa</span> <span class='ocrx_word' id='word_1_582' title='bbox 2569 3753 2978 3822; x_wconf 87' lang='lat' dir='ltr'>desciscerent,</span> <span class='ocrx_word' id='word_1_583' title='bbox 3030 3772 3137 3828; x_wconf 88' lang='lat' dir='ltr'>qua</span> <span class='ocrx_word' id='word_1_584' title='bbox 3183 3754 3351 3813; x_wconf 78' lang='lat' dir='ltr'>Deum</span> <span class='ocrx_word' id='word_1_585' title='bbox 3397 3773 3559 3829; x_wconf 87' lang='lat' dir='ltr'>posse</span> 
     </span>
     <span class='ocr_line' id='line_1_64' title="bbox 1990 3837 3556 3919; baseline 0.004 -20"><span class='ocrx_word' id='word_1_586' title='bbox 1990 3845 2255 3916; x_wconf 86' lang='lat' dir='ltr'>quidquid</span> <span class='ocrx_word' id='word_1_587' title='bbox 2321 3846 2637 3917; x_wconf 83' lang='lat' dir='ltr'>promiserit</span> <span class='ocrx_word' id='word_1_588' title='bbox 2687 3845 2897 3904; x_wconf 78' lang='lat' dir='ltr'>efficere</span> <span class='ocrx_word' id='word_1_589' title='bbox 2958 3837 3062 3903; x_wconf 82' lang='lat' dir='ltr'>sibi</span> <span class='ocrx_word' id='word_1_590' title='bbox 3127 3848 3556 3919; x_wconf 89' lang='lat' dir='ltr'>persuaderent,</span> 
     </span>
     <span class='ocr_line' id='line_1_65' title="bbox 1989 3936 3558 4009; baseline 0.001 -16"><span class='ocrx_word' id='word_1_591' title='bbox 1989 3947 2183 3993; x_wconf 89' lang='lat' dir='ltr'>contra</span> <span class='ocrx_word' id='word_1_592' title='bbox 2211 3952 2342 3993; x_wconf 71' lang='lat' dir='ltr'>vero</span> <span class='ocrx_word' id='word_1_593' title='bbox 2381 3936 2448 3992; x_wconf 88' lang='lat' dir='ltr'>ad</span> <span class='ocrx_word' id='word_1_594' title='bbox 2483 3937 2676 3992; x_wconf 89' lang='lat' dir='ltr'>inanes</span> <span class='ocrx_word' id='word_1_595' title='bbox 2725 3937 3055 4007; x_wconf 77' lang='lat' dir='ltr'>quaestiones</span> <span class='ocrx_word' id='word_1_596' title='bbox 3100 3952 3164 3992; x_wconf 90' lang='lat' dir='ltr'>ac</span> <span class='ocrx_word' id='word_1_597' title='bbox 3191 3937 3558 4009; x_wconf 84' lang='lat' dir='ltr'>blasphemias</span> 
     </span>
     <span class='ocr_line' id='line_1_66' title="bbox 1988 4028 3556 4100; baseline 0.001 -17"><span class='ocrx_word' id='word_1_598' title='bbox 1988 4028 2274 4085; x_wconf 89' lang='lat' dir='ltr'>deduci-se</span> <span class='ocrx_word' id='word_1_599' title='bbox 2309 4036 2647 4099; x_wconf 87' lang='lat' dir='ltr'>paterentur,</span> <span class='ocrx_word' id='word_1_600' title='bbox 2688 4044 2757 4084; x_wconf 90' lang='lat' dir='ltr'>nc</span> <span class='ocrx_word' id='word_1_601' title='bbox 2785 4028 2918 4084; x_wconf 83' lang='lat' dir='ltr'>illu&#39;d</span> <span class='ocrx_word' id='word_1_602' title='bbox 2955 4029 3172 4100; x_wconf 87' lang='lat' dir='ltr'>quidem</span> <span class='ocrx_word' id='word_1_603' title='bbox 3214 4030 3556 4085; x_wconf 82' lang='lat' dir='ltr'>animadver-</span> 
     </span>
     <span class='ocr_line' id='line_1_67' title="bbox 1989 4120 3558 4191; baseline -0.001 -14"><span class='ocrx_word' id='word_1_604' title='bbox 1989 4127 2168 4177; x_wconf 83' lang='lat' dir='ltr'>tentes</span> <span class='ocrx_word' id='word_1_605' title='bbox 2219 4135 2327 4176; x_wconf 90' lang='lat' dir='ltr'>non</span> <span class='ocrx_word' id='word_1_606' title='bbox 2361 4134 2526 4189; x_wconf 86' lang='lat' dir='ltr'>opera</span> <span class='ocrx_word' id='word_1_607' title='bbox 2570 4121 2689 4191; x_wconf 85' lang='lat' dir='ltr'>ipsa</span> <span class='ocrx_word' id='word_1_608' title='bbox 2736 4134 3095 4187; x_wconf 86' lang='lat' dir='ltr'>sermonum,</span> <span class='ocrx_word' id='word_1_609' title='bbox 3134 4120 3229 4176; x_wconf 88' lang='lat' dir='ltr'>sed</span> <span class='ocrx_word' id='word_1_610' title='bbox 3275 4134 3558 4177; x_wconf 90' lang='lat' dir='ltr'>sermones</span> 
     </span>
     <span class='ocr_line' id='line_1_68' title="bbox 1987 4212 3560 4285; baseline 0.001 -16"><span class='ocrx_word' id='word_1_611' title='bbox 1987 4228 2212 4284; x_wconf 90' lang='lat' dir='ltr'>operum</span> <span class='ocrx_word' id='word_1_612' title='bbox 2246 4212 2421 4285; x_wconf 77' lang='lat' dir='ltr'>gratia</span> <span class='ocrx_word' id='word_1_613' title='bbox 2458 4212 2765 4283; x_wconf 87' lang='lat' dir='ltr'>comparari</span> <span class='ocrx_word' id='word_1_614' title='bbox 2794 4252 2809 4276; x_wconf 93' lang='lat'>,</span> <span class='ocrx_word' id='word_1_615' title='bbox 2851 4219 2909 4266; x_wconf 91' lang='lat' dir='ltr'>ut</span> <span class='ocrx_word' id='word_1_616' title='bbox 2941 4212 2993 4268; x_wconf 92' lang='lat' dir='ltr'>in</span> <span class='ocrx_word' id='word_1_617' title='bbox 3028 4212 3299 4269; x_wconf 89' lang='lat' dir='ltr'>medicina</span> <span class='ocrx_word' id='word_1_618' title='bbox 3328 4230 3430 4271; x_wconf 91' lang='lat' dir='ltr'>usu</span> <span class='ocrx_word' id='word_1_619' title='bbox 3466 4229 3560 4270; x_wconf 71' lang='lat' dir='ltr'>ve·</span> 
     </span>
     <span class='ocr_line' id='line_1_69' title="bbox 1990 4303 3562 4375; baseline 0.001 -15"><span class='ocrx_word' id='word_1_620' title='bbox 1990 4307 2108 4362; x_wconf 90' lang='lat' dir='ltr'>nire</span> <span class='ocrx_word' id='word_1_621' title='bbox 2156 4306 2466 4370; x_wconf 88' lang='lat' dir='ltr'>cernimus,</span> <span class='ocrx_word' id='word_1_622' title='bbox 2501 4303 2556 4360; x_wconf 92' lang='lat' dir='ltr'>in</span> <span class='ocrx_word' id='word_1_623' title='bbox 2602 4319 2710 4375; x_wconf 87' lang='lat' dir='ltr'>qua</span> <span class='ocrx_word' id='word_1_624' title='bbox 2759 4304 3019 4359; x_wconf 92' lang='lat' dir='ltr'>nimirum</span> <span class='ocrx_word' id='word_1_625' title='bbox 3076 4319 3360 4361; x_wconf 88' lang='lat' dir='ltr'>sermones</span> <span class='ocrx_word' id='word_1_626' title='bbox 3404 4305 3562 4362; x_wconf 78' lang='lat' dir='ltr'>sactis</span> 
     </span>
     <span class='ocr_line' id='line_1_70' title="bbox 1987 4395 3558 4467; baseline 0 -14"><span class='ocrx_word' id='word_1_627' title='bbox 1987 4398 2096 4453; x_wconf 72' lang='lat' dir='ltr'>illis</span> <span class='ocrx_word' id='word_1_628' title='bbox 2145 4397 2600 4467; x_wconf 84' lang='lat' dir='ltr'>comprobantur,</span> <span class='ocrx_word' id='word_1_629' title='bbox 2630 4395 3143 4467; x_wconf 79' lang='lat' dir='ltr'>quibus⁰aegrotum</span> <span class='ocrx_word' id='word_1_630' title='bbox 3180 4400 3558 4467; x_wconf 86' lang='lat' dir='ltr'>repraesentari</span> 
     </span>
     <span class='ocr_line' id='line_1_71' title="bbox 1988 4486 3558 4559; baseline -0.001 -16"><span class='ocrx_word' id='word_1_631' title='bbox 1988 4496 2242 4543; x_wconf 89' lang='lat' dir='ltr'>sanatum</span> <span class='ocrx_word' id='word_1_632' title='bbox 2279 4495 2513 4557; x_wconf 86' lang='lat' dir='ltr'>oportet.</span> <span class='ocrx_word' id='word_1_633' title='bbox 2559 4488 2680 4557; x_wconf 83' lang='lat' dir='ltr'>Quo</span> <span class='ocrx_word' id='word_1_634' title='bbox 2708 4486 2959 4543; x_wconf 80' lang='lat' dir='ltr'>videlicet</span> <span class='ocrx_word' id='word_1_635' title='bbox 2992 4487 3280 4559; x_wconf 86' lang='lat' dir='ltr'>aptissimo</span> <span class='ocrx_word' id='word_1_636' title='bbox 3322 4487 3558 4559; x_wconf 88' lang='lat' dir='ltr'>quodam</span> 
     </span>
    </p>
   </div>
   <div class='ocr_carea' id='block_1_14' title="bbox 308 4568 3564 5211">
    <p class='ocr_par' dir='ltr' id='par_1_15' title="bbox 308 4568 3564 5211">
     <span class='ocr_line' id='line_1_72' title="bbox 308 4568 3559 4652; baseline 0 -18"><span class='ocrx_word' id='word_1_637' title='bbox 308 4581 459 4635; x_wconf 86' lang='grc' dir='ltr'>θειαν</span> <span class='ocrx_word' id='word_1_638' title='bbox 497 4579 871 4651; x_wconf 77' lang='grc' dir='ltr'>ἁμιλλώμενον</span> <span class='ocrx_word' id='word_1_639' title='bbox 913 4578 1183 4652; x_wconf 77' lang='grc' dir='ltr'>πρόθυρα,</span> <span class='ocrx_word' id='word_1_640' title='bbox 1228 4581 1325 4633; x_wconf 74' lang='grc' dir='ltr'>καὶ</span> <span class='ocrx_word' id='word_1_641' title='bbox 1365 4580 1752 4650; x_wconf 82' lang='grc' dir='ltr'>προσχήματα,</span> <span class='ocrx_word' id='word_1_642' title='bbox 1789 4578 1885 4632; x_wconf 68' lang='grc' dir='ltr'>καὶ</span> <span class='ocrx_word' id='word_1_643' title='bbox 1985 4582 2255 4631; x_wconf 90' lang='lat' dir='ltr'>concentu</span> <span class='ocrx_word' id='word_1_644' title='bbox 2291 4577 2608 4648; x_wconf 86' lang='lat' dir='ltr'>temperati,</span> <span class='ocrx_word' id='word_1_645' title='bbox 2641 4576 2909 4647; x_wconf 81' lang='lat' dir='ltr'>ejusmodi</span> <span class='ocrx_word' id='word_1_646' title='bbox 2954 4568 3189 4632; x_wconf 81' lang='lat' dir='ltr'>mentc&#39;m</span> <span class='ocrx_word' id='word_1_647' title='bbox 3242 4576 3559 4645; x_wconf 74' lang='lat' dir='ltr'>habeamuS,</span> 
     </span>
     <span class='ocr_line' id='line_1_73' title="bbox 311 4651 3562 4742; baseline -0.002 -16"><span class='ocrx_word' id='word_1_648' title='bbox 311 4674 489 4726; x_wconf 78' lang='grc' dir='ltr'>πᾶσαν</span> <span class='ocrx_word' id='word_1_649' title='bbox 516 4671 920 4742; x_wconf 79' lang='grc' dir='ltr'>ὑποδυσάμενον</span> <span class='ocrx_word' id='word_1_650' title='bbox 953 4670 1055 4742; x_wconf 82' lang='grc' dir='ltr'>τῆς</span> <span class='ocrx_word' id='word_1_651' title='bbox 1082 4670 1424 4742; x_wconf 79' lang='grc' dir='ltr'>ὑποκρίσεως</span> <span class='ocrx_word' id='word_1_652' title='bbox 1452 4669 1552 4741; x_wconf 81' lang='grc' dir='ltr'>τὴν</span> <span class='ocrx_word' id='word_1_653' title='bbox 1579 4671 1802 4741; x_wconf 79' lang='grc' dir='ltr'>σκευήν.</span> <span class='ocrx_word' id='word_1_654' title='bbox 1922 4651 1967 4707; x_wconf 75' lang='lat' dir='ltr'>D</span> <span class='ocrx_word' id='word_1_655' title='bbox 1991 4682 2112 4740; x_wconf 80' lang='lat' dir='ltr'>quae</span> <span class='ocrx_word' id='word_1_656' title='bbox 2145 4666 2612 4739; x_wconf 67' lang='lat' dir='ltr'>praestantissimis</span> <span class='ocrx_word' id='word_1_657' title='bbox 2640 4665 2984 4724; x_wconf 85' lang='lat' dir='ltr'>sermonibus</span> <span class='ocrx_word' id='word_1_658' title='bbox 3012 4673 3409 4723; x_wconf 83' lang='lat' dir='ltr'>consentaneos</span> <span class='ocrx_word' id='word_1_659' title='bbox 3448 4682 3562 4721; x_wconf 88' lang='lat' dir='ltr'>mo-</span> 
     </span>
     <span class='ocr_line' id='line_1_74' title="bbox 312 4756 3560 4835; baseline -0.001 -17"><span class='ocrx_word' id='word_1_660' title='bbox 312 4780 400 4819; x_wconf 85' lang='lat' dir='ltr'>res</span> <span class='ocrx_word' id='word_1_661' title='bbox 428 4779 540 4835; x_wconf 77' lang='lat' dir='ltr'>prae</span> <span class='ocrx_word' id='word_1_662' title='bbox 566 4778 627 4820; x_wconf 87' lang='lat' dir='ltr'>se</span> <span class='ocrx_word' id='word_1_663' title='bbox 657 4761 831 4827; x_wconf 86' lang='lat' dir='ltr'>l&#39;erat,</span> <span class='ocrx_word' id='word_1_664' title='bbox 870 4762 1001 4833; x_wconf 77' lang='lat' dir='ltr'>lyrae</span> <span class='ocrx_word' id='word_1_665' title='bbox 1041 4761 1328 4833; x_wconf 84' lang='lat' dir='ltr'>cujusdam</span> <span class='ocrx_word' id='word_1_666' title='bbox 1378 4761 1577 4827; x_wconf 84' lang='lat' dir='ltr'>instar,</span> <span class='ocrx_word' id='word_1_667' title='bbox 1640 4776 1748 4816; x_wconf 93' lang='lat' dir='ltr'>non</span> <span class='ocrx_word' id='word_1_668' title='bbox 1810 4760 2176 4817; x_wconf 84' lang='lat' dir='ltr'>abhorrentes</span> <span class='ocrx_word' id='word_1_669' title='bbox 2217 4766 2383 4831; x_wconf 90' lang='lat' dir='ltr'>atque</span> <span class='ocrx_word' id='word_1_670' title='bbox 2426 4757 2732 4814; x_wconf 88' lang='lat' dir='ltr'>discordes.</span> <span class='ocrx_word' id='word_1_671' title='bbox 2769 4756 2982 4829; x_wconf 85' lang='lat' dir='ltr'>Qu&#39;ppe</span> <span class='ocrx_word' id='word_1_672' title='bbox 3032 4759 3099 4814; x_wconf 90' lang='lat' dir='ltr'>ad</span> <span class='ocrx_word' id='word_1_673' title='bbox 3150 4760 3202 4815; x_wconf 90' lang='lat' dir='ltr'>id</span> <span class='ocrx_word' id='word_1_674' title='bbox 3228 4802 3243 4827; x_wconf 95' lang='lat'>,</span> <span class='ocrx_word' id='word_1_675' title='bbox 3286 4770 3345 4815; x_wconf 90' lang='lat' dir='ltr'>ut</span> <span class='ocrx_word' id='word_1_676' title='bbox 3374 4775 3560 4817; x_wconf 80' lang='lat' dir='ltr'>revera</span> 
     </span>
     <span class='ocr_line' id='line_1_75' title="bbox 310 4855 3559 4928; baseline 0 -15"><span class='ocrx_word' id='word_1_677' title='bbox 310 4868 592 4928; x_wconf 78' lang='lat' dir='ltr'>compotes</span> <span class='ocrx_word' id='word_1_678' title='bbox 640 4858 848 4922; x_wconf 89' lang='lat' dir='ltr'>simus,</span> <span class='ocrx_word' id='word_1_679' title='bbox 878 4872 989 4914; x_wconf 86' lang='lat' dir='ltr'>non</span> <span class='ocrx_word' id='word_1_680' title='bbox 1027 4863 1090 4911; x_wconf 90' lang='lat' dir='ltr'>ut</span> <span class='ocrx_word' id='word_1_681' title='bbox 1120 4872 1244 4914; x_wconf 86' lang='lat' dir='ltr'>esse</span> <span class='ocrx_word' id='word_1_682' title='bbox 1279 4857 1584 4923; x_wconf 84' lang='lat' dir='ltr'>videamur,</span> <span class='ocrx_word' id='word_1_683' title='bbox 1634 4859 1784 4913; x_wconf 87' lang='lat' dir='ltr'>omni</span> <span class='ocrx_word' id='word_1_684' title='bbox 1813 4865 1902 4913; x_wconf 89' lang='lat' dir='ltr'>est</span> <span class='ocrx_word' id='word_1_685' title='bbox 1947 4858 2108 4913; x_wconf 79' lang='lat' dir='ltr'>nobis</span> <span class='ocrx_word' id='word_1_686' title='bbox 2171 4856 2337 4911; x_wconf 90' lang='lat' dir='ltr'>animi</span> <span class='ocrx_word' id='word_1_687' title='bbox 2391 4855 2742 4911; x_wconf 89' lang='lat' dir='ltr'>contentione</span> <span class='ocrx_word' id='word_1_688' title='bbox 2800 4856 3028 4911; x_wconf 88' lang='lat' dir='ltr'>colenda</span> <span class='ocrx_word' id='word_1_689' title='bbox 3066 4856 3316 4927; x_wconf 85' lang='lat' dir='ltr'>justitia,</span> <span class='ocrx_word' id='word_1_690' title='bbox 3345 4864 3405 4913; x_wconf 91' lang='lat' dir='ltr'>ut</span> <span class='ocrx_word' id='word_1_691' title='bbox 3452 4873 3559 4914; x_wconf 92' lang='lat' dir='ltr'>non</span> 
     </span>
     <span class='ocr_line' id='line_1_76' title="bbox 311 4929 3564 5027; baseline 0 -21"><span class='ocrx_word' id='word_1_692' title='bbox 311 4929 476 5009; x_wconf 74' lang='lat' dir='ltr'>veluti</span> <span class='ocrx_word' id='word_1_693' title='bbox 505 4953 865 5008; x_wconf 88' lang='lat' dir='ltr'>claudicando</span> <span class='ocrx_word' id='word_1_694' title='bbox 896 4953 1181 5024; x_wconf 67' lang='lat' dir='ltr'>sapientiae</span> <span class='ocrx_word' id='word_1_695' title='bbox 1213 4953 1456 5010; x_wconf 88' lang='lat' dir='ltr'>studium</span> <span class='ocrx_word' id='word_1_696' title='bbox 1489 4969 1866 5024; x_wconf 81' lang='lat' dir='ltr'>capessamus,</span> <span class='ocrx_word' id='word_1_697' title='bbox 1918 4970 2098 5027; x_wconf 89' lang='lat' dir='ltr'>neque</span> <span class='ocrx_word' id='word_1_698' title='bbox 2134 4953 2202 5009; x_wconf 87' lang='lat' dir='ltr'>ad</span> <span class='ocrx_word' id='word_1_699' title='bbox 2228 4954 2456 5025; x_wconf 79' lang='lat' dir='ltr'>gloriam</span> <span class='ocrx_word' id='word_1_700' title='bbox 2486 4952 2686 5025; x_wconf 75' lang='lat' dir='ltr'>magis,</span> <span class='ocrx_word' id='word_1_701' title='bbox 2713 4968 2876 5023; x_wconf 87' lang='lat' dir='ltr'>quam</span> <span class='ocrx_word' id='word_1_702' title='bbox 2910 4953 2980 5008; x_wconf 91' lang='lat' dir='ltr'>ad</span> <span class='ocrx_word' id='word_1_703' title='bbox 3040 4954 3322 5011; x_wconf 84' lang='lat' dir='ltr'>veritatem</span> <span class='ocrx_word' id='word_1_704' title='bbox 3387 4955 3564 5010; x_wconf 81' lang='lat' dir='ltr'>enita-</span> 
     </span>
     <span class='ocr_line' id='line_1_77' title="bbox 310 5047 3561 5121; baseline 0 -18"><span class='ocrx_word' id='word_1_705' title='bbox 310 5064 454 5115; x_wconf 89' lang='lat' dir='ltr'>mur,</span> <span class='ocrx_word' id='word_1_706' title='bbox 501 5055 596 5103; x_wconf 90' lang='lat' dir='ltr'>aut</span> <span class='ocrx_word' id='word_1_707' title='bbox 635 5048 718 5105; x_wconf 89' lang='lat' dir='ltr'>sic</span> <span class='ocrx_word' id='word_1_708' title='bbox 766 5056 1027 5119; x_wconf 87' lang='lat' dir='ltr'>tanquam</span> <span class='ocrx_word' id='word_1_709' title='bbox 1076 5048 1333 5104; x_wconf 88' lang='lat' dir='ltr'>eximiam</span> <span class='ocrx_word' id='word_1_710' title='bbox 1363 5049 1657 5121; x_wconf 87' lang='lat' dir='ltr'>quamdam</span> <span class='ocrx_word' id='word_1_711' title='bbox 1691 5048 1890 5107; x_wconf 78' lang='lat' dir='ltr'>faciem</span> <span class='ocrx_word' id='word_1_712' title='bbox 1939 5057 1996 5107; x_wconf 90' lang='lat' dir='ltr'>et</span> <span class='ocrx_word' id='word_1_713' title='bbox 2030 5050 2251 5108; x_wconf 89' lang='lat' dir='ltr'>inanem</span> <span class='ocrx_word' id='word_1_714' title='bbox 2304 5049 2544 5121; x_wconf 86' lang='lat' dir='ltr'>speciem</span> <span class='ocrx_word' id='word_1_715' title='bbox 2580 5047 2954 5114; x_wconf 87' lang='lat' dir='ltr'>obducamus,</span> <span class='ocrx_word' id='word_1_716' title='bbox 3002 5064 3331 5121; x_wconf 90' lang='lat' dir='ltr'>omnemque</span> <span class='ocrx_word' id='word_1_717' title='bbox 3390 5050 3561 5105; x_wconf 87' lang='lat' dir='ltr'>simu-</span> 
     </span>
     <span class='ocr_line' id='line_1_78' title="bbox 310 5138 2768 5211; baseline -0.001 -14"><span class='ocrx_word' id='word_1_718' title='bbox 310 5138 531 5197; x_wconf 87' lang='lat' dir='ltr'>lationis</span> <span class='ocrx_word' id='word_1_719' title='bbox 558 5147 813 5194; x_wconf 76' lang='lat' dir='ltr'>ornatum</span> <span class='ocrx_word' id='word_1_720' title='bbox 845 5146 1277 5211; x_wconf 83' lang='lat' dir='ltr'>apparatumque</span> <span class='ocrx_word' id='word_1_721' title='bbox 1303 5141 1619 5197; x_wconf 86' lang='lat' dir='ltr'>subeamus.</span> <span class='ocrx_word' id='word_1_722' title='bbox 2001 5150 2007 5156; x_wconf 88' lang='grc'><strong><em>·</em></strong></span> <span class='ocrx_word' id='word_1_723' title='bbox 2754 5152 2768 5161; x_wconf 69' lang='grc'><em>”</em></span> 
     </span>
    </p>
   </div>
   <div class='ocr_carea' id='block_1_15' title="bbox 379 5186 3562 5314">
    <p class='ocr_par' dir='ltr' id='par_1_16' title="bbox 379 5186 3562 5314">
     <span class='ocr_line' id='line_1_79' title="bbox 379 5186 3562 5314; baseline 0.001 -26"><span class='ocrx_word' id='word_1_724' title='bbox 379 5232 518 5291; x_wconf 72' lang='lat' dir='ltr'>MA&#39;.</span> <span class='ocrx_word' id='word_1_725' title='bbox 555 5232 676 5286; x_wconf 74' lang='grc' dir='ltr'>Εἰσὶ</span> <span class='ocrx_word' id='word_1_726' title='bbox 705 5231 835 5304; x_wconf 82' lang='grc' dir='ltr'>γὰρ,</span> <span class='ocrx_word' id='word_1_727' title='bbox 856 5233 995 5288; x_wconf 74' lang='grc' dir='ltr'>εἰσὶν</span> <span class='ocrx_word' id='word_1_728' title='bbox 1023 5232 1074 5286; x_wconf 82' lang='grc' dir='ltr'>οῖ</span> <span class='ocrx_word' id='word_1_729' title='bbox 1104 5231 1279 5302; x_wconf 80' lang='grc' dir='ltr'>λόγων</span> <span class='ocrx_word' id='word_1_730' title='bbox 1309 5234 1589 5306; x_wconf 83' lang='grc' dir='ltr'>τραγικῶς</span> <span class='ocrx_word' id='word_1_731' title='bbox 1616 5250 1885 5314; x_wconf 82' lang='grc' dir='ltr'>κεκοσμη-</span> <span class='ocrx_word' id='word_1_732' title='bbox 2063 5230 2226 5306; x_wconf 66' lang='grc'>564</span> <span class='ocrx_word' id='word_1_733' title='bbox 2251 5229 2390 5286; x_wconf 76' lang='lat' dir='ltr'>xm.</span> <span class='ocrx_word' id='word_1_734' title='bbox 2417 5228 2559 5285; x_wconf 90' lang='lat' dir='ltr'>Sunt</span> <span class='ocrx_word' id='word_1_735' title='bbox 2585 5186 2730 5286; x_wconf 81' lang='lat' dir='ltr'>enim</span> <span class='ocrx_word' id='word_1_736' title='bbox 2758 5227 3023 5301; x_wconf 79' lang='lat' dir='ltr'>prolecto,</span> <span class='ocrx_word' id='word_1_737' title='bbox 3052 5236 3200 5293; x_wconf 86' lang='lat' dir='ltr'>sunt,</span> <span class='ocrx_word' id='word_1_738' title='bbox 3231 5230 3326 5299; x_wconf 91' lang='lat' dir='ltr'>qui</span> <span class='ocrx_word' id='word_1_739' title='bbox 3355 5235 3562 5291; x_wconf 85' lang='lat' dir='ltr'>oratio·</span> 
     </span>
    </p>
   </div>
   <div class='ocr_carea' id='block_1_16' title="bbox 312 5323 1886 5858">
    <p class='ocr_par' dir='ltr' id='par_1_17' title="bbox 312 5323 1886 5858">
     <span class='ocr_line' id='line_1_80' title="bbox 316 5323 1886 5404; baseline 0.001 -24"><span class='ocrx_word' id='word_1_740' title='bbox 316 5326 489 5400; x_wconf 79' lang='grc' dir='ltr'>μένων</span> <span class='ocrx_word' id='word_1_741' title='bbox 506 5323 825 5404; x_wconf 65' lang='grc' dir='ltr'>προσβολαῖς</span> <span class='ocrx_word' id='word_1_742' title='bbox 838 5323 879 5389; x_wconf 70' lang='lat'>⁸,</span> <span class='ocrx_word' id='word_1_743' title='bbox 894 5323 1143 5399; x_wconf 88' lang='grc' dir='ltr'>καθάπερ</span> <span class='ocrx_word' id='word_1_744' title='bbox 1158 5327 1411 5396; x_wconf 80' lang='grc' dir='ltr'>γυναῖκες</span> <span class='ocrx_word' id='word_1_745' title='bbox 1430 5326 1487 5381; x_wconf 86' lang='grc' dir='ltr'>αί</span> <span class='ocrx_word' id='word_1_746' title='bbox 1506 5326 1704 5395; x_wconf 74' lang='grc' dir='ltr'>ἔξωθεν</span> <span class='ocrx_word' id='word_1_747' title='bbox 1720 5327 1886 5401; x_wconf 82' lang='grc' dir='ltr'>ὡραῖ-</span> 
     </span>
     <span class='ocr_line' id='line_1_81' title="bbox 314 5416 1884 5492; baseline 0.002 -20"><span class='ocrx_word' id='word_1_748' title='bbox 314 5419 537 5490; x_wconf 81' lang='grc' dir='ltr'>ζόμεναι</span> <span class='ocrx_word' id='word_1_749' title='bbox 568 5418 706 5491; x_wconf 77' lang='grc' dir='ltr'>πρὸς</span> <span class='ocrx_word' id='word_1_750' title='bbox 732 5416 950 5490; x_wconf 82' lang='grc' dir='ltr'>ἀπάτην</span> <span class='ocrx_word' id='word_1_751' title='bbox 972 5417 1255 5489; x_wconf 78' lang='grc' dir='ltr'>ἐντέχνως,</span> <span class='ocrx_word' id='word_1_752' title='bbox 1284 5418 1380 5473; x_wconf 74' lang='grc' dir='ltr'>ἐὰν</span> <span class='ocrx_word' id='word_1_753' title='bbox 1423 5421 1498 5492; x_wconf 81' lang='grc' dir='ltr'>μή</span> <span class='ocrx_word' id='word_1_754' title='bbox 1531 5438 1618 5485; x_wconf 84' lang='grc' dir='ltr'>τις</span> <span class='ocrx_word' id='word_1_755' title='bbox 1642 5418 1884 5489; x_wconf 75' lang='grc' dir='ltr'>πεφυλα·</span> 
     </span>
     <span class='ocr_line' id='line_1_82' title="bbox 312 5508 1883 5583; baseline 0.001 -20"><span class='ocrx_word' id='word_1_756' title='bbox 312 5508 528 5581; x_wconf 84' lang='grc' dir='ltr'>γμένως</span> <span class='ocrx_word' id='word_1_757' title='bbox 556 5511 745 5574; x_wconf 76' lang='grc' dir='ltr'>αὐταῖς</span> <span class='ocrx_word' id='word_1_758' title='bbox 769 5509 876 5565; x_wconf 82' lang='grc' dir='ltr'>τῶν</span> <span class='ocrx_word' id='word_1_759' title='bbox 895 5510 975 5564; x_wconf 75' lang='grc' dir='ltr'>ἔτι</span> <span class='ocrx_word' id='word_1_760' title='bbox 995 5511 1271 5583; x_wconf 84' lang='grc' dir='ltr'>νεωτέρων</span> <span class='ocrx_word' id='word_1_761' title='bbox 1287 5510 1601 5583; x_wconf 73' lang='grc' dir='ltr'>προσδλέψῃ</span> <span class='ocrx_word' id='word_1_762' title='bbox 1621 5514 1686 5582; x_wconf 75' lang='grc' dir='ltr'>τῇ</span> <span class='ocrx_word' id='word_1_763' title='bbox 1703 5511 1883 5565; x_wconf 87' lang='grc' dir='ltr'>πίστει</span> 
     </span>
     <span class='ocr_line' id='line_1_83' title="bbox 314 5593 1885 5672; baseline 0 -19"><span class='ocrx_word' id='word_1_764' title='bbox 314 5602 409 5653; x_wconf 75' lang='grc' dir='ltr'>καὶ</span> <span class='ocrx_word' id='word_1_765' title='bbox 449 5593 744 5671; x_wconf 77' lang='grc' dir='ltr'>νηπτικῶς.</span> <span class='ocrx_word' id='word_1_766' title='bbox 776 5601 939 5656; x_wconf 83' lang='grc' dir='ltr'>Ὅθεν</span> <span class='ocrx_word' id='word_1_767' title='bbox 978 5600 1323 5672; x_wconf 72' lang='grc' dir='ltr'>εὐλαδητέον,</span> <span class='ocrx_word' id='word_1_768' title='bbox 1358 5600 1466 5672; x_wconf 81' lang='grc' dir='ltr'>πρὸ</span> <span class='ocrx_word' id='word_1_769' title='bbox 1509 5601 1606 5656; x_wconf 84' lang='grc' dir='ltr'>τοῦ</span> <span class='ocrx_word' id='word_1_770' title='bbox 1637 5617 1885 5671; x_wconf 65' lang='grc' dir='ltr'>καταμα-</span> 
     </span>
     <span class='ocr_line' id='line_1_84' title="bbox 313 5683 1886 5767; baseline 0 -23"><span class='ocrx_word' id='word_1_771' title='bbox 313 5691 427 5746; x_wconf 88' lang='grc' dir='ltr'>θεῖν</span> <span class='ocrx_word' id='word_1_772' title='bbox 458 5692 736 5763; x_wconf 78' lang='grc' dir='ltr'>άσφαλῶς,</span> <span class='ocrx_word' id='word_1_773' title='bbox 765 5695 843 5759; x_wconf 86' lang='grc' dir='ltr'>είς</span> <span class='ocrx_word' id='word_1_774' title='bbox 869 5695 968 5767; x_wconf 82' lang='grc' dir='ltr'>τὴν</span> <span class='ocrx_word' id='word_1_775' title='bbox 979 5694 1205 5765; x_wconf 82' lang='grc' dir='ltr'>καρδίαν</span> <span class='ocrx_word' id='word_1_776' title='bbox 1230 5691 1572 5760; x_wconf 74' lang='grc' dir='ltr'>εἰσδέξασθαι</span> <span class='ocrx_word' id='word_1_777' title='bbox 1597 5691 1690 5746; x_wconf 85' lang='grc' dir='ltr'>τὸν</span> <span class='ocrx_word' id='word_1_778' title='bbox 1710 5683 1886 5745; x_wconf 78' lang='grc' dir='ltr'>τοιοῦ·</span> 
     </span>
     <span class='ocr_line' id='line_1_85' title="bbox 314 5782 1883 5858; baseline -0.001 -20"><span class='ocrx_word' id='word_1_779' title='bbox 314 5802 405 5839; x_wconf 86' lang='grc' dir='ltr'>τον</span> <span class='ocrx_word' id='word_1_780' title='bbox 441 5785 617 5855; x_wconf 79' lang='grc' dir='ltr'>λόγον.</span> <span class='ocrx_word' id='word_1_781' title='bbox 644 5785 756 5841; x_wconf 72' lang='grc' dir='ltr'>Καὶ</span> <span class='ocrx_word' id='word_1_782' title='bbox 782 5784 891 5858; x_wconf 76' lang='grc' dir='ltr'>γάρ</span> <span class='ocrx_word' id='word_1_783' title='bbox 925 5784 1215 5856; x_wconf 82' lang='grc' dir='ltr'>φθάνουσιν</span> <span class='ocrx_word' id='word_1_784' title='bbox 1256 5786 1303 5838; x_wconf 83' lang='lat' dir='ltr'>ol</span> <span class='ocrx_word' id='word_1_785' title='bbox 1343 5782 1721 5850; x_wconf 75' lang='grc' dir='ltr'>ἐξαπατῶντες</span> <span class='ocrx_word' id='word_1_786' title='bbox 1752 5782 1883 5837; x_wconf 85' lang='grc' dir='ltr'>πολ-</span> 
     </span>
    </p>
   </div>
   <div class='ocr_carea' id='block_1_17' title="bbox 1988 5320 3563 5855">
    <p class='ocr_par' dir='ltr' id='par_1_18' title="bbox 1988 5320 3563 5855">
     <span class='ocr_line' id='line_1_86' title="bbox 1989 5320 3561 5394; baseline 0.001 -14"><span class='ocrx_word' id='word_1_787' title='bbox 1989 5323 2081 5380; x_wconf 88' lang='lat' dir='ltr'>nis</span> <span class='ocrx_word' id='word_1_788' title='bbox 2117 5324 2377 5394; x_wconf 80' lang='lat' dir='ltr'>tragicam</span> <span class='ocrx_word' id='word_1_789' title='bbox 2411 5322 2479 5377; x_wconf 88' lang='lat' dir='ltr'>ad</span> <span class='ocrx_word' id='word_1_790' title='bbox 2529 5335 2782 5393; x_wconf 84' lang='lat' dir='ltr'>pompam</span> <span class='ocrx_word' id='word_1_791' title='bbox 2831 5327 3105 5376; x_wconf 83' lang='lat' dir='ltr'>exornatae</span> <span class='ocrx_word' id='word_1_792' title='bbox 3155 5320 3389 5376; x_wconf 80' lang='lat' dir='ltr'>artificio</span> <span class='ocrx_word' id='word_1_793' title='bbox 3439 5340 3561 5382; x_wconf 88' lang='lat' dir='ltr'>sese</span> 
     </span>
     <span class='ocr_line' id='line_1_87' title="bbox 1988 5408 3563 5483; baseline -0.001 -12"><span class='ocrx_word' id='word_1_794' title='bbox 1988 5414 2299 5479; x_wconf 77' lang='lat' dir='ltr'>venditant,</span> <span class='ocrx_word' id='word_1_795' title='bbox 2325 5414 2402 5468; x_wconf 89' lang='lat' dir='ltr'>uti</span> <span class='ocrx_word' id='word_1_796' title='bbox 2442 5412 2698 5468; x_wconf 85' lang='lat' dir='ltr'>mulieres</span> <span class='ocrx_word' id='word_1_797' title='bbox 2731 5408 2909 5466; x_wconf 79' lang='lat' dir='ltr'>lacere</span> <span class='ocrx_word' id='word_1_798' title='bbox 2937 5411 3146 5476; x_wconf 87' lang='lat' dir='ltr'>solent;</span> <span class='ocrx_word' id='word_1_799' title='bbox 3171 5426 3312 5483; x_wconf 81' lang='lat' dir='ltr'>quae,</span> <span class='ocrx_word' id='word_1_800' title='bbox 3362 5412 3429 5469; x_wconf 89' lang='lat' dir='ltr'>ad</span> <span class='ocrx_word' id='word_1_801' title='bbox 3464 5415 3563 5469; x_wconf 90' lang='lat' dir='ltr'>illi·</span> 
     </span>
     <span class='ocr_line' id='line_1_88' title="bbox 1988 5505 3561 5578; baseline -0.001 -16"><span class='ocrx_word' id='word_1_802' title='bbox 1988 5505 2244 5562; x_wconf 88' lang='lat' dir='ltr'>ciendum</span> <span class='ocrx_word' id='word_1_803' title='bbox 2293 5521 2359 5561; x_wconf 85' lang='lat' dir='ltr'>ac</span> <span class='ocrx_word' id='word_1_804' title='bbox 2403 5505 2815 5576; x_wconf 90' lang='lat' dir='ltr'>decipiendum,</span> <span class='ocrx_word' id='word_1_805' title='bbox 2843 5512 3128 5559; x_wconf 90' lang='lat' dir='ltr'>externum</span> <span class='ocrx_word' id='word_1_806' title='bbox 3166 5507 3414 5578; x_wconf 89' lang='lat' dir='ltr'>corporis</span> <span class='ocrx_word' id='word_1_807' title='bbox 3444 5508 3561 5561; x_wconf 88' lang='lat' dir='ltr'>cul·</span> 
     </span>
     <span class='ocr_line' id='line_1_89' title="bbox 1989 5595 3558 5664; baseline -0.001 -11"><span class='ocrx_word' id='word_1_808' title='bbox 1989 5606 2105 5655; x_wconf 90' lang='lat' dir='ltr'>tum</span> <span class='ocrx_word' id='word_1_809' title='bbox 2157 5614 2222 5654; x_wconf 84' lang='lat' dir='ltr'>ac</span> <span class='ocrx_word' id='word_1_810' title='bbox 2276 5598 2606 5655; x_wconf 86' lang='lat' dir='ltr'>lenocinium</span> <span class='ocrx_word' id='word_1_811' title='bbox 2656 5598 2952 5664; x_wconf 83' lang='lat' dir='ltr'>adhibent,</span> <span class='ocrx_word' id='word_1_812' title='bbox 3007 5595 3114 5654; x_wconf 83' lang='lat' dir='ltr'>nisi</span> <span class='ocrx_word' id='word_1_813' title='bbox 3167 5613 3380 5656; x_wconf 89' lang='lat' dir='ltr'>summa</span> <span class='ocrx_word' id='word_1_814' title='bbox 3433 5612 3558 5653; x_wconf 86' lang='lat' dir='ltr'>cum</span> 
     </span>
     <span class='ocr_line' id='line_1_90' title="bbox 1990 5689 3559 5757; baseline -0.002 -11"><span class='ocrx_word' id='word_1_815' title='bbox 1990 5692 2159 5748; x_wconf 81' lang='lat' dir='ltr'>animi</span> <span class='ocrx_word' id='word_1_816' title='bbox 2190 5691 2479 5757; x_wconf 82' lang='lat' dir='ltr'>cautione,</span> <span class='ocrx_word' id='word_1_817' title='bbox 2509 5690 2615 5747; x_wconf 86' lang='lat' dir='ltr'>lide</span> <span class='ocrx_word' id='word_1_818' title='bbox 2664 5706 2730 5747; x_wconf 90' lang='lat' dir='ltr'>ac</span> <span class='ocrx_word' id='word_1_819' title='bbox 2779 5691 3077 5749; x_wconf 84' lang='lat' dir='ltr'>sobrietate</span> <span class='ocrx_word' id='word_1_820' title='bbox 3115 5692 3308 5748; x_wconf 87' lang='lat' dir='ltr'>muniti</span> <span class='ocrx_word' id='word_1_821' title='bbox 3335 5690 3402 5746; x_wconf 87' lang='lat' dir='ltr'>ad</span> <span class='ocrx_word' id='word_1_822' title='bbox 3434 5689 3559 5744; x_wconf 82' lang='lat' dir='ltr'>illas</span> 
     </span>
     <span class='ocr_line' id='line_1_91' title="bbox 1992 5781 3559 5855; baseline -0.003 -17"><span class='ocrx_word' id='word_1_823' title='bbox 1992 5784 2370 5841; x_wconf 86' lang='lat' dir='ltr'>adolescentes</span> <span class='ocrx_word' id='word_1_824' title='bbox 2414 5784 2605 5841; x_wconf 90' lang='lat' dir='ltr'>oculos</span> <span class='ocrx_word' id='word_1_825' title='bbox 2643 5784 2922 5855; x_wconf 82' lang='lat' dir='ltr'>adjiciant.</span> <span class='ocrx_word' id='word_1_826' title='bbox 2963 5784 3231 5851; x_wconf 87' lang='lat' dir='ltr'>Quocirca</span> <span class='ocrx_word' id='word_1_827' title='bbox 3269 5781 3559 5852; x_wconf 83' lang='lat' dir='ltr'>diligenter</span> 
     </span>
    </p>
   </div>
   <div class='ocr_carea' id='block_1_18' title="bbox 390 5937 2518 6017">
    <p class='ocr_par' dir='ltr' id='par_1_19' title="bbox 390 5937 2518 6017">
     <span class='ocr_line' id='line_1_92' title="bbox 390 5937 2518 6017; baseline -0.002 -17"><span class='ocrx_word' id='word_1_828' title='bbox 390 5943 406 5977; x_wconf 88' lang='lat'><strong>¹</strong></span> <span class='ocrx_word' id='word_1_829' title='bbox 438 5939 501 6000; x_wconf 69' lang='lat' dir='ltr'>F.</span> <span class='ocrx_word' id='word_1_830' title='bbox 529 5944 963 6017; x_wconf 74' lang='grc' dir='ltr'>άνατρεπτικοῖς.</span> <span class='ocrx_word' id='word_1_831' title='bbox 1053 5943 1074 5974; x_wconf 82' lang='lat'><strong>¹</strong></span> <span class='ocrx_word' id='word_1_832' title='bbox 1103 5940 1372 6014; x_wconf 72' lang='lat' dir='ltr'>Cot-rupta</span> <span class='ocrx_word' id='word_1_833' title='bbox 1399 5958 1503 5999; x_wconf 82' lang='lat' dir='ltr'>vox</span> <span class='ocrx_word' id='word_1_834' title='bbox 1532 5950 1638 6000; x_wconf 82' lang='lat' dir='ltr'>est.</span> <span class='ocrx_word' id='word_1_835' title='bbox 1723 5941 1745 5975; x_wconf 86' lang='lat'>⁸</span> <span class='ocrx_word' id='word_1_836' title='bbox 1768 5937 1831 5997; x_wconf 73' lang='lat'>1³⁸.</span> <span class='ocrx_word' id='word_1_837' title='bbox 1854 5938 1968 5996; x_wconf 68' lang='grc' dir='ltr'>τσῦ.</span> <span class='ocrx_word' id='word_1_838' title='bbox 2046 5942 2067 5975; x_wconf 73' lang='lat'>⁸</span> <span class='ocrx_word' id='word_1_839' title='bbox 2106 5940 2169 5998; x_wconf 78' lang='lat' dir='ltr'>F.</span> <span class='ocrx_word' id='word_1_840' title='bbox 2206 5942 2518 6015; x_wconf 71' lang='grc' dir='ltr'>προόολαῖς.</span> 
     </span>
    </p>
   </div>
  </div>
 </body>
</html>
