3850 6517
414 513 518 566 5⁰5

1095 504 1468 562 ADVERSUS
1507 502 1851 560 uAEnESES
1889 503 2018 559 un.
2060 504 2101 558 Ι.
2145 504 2314 564 ΤΟΜ.
2357 507 2422 563 ll.
2466 537 2531 547 -
2570 503 2844 562 ttAEnEs.
2885 503 3067 561 XXXl.

3565 506 3674 568 500

412 631 585 698 ὗνομα
617 625 733 698 (79)
770 622 1096 697 γεγενῆσθαι
1128 624 1418 694 φάσκουσι.
1455 623 1546 694 Μὴ
1591 622 1910 694 δυνηθεῖσαν
1935 621 1992 676 δὲ
2021 630 2069 687 Α
2095 631 2153 677 ιιι
2179 638 2306 678 cnm
2335 625 2502 690 iilam,
2535 639 2605 679 ne
2635 623 2775 678 ultra
2794 620 3171 688 contenderet,
3204 618 3385 677 llorus
3414 635 3674 682 coercere

412 716 683 773 διοδεύσαι
702 714 796 772 τὸν
823 716 1009 787 Ὅρον,
1037 716 1127 771 διά
1154 716 1215 771 τὸ
1251 714 1666 787 συμπεπλέχθαι
1694 714 1773 787 τῷ
1806 714 1988 781 πάθει,

416 810 512 864 καί.
559 809 728 881 μόνην
757 806 1173 877 ἀπολειφθεῖσαν
1217 806 1323 875 ἔξω
1363 807 1528 861 παντὶ
1565 807 1721 879 μέρει
1764 805 1859 861 τοῦ
1894 806 1996 861 πά·

415 899 565 963 θους,
595 898 890 951 ὑποπεσεῖν
916 896 1259 970 πολυμεροῦς
1283 899 1379 952 καὶ
1402 895 1786 950 πολυποικίλου
1815 896 1994 969 ὑπάρ-

416 1009 622 1063 χοντος,
647 992 743 1045 καὶ
763 988 956 1045 παθεῖν
976 988 1155 1061 λύπην
1180 990 1300 1062 μὲν,
1321 990 1404 1045 ὅτι
1427 990 1489 1044 οὐ
1509 988 1802 1044 κατέλαὸε·
1828 988 1994 1059 φόδον

417 1087 494 1152 δἐ,
527 1085 600 1159 μὴ
626 1086 877 1157 καθάπερ
898 1084 1072 1157 αὐτὴν
1103 1085 1165 1139 τὸ
1191 1085 1327 1156 φῶς,
1358 1084 1500 1140 οὕτω
1528 1085 1623 1139 καὶ
1649 1084 1711 1139 τὸ
1742 1082 1842 1157 ζῇν
1870 1085 1994 1138 ἐπι-

418 1177 566 1248 λίπῃ,
593 1175 825 1248 ἀπορίαν
837 1194 897 1230 τε
920 1178 1013 1230 ἐπὶ
1043 1176 1275 1242 τούτοις,
1326 1179 1386 1231 ὲν
1408 1177 1601 1249 ἀγνοίᾳ
1622 1177 1680 1231 δὲ
1703 1176 1773 1230 τά
1788 1176 1988 1242 πάντα,

418 1268 510 1319 καὶ
528 1267 589 1319 ού
617 1267 872 1340 καθάπερ
893 1267 911 1299 ¹
935 1268 969 1339 ἡ
1002 1269 1188 1342 μήτηρ
1209 1268 1379 1339 αὐτῆς
1407 1269 1441 1340 ἡ
1479 1267 1669 1340 πρώτη
1697 1268 1865 1337 Σοφία
1893 1268 1992 1323 καὶ

411 1356 570 1423 Αίὼν,
605 1358 920 1429 ὲτεροίωσιν
946 1359 1005 1410 ὲν
1042 1362 1155 1423 τοῖς
1187 1359 1416 1414 πάθεσιν
1462 1356 1625 1430 εἶχεν,
1656 1359 1793 1413 ἀλλά
1835 1359 1991 1414 ὲναν-

408 1449 652 1519 τιότητα.
668 1449 1262 1522 Ἐπισυμδεὸηκέναιᾶ
1279 1452 1415 1523 αὐτῇ
1437 1453 1530 1504 καὶ
1547 1450 1741 1522 ἑτέραν
1750 1449 1989 1504 διάθεσιν

409 1536 510 1607 τὴν
541 1539 642 1609 τῆς
680 1539 1015 1611 ἐπιστροφῆς
1041 1541 1136 1594 ἐπὶ
1172 1541 1265 1595 τὸν
1302 1541 1716 1613 ζωοποιήσαντα
1738 1542 1759 1573 ⁸
1784 1539 1988 1612 ταύτην

414 1627 671 1681 σύστασιν
709 1628 802 1683 καὶ
831 1630 1017 1685 οὐσίαν
1054 1632 1153 1704 τῆς
1182 1631 1314 1703 ’ύλης
1356 1633 1683 1705 γεγενῆσθαι
1714 1632 1985 1701 λέγουσιν,
2005 1649 2020 1658 ‘

411 1717 473 1781 ἐξ
513 1713 583 1790 ἦς
607 1719 694 1773 ὅδε
736 1722 766 1774 ό
809 1721 1012 1793 κόσμος
1050 1723 1405 1794 συνέστηκεν.
1452 1726 1548 1777 Ἐκ
1602 1725 1702 1795 μὲν
1729 1723 1842 1795 γὰρ
1884 1723 1988 1793 τῆς

408 1812 740 1883 ἐπιστροφῆς
765 1814 866 1884 τὴν
894 1812 991 1867 τοῦ
1021 1815 1230 1885 κόσμου
1261 1816 1358 1869 καὶ
1380 1814 1475 1868 τοῦ
1508 1814 1853 1887 Δημιουργοῦ
1883 1816 1988 1868 πᾶ-

406 1919 506 1957 σαν
534 1904 556 1935 ³
584 1904 759 1976 ψυχὴν
786 1906 886 1977 τὴν
917 1907 1130 1975 γένεσιν
1158 1907 1459 1979 εἰληφέναι,
1491 1908 1558 1961 ὲκ
1596 1908 1654 1961 δὲ
1686 1907 1782 1961 τοῦ
1816 1908 1986 1977 φόὸου

2094 716 2279 781 vellet,
2322 716 2418 771 Iao
2447 718 2773 773 vocabulum
2807 716 3111 789 proferrem
3141 729 3208 770 ex
3237 727 3347 785 quo
3372 714 3527 769 vocis
3554 712 3672 769 ori-

2094 807 2276 877 ginem
2314 806 2638 877 profectam.
2685 806 2822 863 Cum
2872 807 3040 878 igitur
3083 820 3435 877 perrumpere
3464 803 3672 861 Horum

2094 900 2408 970 nequisset,
2439 899 2562 953 ideo
2606 899 2753 970 quod
2787 899 3196 970 perturbatione
3226 899 3501 968 implicata
3533 897 3674 953 deti-

2094 999 2339 1056 neretur,
2376 990 2535 1062 183
2563 1006 2628 1046 ac
2679 992 2798 1047 sola
2827 998 2982 1046 extra
3030 990 3407 1056 remansisset,
3454 997 3672 1060 pertur-

2095 1082 2336 1138 bationis
2363 1082 2532 1151 hujus
2568 1097 2691 1153 quae
2719 1081 3003 1153 multiplex
3037 1088 3157 1136 erat
3190 1094 3254 1133 ac
3290 1079 3460 1146 varia,
3495 1079 3671 1149 parti-

2092 1176 2201 1232 bus
2266 1175 2526 1232 omnibus
2589 1175 2986 1241 succubuisse;
3058 1172 3418 1242 affectamque
3482 1169 3672 1229 dolore

2091 1268 2354 1339 primum,
2387 1266 2534 1337 quod
2573 1267 2709 1322 nihil
2740 1274 2994 1324 assecuta
3030 1267 3132 1334 sit;
3163 1271 3280 1319 tum
3306 1272 3476 1330 metu,
3503 1277 3574 1318 ne
3609 1272 3672 1319 nt

2092 1362 2266 1431 ipsam
2320 1360 2527 1423 lumen,
2572 1359 2646 1413 ita
2687 1360 2798 1414 vita
2851 1357 3156 1414 deficerett
3198 1356 3397 1412 deinde
3451 1355 3669 1413 consilii

2090 1451 2295 1522 inopia,
2343 1467 2409 1506 ac
2458 1454 2677 1506 demum
2707 1449 3029 1521 ignorantia!
3063 1449 3282 1521 penitus
3330 1450 3666 1506 immersam.

2088 1542 2279 1613 Neque
2308 1533 2479 1609 enim}
2511 1552 2569 1597 ut
2609 1543 2730 1612 ejus
2780 1541 2952 1597 Mater
2989 1541 3164 1612 prima
3211 1540 3301 1594 illa
3333 1555 3401 1594 ex
3427 1538 3667 1596 AEonum

2089 1638 2324 1707 collegio
2357 1634 2658 1706 Sapientia,
2690 1635 3022 1689 alternorum
3057 1634 3323 1706 duntaxat
3350 1634 3670 1691 diversitate

2087 1735 2367 1793 motuum,
2431 1730 2527 1784 sed
2587 1726 2990 1782 contrariorum
3066 1724 3299 1780 dissidio
3362 1724 3674 1781 laborasse.

2089 1819 2233 1887 Quin
2262 1827 2316 1875 et
2339 1835 2534 1875 novam
2558 1819 2782 1890 insuper
2795 1818 2968 1874 eidem
2988 1815 3325 1871 affectionem
3349 1815 3666 1886 contigisse,

2088 1910 2468 1966 conversionis
2506 1908 2571 1963 ad
2605 1923 2730 1962 eum
2761 1908 2970 1962 scilicet
3011 1908 3101 1977 qui
3139 1906 3243 1961 sibi
3275 1906 3439 1960 vitam
3468 1907 3667 1975 imper-

404 1995 501 2049 καὶ
523 1996 622 2067 τῆς
648 1996 822 2069 λύπης
847 1998 918 2052 τὰ
959 1998 1121 2053 λοιπὰ
1154 2000 1254 2072 τὴν
1294 1999 1469 2072 ἀρχὴν
1495 1989 1804 2072 ἐσχηκέναι.
1852 2000 1986 2054 Ἀπὸ
2017 1998 2061 2059 Β
2089 2002 2270 2056 tierat.
2330 1997 2483 2055 Hanc
2516 2013 2648 2054 vero
2688 1999 2931 2053 materia!
2966 1999 3164 2053 molem
3203 2012 3268 2051 ac
3303 1995 3665 2052 substantiam

400 2088 514 2159 γὰρ
549 2087 659 2141 τῶν
704 2089 956 2162 δακρύων
988 2090 1159 2161 αὐτῆς
1187 2091 1468 2160 γεγονέναι
1520 2094 1704 2146 πᾶσαν
1754 2090 1983 2163 ἔνυγρον

400 2179 623 2233 ούσίαν’
670 2180 780 2233 ἀπὸ
816 2181 873 2235 δὲ
904 2181 999 2235 τοῦ
1030 2183 1265 2252 γέλωτος
1304 2183 1405 2254 τὴν
1433 2184 1705 2254 φωτεινήν
1724 2194 1739 2210 ·
1769 2181 1879 2236 ἀπὸ
1922 2181 1982 2235 δὲ

398 2267 499 2339 τῆς
530 2268 708 2340 λύπης
737 2271 834 2324 καὶ
854 2270 958 2341 τῆς
991 2273 1305 2343 ἐκπλήξεως
1331 2272 1403 2328 τὰ
1434 2272 1723 2344 σωματικά
1749 2270 1845 2325 τοῦ
1888 2271 1982 2327 κό·

404 2379 541 2432 σμου
566 2368 823 2434 στοιχεῖα.
854 2365 992 2418 Ποτὲ
1019 2366 1118 2437 μὲν
1141 2366 1250 2437 γάρ
1277 2366 1461 2421 ἔκλαιε
1488 2367 1583 2420 καὶ
1605 2365 1880 2429 ἐλυπεῖτο,
1905 2364 1985 2427 ὡς

403 2448 643 2518 λέγουσι,
666 2452 757 2505 διὰ
777 2453 839 2505 τὸ
861 2453 1279 2522 καταλελεῖφθαι
1302 2454 1470 2526 μόνην
1493 2454 1551 2507 ὲν
1573 2452 1654 2523 τῷ
1683 2452 1865 2505 σκότει
1888 2452 1986 2505 καὶ

407 2539 485 2609 τῷ
519 2540 795 2612 κενώματι
815 2558 832 2574 ·
868 2543 997 2596 ποτὲ
1023 2543 1083 2595 δὲ
1112 2544 1194 2607 είς
1223 2543 1429 2598 ἔννοιαν
1458 2546 1666 2615 ηκουσα
1684 2543 1780 2600 τοῦ
1808 2561 1986 2598 κατα-

404 2630 652 2694 λιπόντος
699 2631 867 2703 αὐτὴν
915 2634 1116 2702 φωτὸς,
1149 2632 1376 2703 διεχεῖτο
1412 2635 1507 2686 καὶ
1542 2634 1705 2703 ἐγέλα
1724 2651 1739 2666 ·
1777 2635 1909 2688 ποτὲ
1934 2634 1983 2689 δ’

403 2719 469 2775 αὖ
510 2722 673 2779 πάλιν
696 2725 971 2793 ὲφοδεῖτο·
999 2723 1192 2779 ἄλλοτε
1212 2724 1271 2777 δὲ
1296 2724 1563 2795 διηπόρει,
1592 2726 1688 2780 καὶ
1714 2724 1980 2791 ἐξίστατο.

2085 2106 2230 2156 esse,
2256 2106 2324 2146 ex
2352 2104 2462 2161 qua
2507 2090 2745 2147 mundus
2779 2092 2886 2147 iste
2932 2090 3158 2146 coaluit.
3195 2087 3407 2143 Etenim
3439 2103 3505 2143 ex
3548 2087 3668 2158 ipsa

2087 2181 2472 2244 conversione,
2522 2180 2710 2235 mundi
2747 2187 2802 2235 et
2833 2180 3167 2244 conditoris,
3210 2179 3454 2249 adeoque
3502 2175 3667 2233 aliam

2087 2283 2305 2325 omnem
2353 2269 2591 2324 animam
2618 2285 2742 2326 esse
2780 2271 3050 2341 genitam;
3083 2278 3280 2326 caetera
3311 2284 3374 2324 ex
3424 2275 3572 2322 metu
3600 2283 3665 2323 ac

2087 2361 2277 2416 dolore
2304 2361 2532 2423 initium
2551 2363 2849 2432 accepisse.
2874 2360 3010 2416 Nam
3037 2378 3068 2417 e
3096 2362 3350 2434 lacrymis
3381 2360 3664 2416 humidum

2083 2467 2264 2518 omne,
2283 2466 2315 2508 e
2344 2453 2459 2508 risu
2489 2453 2800 2520 lucidum,e
2825 2454 3015 2510 dolore
3047 2468 3113 2509 ac
3143 2462 3370 2524 stupore
3397 2466 3664 2523 corporea

2082 2544 2273 2600 mundi
2323 2545 2592 2602 elementa
2637 2562 2915 2604 manasse.
2950 2546 3235 2603 Accidissc
3288 2546 3568 2611 nimirum,
3607 2551 3667 2598 ut

2081 2635 2496 2705 collacrymarct
2527 2636 2802 2690 interdum
2858 2651 2921 2690 ac
2950 2636 3184 2700 doleret,
3213 2632 3361 2706 quod
3396 2648 3455 2690 se
3491 2633 3667 2690 solam

2083 2726 2140 2780 in
2186 2727 2424 2781 tenebris
2458 2734 2512 2779 et
2565 2727 2828 2781 inanitate
2874 2726 3124 2781 relictam
3176 2725 3658 2780 animadverteret.

395 2812 800 2886 Nonnunquam
821 2831 954 2872 vcro
981 2831 1111 2873 mox
1144 2823 1206 2872 ut
1234 2817 1383 2874 illius
1438 2818 1681 2884 luminis,
1711 2820 1858 2889 quod
1889 2835 2014 2876 sese
2049 2821 2368 2891 reliquerat,
2406 2821 2615 2875 veniret
2655 2822 2710 2875 in
2751 2820 3094 2886 memoriam,
3146 2820 3258 2874 risu
3294 2834 3353 2874 se
3397 2834 3460 2873 ac
3510 2817 3666 2873 volu-

395 2915 543 2978 ptate
589 2907 938 2978 perfudisse;
986 2907 1377 2981 interdumque
1417 2925 1615 2994 rursus
1661 2908 1732 2965 ad
1776 2918 1977 2968 metum
2019 2912 2270 2976 rediisse,
2328 2913 2464 2967 alias
2498 2914 2739 2976 anxiam,
2790 2910 3117 2980 consiliique
3166 2909 3382 2979 inopem
3410 2917 3470 2963 et
3520 2914 3664 2962 atto-

396 2999 569 3055 nitam
597 3000 793 3058 fuisse.

467 3088 573 3148 tz'.
604 3093 719 3148 Καὶ
746 3094 804 3147 τί
846 3094 989 3167 γάρ;
1025 3095 1316 3168 Τραγῳδία
1364 3094 1531 3166 πολλὴ
1564 3096 1751 3150 λοιπὸν
1794 3092 1864 3168 ἦν
1896 3098 1984 3151 ἐν·

393 3180 542 3245 cass.
579 3185 676 3238 καὶ
709 3186 982 3254 φαντασία
1012 3187 1130 3251 ὲνδς
1178 3187 1408 3240 ἑκάστου
1453 3187 1655 3252 αὐτῶν,
1683 3188 1859 3252 ἄλλως
1887 3188 1985 3242 καὶ

393 3270 569 3337 ἄλλως
608 3271 861 3345 σοδαρῶς
910 3274 1334 3346 ἐκδιηγουμένου
1378 3276 1441 3326 ἐκ
1472 3274 1717 3329 ποταποῦ
1750 3263 1981 3337 πάθους,

401 3362 469 3421 bt
499 3362 654 3417 ποίου
694 3365 958 3436 στοιχείου
1001 3367 1033 3435 ἠ
1073 3355 1228 3418 ούσία
1259 3365 1360 3433 τὴν
1397 3365 1612 3431 γένεσιν
1664 3362 1909 3434 εἴληφεν,
1949 3361 1987 3415 ἀ
2013 3333 2060 3396 c

403 3450 503 3507 καὶ
540 3451 763 3519 εἰκότως
803 3456 1021 3509 δοκοῦσί
1052 3474 1140 3527 μοι
1180 3455 1257 3526 μὴ
1285 3454 1532 3517 ἅπαντας
1558 3453 1735 3507 θέλειν
1774 3453 1833 3506 ὲν
1879 3468 1985 3521 φα-

400 3540 540 3614 νερῷ
566 3542 857 3609 διδάσκειν,
889 3546 1008 3600 ἀλλ’
1040 3545 1073 3618 ἢ
1105 3547 1302 3618 μόνους
1336 3544 1580 3607 ἐκείνους
1607 3544 1737 3607 τοὺς
1769 3542 1860 3597 καὶ
1888 3560 1987 3613 με·

393 3630 593 3702 γάλους
621 3634 847 3706 μισθοὺς
887 3637 1035 3711 ὑπὲρ
1073 3636 1413 3708 τηλικούτων
1462 3633 1782 3705 μυστηρίων
1812 3633 1986 3687 τελεῖν

392 3723 744 3797 δυναμένους.
774 3730 974 3783 Οὐκέτι
1002 3729 1113 3801 γὰρ
1157 3729 1334 3781 ταῦτα
1375 3728 1537 3795 ὃμοια
1578 3725 1831 3788 ἐκείνοις,
1859 3725 1989 3796 περὶ

289 3825 294 3832 “
392 3808 468 3868 ὧν
489 3817 518 3868 ό
543 3818 746 3888 Κύριος
777 3820 933 3893 ημῶν
965 3819 1187 3888 εἴρηκε·
1212 3816 1445 3884 Δωρεὰν
1470 3814 1735 3879 ὲλάὅετε,
1763 3814 1988 3882 δωρεὰν

395 3908 565 3960 δότε·
601 3907 734 3960 ἀλλὰ
756 3906 1245 3977 ἀνακεχωρηκότα,
1266 3905 1360 3958 καὶ
1382 3903 1656 3977 τερατώδη
1693 3906 1787 3958 καὶ
1818 3905 1988 3977 βαθέα

401 3998 681 4070 μυστήρια
732 3998 872 4067 μετὰ
908 3997 1105 4051 πολλοῦ
1156 3997 1405 4074 καμάτου
1445 3997 1831 4069 περιγινόμενα
1874 4000 1988 4063 τοῖς

396 4073 768 4159 φιλοψευδέσι.
800 4088 897 4154 Τίς
924 4088 1033 4162 γὰρ
1062 4090 1163 4144 οὐκ
1194 4090 1262 4145 ἂν
1286 4090 1679 4162 ἑκδαπανήσειε
1711 4090 1890 4144 πάντα
1918 4090 1990 4145 τά

398 4180 711 4251 ὑπάρχοντα
756 4179 947 4245 αὑτοῦ,
982 4180 1071 4235 ἶνα
1114 4181 1285 4254 μάθῃ,
1321 4182 1403 4237 ὄτι
1443 4182 1554 4237 ἀπὸ
1580 4181 1691 4236 τῶν
1733 4181 1989 4254 δακρύων

391 4269 494 4340 τῆς
531 4269 912 4343 Ἐνθυμήσεως
935 4269 1031 4325 τοῦ
1075 4271 1404 4336 πεπονθότος
1433 4270 1660 4335 Αίῶνος,
1700 4271 1987 4342 θάλασσαι,

397 4361 494 4415 καὶ
521 4362 714 4432 πηγαὶ,
750 4363 845 4416 καὶ
875 4362 1132 4434 ποταμοὶ,
1160 4362 1255 4417 καὶ
1281 4364 1434 4418 πᾶσα
1455 4362 1677 4435 ἔνυδρος
1708 4362 1867 4416 οὐσία
1887 4361 1990 4436 τὴν

397 4452 611 4520 γένεσιν
660 4452 906 4525 εἴληφεν,
946 4455 1014 4509 ὲκ
1043 4454 1101 4508 δὲ
1147 4453 1242 4508 τοῦ
1271 4454 1508 4524 γέλωτος
1548 4455 1723 4527 αὐτῆς
1756 4455 1821 4507 τὸ
1848 4454 1986 4523 φῶς,

399 4542 496 4596 καὶ
523 4544 587 4596 ὲκ
628 4542 731 4613 τῆς
762 4543 1077 4616 ἐκπλήξεως
1101 4533 1200 4598 καῖ
1223 4544 1323 4615 τῆς
1350 4542 1664 4613 ἀμηχανίας
1691 4541 1761 4594 τὰ
1802 4559 1988 4614 σωμα-

394 4633 526 4687 τικά
543 4634 636 4687 τοῦ
664 4634 868 4706 κόσμου
901 4638 1139 4705 στοιχεῖα
1157 4653 1173 4702 ;
1196 4633 1465 4705 Βούλομαι
1486 4634 1542 4685 δὲ
1562 4634 1657 4686 καὶ
1677 4632 1838 4697 αὐτὸς
1864 4651 1991 4687 συν-

395 4729 728 4794 εισενεγκείν
773 4744 827 4779 τι
859 4729 927 4798 τῇ
990 4725 1339 4797 καρποφορία
1368 4722 1569 4778 αὐτῶν.
1612 4722 1831 4795 Ἐπειδὴ
1875 4724 1986 4800 γὰρ
2016 4704 2065 4763 D

394 4818 509 4890 ὁρῶ
531 4818 601 4872 τά
634 4819 734 4889 μὲν
768 4819 972 4887 γλυκέα
1004 4818 1173 4872 ὕδατα
1202 4817 1351 4883 ὄντα,
1383 4811 1495 4870 οἷον
1529 4815 1732 4888 πηγὰς,
1761 4816 1857 4872 καί
1886 4836 1986 4871 πυ-

396 4911 623 4981 ταμοὺς,
655 4909 751 4963 καὶ
778 4909 1036 4980 ὄμβρους,
1063 4908 1249 4964 καὶτὰ
1279 4907 1526 4972 τοιαῦτα,
1558 4908 1628 4962 τά
1658 4908 1718 4962 δὲ
1746 4910 1839 4962 ἐπὶ
1861 4911 1986 4973 ταῖς

398 5003 699 5067 θαλάσσαις
745 5004 993 5077 ἁλμυρά·
1023 5003 1224 5057 ἐπινοῶ
1275 5003 1351 5075 μὴ
1390 5004 1567 5058 πάντα
1595 5003 1704 5057 ἀπὸ
1741 5003 1850 5057 τῶν
1888 5003 1985 5057 δα-

402 5093 583 5165 κρύων
614 5095 787 5165 αὐτῆς
817 5095 1240 5167 προδεδλῆσθαι,
1275 5094 1408 5149 διότι
1441 5096 1504 5149 τὸ
1533 5095 1769 5167 δάκρυον
1807 5095 1984 5165 ἁλμυ-

399 5187 493 5258 ρὸν
512 5190 580 5259 τῇ
604 5188 848 5258 ποιότητι
874 5188 1128 5260 ὑπάρχει.
1153 5188 1390 5259 Φανερὸν
1416 5185 1529 5252 οὖν,
1553 5189 1637 5241 ὅτι
1662 5187 1732 5240 τὰ
1761 5185 1984 5258 ἀλμυρᾲ

398 5277 568 5333 ὕδατα
586 5275 760 5335 ταῦτα
794 5282 912 5334 ἐστι
937 5281 1004 5335 τά
1037 5282 1145 5335 ἀπὸ
1165 5282 1273 5335 τῶν
1302 5281 1573 5354 δακρύων.
1615 5281 1777 5345 Εἰκὸς
1799 5280 1856 5334 δὲ
1881 5280 1982 5335 αύ-

393 5372 497 5443 τὴν
529 5375 586 5427 ὲν
630 5373 842 5445 ἀγωνία
881 5374 1049 5446 πολλῇ
1081 5375 1175 5429 καὶ
1221 5369 1506 5446 ἀμηχανία
1551 5376 1839 5443 γεγονυῖαν
1886 5372 1984 5427 καὶ

398 5464 710 5533 ίὸρωκέναι.
757 5466 1041 5522 Ἐντεῦθεν
1078 5467 1144 5540 δὴ
1182 5465 1326 5522 κατὰ
1363 5465 1462 5536 τὴν
1506 5464 1764 5519 ὑπόθεσιν
1802 5463 1984 5518 αὐτῶν

2160 3089 2324 3146 xva.
2362 3090 2502 3158 Quid
2538 3099 2649 3145 tum
2696 3088 2859 3144 inde?
2884 3086 3147 3144 Maximus
3174 3084 3432 3156 deinceps
3459 3086 3532 3142 ini
3563 3095 3673 3143 trt-

2090 3184 2298 3255 goedias
2339 3183 2576 3249 saciunt;
2610 3197 2674 3236 ac
2713 3197 2813 3253 pro
2866 3196 2969 3235 suu
3002 3180 3236 3251 quisque
3282 3179 3459 3249 capite
3510 3179 3669 3236 aliter

2090 3288 2253 3349 atquc
2284 3279 2442 3333 aliter
2467 3290 2681 3331 summa
2716 3290 2840 3329 cum
2869 3272 3181 3342 arrogantia
3214 3271 3456 3340 disputat
3487 3292 3501 3326 ε
3531 3286 3672 3342 qua-

2088 3381 2214 3421 nam
2249 3381 2313 3420 ex
2344 3362 2771 3434 perturbatione,
2804 3370 2898 3414 ant
2921 3376 2984 3415 ex
3015 3373 3251 3428 quonam
3280 3359 3548 3415 elemento
3578 3375 3672 3415 na-

2089 3464 2211 3510 tura
2247 3455 2584 3526 profluxerit.
2618 3452 2863 3519 Quorum
2889 3451 3021 3506 mihi
3052 3450 3245 3505 merito
3269 3450 3524 3505 videntur
3555 3467 3666 3507 non

2088 3548 2264 3618 palam
2294 3547 2551 3602 omnibus
2580 3544 2925 3613 disciplinam
2978 3542 3114 3596 velle
3152 3542 3495 3596 committere
3526 3560 3539 3596 z
3572 3543 3668 3598 sed

2089 3638 2157 3694 iis
2209 3638 2408 3701 solum,
2459 3637 2553 3707 qui
2610 3634 2941 3690 luculentam
2996 3635 3300 3688 mercedem
3351 3648 3449 3702 pro
3499 3634 3669 3690 tantis

2088 3728 2368 3799 mysteriis
2426 3733 2817 3795 repraesentare
2852 3721 3082 3793 possint.
3136 3718 3324 3790 Neque
3370 3720 3518 3775 enim
3563 3722 3670 3777 ista

2088 3833 2277 3874 eorum
2314 3816 2515 3872 similia
2556 3823 2707 3881 sunt,
2757 3813 2827 3870 de
2881 3813 3082 3884 quibus
3120 3827 3151 3865 a
3191 3810 3421 3868 Domino
3460 3812 3669 3869 dictum

2089 3919 2219 3967 est:
2262 3907 2443 3963 Gratis
2484 3908 2787 3976 accepistis,
2835 3910 3004 3977 gratis
3050 3904 3252 3961 dclv:
3283 3905 3377 3961 sed
3410 3906 3480 3960 ab
3517 3907 3666 3964 omni

2090 4011 2299 4055 remota
2334 4014 2522 4064 sensu,
2562 4014 2625 4053 ac
2668 3998 3003 4071 prodigiosa,
3039 3997 3423 4069 profundaque
3462 4011 3667 4051 arcana

2089 4089 2184 4144 illa
2214 4097 2363 4154 sunt,
2398 4104 2522 4160 quae
2544 4104 2574 4142 a
2607 4087 2862 4145 salsitatis
2887 4088 3226 4143 amatoribus
3257 4101 3454 4158 magno
3482 4086 3668 4143 labore

2089 4191 2500 4253 comparantur.
2534 4181 2667 4248 Quis
2699 4182 2843 4237 enim
2870 4195 2978 4235 non
3006 4180 3189 4237 omnia
3212 4180 3356 4236 bona
3378 4195 3478 4236 sua
3501 4178 3668 4236 liben-

2090 4283 2173 4330 ter
2214 4276 2269 4329 in
2299 4276 2434 4330 illud
2462 4275 2759 4346 impendat,
2789 4282 2848 4329 ut
2886 4272 3080 4336 discat,
3115 4270 3572 4343 quemadmodum
3600 4286 3668 4328 ex

2090 4363 2486 4436 Enthymeseos
2514 4364 2790 4435 lacrymis,
2831 4362 3032 4426 affecti,
3080 4362 3324 4431 inquam,
3365 4362 3511 4417 illius
3536 4359 3663 4416 AEo-

2090 4458 2200 4520 nis,
2245 4457 2438 4521 maria,
2484 4457 2663 4512 fontes
2703 4470 2768 4509 ac
2821 4453 3069 4518 flumina,
3131 4452 3437 4525 humorque
3487 4455 3668 4511 omnis

2091 4549 2398 4605 effluxerit:
2433 4548 2794 4616 similiterque
2821 4553 2874 4600 ct
2904 4561 2970 4601 ex
3000 4546 3112 4600 risu
3143 4546 3360 4620 lumen;
3387 4553 3442 4601 et
3467 4561 3533 4601 ex
3559 4552 3664 4600 stn-

2092 4655 2224 4712 pore
2261 4653 2326 4692 ac
2367 4638 2567 4693 mentis
2620 4637 2801 4708 inopia
2854 4651 3118 4707 corporea
3170 4636 3360 4690 mundi
3402 4637 3665 4691 elementa

2094 4729 2337 4801 prosecta
2366 4727 2511 4783 sint?
2539 4725 2700 4798 184
2727 4724 2862 4781 Volo
2891 4726 3143 4797 equidcm
3174 4725 3422 4780 nonnihil
3450 4726 3665 4780 illorum

2093 4818 2330 4877 inventis
2375 4834 2472 4889 pro
2502 4819 2653 4874 virili·
2689 4816 2961 4874 conferre.
3013 4816 3281 4883 Quoniam
3310 4815 3453 4870 enim
3499 4828 3664 4886 aqua·

2090 4930 2212 4969 rum
2245 4914 2434 4969 dulces
2459 4914 2596 4968 alias
2642 4912 2823 4978 video,
2865 4918 3053 4982 utpote
3103 4907 3284 4964 sontes
3328 4916 3382 4963 et
3419 4905 3664 4972 flumina,

2090 5006 2323 5077 pluvias»,
2355 5015 2407 5060 et
2436 5006 2489 5059 id
2520 5020 2692 5076 genus
2723 5004 2993 5074 reliquas;
3026 5002 3185 5065 alias,
3228 5000 3373 5055 velut
3401 4999 3662 5066 marinas,

2089 5098 2288 5160 salsas,
2316 5097 2571 5168 suspicor
2603 5110 2711 5151 non
2751 5111 2820 5151 ex
2862 5094 2983 5165 cius
3029 5093 3291 5165 lacrymis
3321 5106 3511 5146 omnes
3538 5106 3663 5147 eru-

2089 5188 2259 5258 pisse,
2288 5188 2433 5258 quod
2468 5196 2660 5241 natura
2692 5186 2850 5241 salsae
2879 5186 2989 5238 sint
3027 5184 3298 5253 lacrymae,
3333 5181 3664 5250 proindeque

2090 5280 2268 5335 salsas
2290 5277 2555 5333 duntaxat
2578 5292 2750 5349 aquas
2772 5292 2836 5332 ex
2862 5277 2983 5345 ejus
3012 5273 3268 5344 lacrymis
3299 5279 3492 5325 enatas
3516 5284 3661 5326 esse.

2088 5370 2225 5426 Cum
2252 5370 2470 5426 interim
2506 5378 2933 5425 consentaneum
2966 5365 3057 5429 sit,
3083 5362 3328 5418 eamdem
3360 5361 3661 5418 vehementi

2089 5462 2258 5518 animi
2295 5477 2501 5532 angore
2552 5458 2866 5524 acconsilii
2909 5457 3092 5528 inopia
3127 5456 3409 5526 praeditam
3462 5451 3663 5509 sudore

478 5620 493 5647 ⁸
526 5620 590 5674 ir.
622 5624 889 5692 ἀγνοοῦσα
914 5625 970 5678 δὲ
1007 5624 1077 5677 τὰ
1102 5622 1302 5690 πάντα,
1332 5622 1392 5675 ού
1417 5619 1541 5675 καθ.
1620 5622 1641 5651 ²
1666 5619 1798 5677 Post
1828 5619 2232 5693 ζωοποιὴσαντα
2264 5617 2727 5691 distinguendum.
2803 5616 2825 5648 ⁸
2856 5614 3001 5671 lren.
3031 5615 3124 5669 καί
3143 5614 3340 5668 πᾶσαν.
3417 5609 3438 5640 ⁸
3464 5607 3652 5663 Matth-

404 5706 459 5753 x,
492 5694 543 5743 S.

475 5844 587 5912 (79)
629 5845 801 5897 Ὅθεν
848 5843 909 5895 τὸ
968 5840 1095 5897 Ἰαὼ
1135 5842 1336 5913 Brona.
1385 5842 1556 5907 Quem
1592 5838 1846 5896 Liberum
1891 5849 2126 5914 patrem,
2161 5848 2215 5899 et
2282 5841 2465 5901 Solem
2523 5846 2725 5903 ctlmici
2764 5846 3062 5918 scriptores
3123 5840 3483 5914 appellarunt.
3519 5831 3655 5909 (iia-

402 5915 557 5974 ctoln.
595 5915 687 5970 lib.
720 5932 756 5985 ι,
794 5928 915 5985 cap.
951 5915 1059 5981 w.)
