3850 6517
365 468 464 525 Ἰοῖ)

358 677 540 732 πίστει
565 672 662 727 καὶΙ
691 673 752 725 ὲν
779 674 850 743 τῇ
877 668 1097 739 γνώσει,
1122 670 1216 723 καὶ
1250 671 1311 725 έν
1342 669 1537 736 ἐλπίδι,
1565 672 1662 724 καὶ
1692 671 1952 725 διδασκα-

362 768 477 824 λία.

430 859 491 913 1⁹.
524 855 928 927 Παραθησομαι
949 852 1004 907 δὲ
1021 853 1118 907 καὶΙ
1152 853 1220 925 ἢν
1240 854 1596 927 ἐποιησάμην
1628 855 1752 910 κατ’
1780 851 1949 917 αὐτοῦ

361 947 770 1021 πραγματείαν,
822 945 954 1016 πρὶν
994 945 1091 999 τοῦ
1131 944 1343 1018 ταύτην
1390 964 1494 1018 μου
1538 947 1639 1019 τὴν
1696 946 1951 1013 σύνταξιν

361 1037 755 1093 ἐσπουδακέναι
783 1034 870 1089 διὰ
895 1035 998 1105 τῆς
1027 1035 1185 1107 ὑμῶν
1207 1035 1320 1090 τῶν
1350 1036 1599 1108 ἀδελφῶν
1632 1040 1954 1111 προτροπῆς

361 1127 709 1201 ποιήσασθαι.
726 1125 861 1179 Ἀπὸ
873 1125 1011 1180 ἐτῶν
1040 1126 1243 1181 ἱκανῶν
1266 1128 1571 1200 ἀνερευνῶν
1588 1127 1607 1160 ¹
1632 1129 1734 1201 τὴν
1756 1130 1951 1183 τούτου

360 1220 456 1275 τοῦ
490 1218 816 1291 Μαρκίωνος
839 1217 1272 1290 ἐπινινοημένην
1314 1219 1683 1293 ψιυδηγορίαν
1717 1219 1816 1274 καὶ
1860 1220 1954 1292 λη·

369 1312 509 1385 ρώδη
534 1310 900 1378 διδασκαλίαν,
928 1309 1102 1374 αὐτὰς
1137 1309 1204 1381 δὴ
1250 1310 1353 1376 τὰς
1399 1311 1494 1366 τοῦ
1546 1310 1948 1384 προειρημένα.»

369 1405 606 1477 βίδλους,
638 1403 708 1468 ἃς
735 1403 999 1477 κέκτηται
1023 1402 1166 1474 μετὰ
1191 1405 1378 1476 χεῖρας
1409 1403 1611 1471 λαόὼν,
1643 1405 1706 1457 τό
1725 1420 1785 1458 τε
1816 1406 1949 1474 παρ’

366 1496 546 1550 αὐτῶν
573 1494 867 1565 λεγόμενον
894 1494 1229 1565 Εὐαγγέλιον
1253 1495 1350 1549 καὶ
1373 1494 1730 1550 άποστολικὸν
1759 1493 1952 1548 καλού-

372 1605 532 1659 μενον
571 1587 705 1657 παρ’
731 1584 899 1658 αὐτῷ,
927 1584 1369 1658 ἕξανθισάμενος,
1414 1587 1509 1641 καὶ
1553 1585 1949 1657 ἀναλεξάμενος

368 1679 489 1732 καθ’
514 1677 712 1750 εἱρμὸν
742 1677 853 1731 ἀπὸ
887 1676 999 1731 τῶν
1041 1677 1456 1749 προειρημένων
1500 1679 1594 1733 δύο
1627 1678 1847 1749 βιὸλίων
1878 1675 1949 1730 τά

367 1769 585 1839 ἐλέγξαι
607 1768 771 1823 αὐτὸν
786 1766 1085 1840 δυνάμενα,
1116 1767 1334 1838 ὲδάφιόν
1360 1786 1416 1823 τι
1441 1769 1748 1835 συντάξεως
1771 1772 1952 1840 ἐποιη-

372 1861 571 1932 σάμην,
603 1857 912 1923 ἀκολούθως
952 1858 1119 1924 τάξας
1154 1859 1450 1930 κεφάλαια,
1500 1862 1595 1916 καὶ
1636 1860 1949 1933 ἐπιγράψας

1053 461 1431 525 ADVERSUS
1468 461 1811 523 HAERESES
1845 464 1975 523 LlB.
2019 464 2060 521 l.
2100 464 2266 523 Tou.
2304 461 2392 520 lll.
2431 494 2503 508 —
2531 462 2806 524 nAERES.
2832 465 2994 523 xLu.

361 583 606 655 cun-{1922
634 581 731 635 zai.
755 578 888 648 ἅγια
917 577 1014 633 zai.
1040 580 1107 632 ἐκ
1128 578 1263 633 Θεοῦ
1293 580 1693 651 ὶστηριγμένα,
1723 580 1783 637 ἐν
1802 598 1863 634 τε
1887 582 1955 651 τῇ
1988 586 2031 643 Α
2061 579 2370 650 profitetur,
2402 579 2669 634 salutaria
2698 580 2791 634 illa
2819 581 3063 652 quidem,
3092 595 3158 637 ac
3199 588 3421 648 sancta,
3439 581 3645 656 Deique
3714 638 3727 644 ,

3525 468 3636 530 'tto

2056 670 2385 725 auctoritate
2415 669 2694 732 roborata,
2737 685 2859 741 quae
2889 672 3167 726 communi
3201 671 3337 739 lide,
3372 675 3641 740 scientia,

2062 775 2182 831 spe.
2210 761 2571 830 doctrinaque
2595 761 3029 832 comprehendit.

2125 852 2193 909 X.
2240 853 2396 911 Libet
2421 870 2552 910 vero
2579 855 3002 926 disputationem
3037 855 3331 927 quamdam
3359 855 3453 912 hic
3484 855 3636 911 inse·

2053 962 2207 1011 rere.
2247 961 2409 1016 quam
2451 945 2716 1002 adversus
2765 947 3081 1002 haereticum
3125 948 3295 1004 istum
3347 948 3641 1003 elucubra-

2051 1052 2271 1101 veram‚
2302 1043 2596 1107 antequam
2626 1051 2767 1107 opus
2798 1036 2945 1093 istud
2989 1037 3212 1093 hortatu
3245 1046 3430 1093 vestro
3457 1037 3639 1094 susci·

2054 1142 2260 1197 perem.
2307 1126 2441 1182 Nam
2495 1141 2623 1181 cum
2663 1127 2852 1183 multis
2889 1127 3090 1183 abhinc
3143 1128 3305 1184 annis
3345 1126 3641 1184 Marcionis

2051 1219 2217 1290 liujus
2240 1217 2647 1275 commentitias
2674 1218 2909 1283 fabulas,
2931 1229 2988 1274 et
3016 1219 3341 1274 inanissima
3374 1218 3632 1290 dogmata

2050 1316 2430 1382 perscrutatus
2471 1324 2651 1367 essem
2674 1349 2692 1374 ,
2725 1325 2974 1382 quosque
3007 1311 3097 1366 ille
3125 1311 3297 1367 libros
3333 1325 3435 1381 pro
3464 1323 3637 1367 cano»

2051 1403 2190 1458 nicis
2239 1400 2596 1472 comprobat;
2633 1408 2764 1473 puta
2806 1401 3166 1473 Evangelinm
3212 1402 3359 1471 qnod
3405 1402 3509 1472 ipsi
3544 1415 3642 1457 vo·

2048 1499 2217 1555 cant.
2242 1499 2298 1547 et
2329 1490 2695 1563 apostolicum
2742 1491 2812 1546 ab
2849 1490 3040 1546 iisdem
3093 1491 3435 1545 nominatum
3489 1482 3640 1546 ev‘ol-

2048 1597 2205 1648 vens,
2241 1582 2530 1639 selectiora
2562 1581 2692 1637 inde
2725 1581 2986 1636 nonnulla
3009 1622 3024 1647 ,
3059 1597 3182 1652 quae
3206 1582 3271 1637 ad
3304 1582 3457 1635 illum
3488 1580 3640 1635 rel'n-

2049 1673 2274 1730 tandum
2312 1674 2618 1745 pertinent,
2667 1674 2984 1729 continuata
3017 1674 3158 1729 serie
3202 1672 3639 1744 decerpsissem,

2048 1765 2324 1823 uberioris
2373 1764 2660 1835 cujusdam
2711 1766 2894 1835 operis
2943 1765 3299 1821 fundamenta
3336 1764 3542 1834 posui;
3575 1777 3641 1817 ac

2050 1858 2390 1928 singulorum
2428 1856 2669 1928 capitum
2712 1854 2959 1912 ordinem
2997 1855 3071 1909 ita
3103 1854 3395 1919 distribui,
3421 1861 3482 1907 ut
3516 1854 3640 1908 uni·

368 1952 569 2026 ἑκάστῃ
600 1951 759 2024 ῥήσει
781 1948 1022 2024 πρώτην,
1054 1950 1345 2023 δευτέραν,
1379 1952 1604 2025 τρίτην·
1647 1954 1743 2008 καὶ
1777 1951 1950 2015 οὕτως
1980 1947 2024 2002 Β
2051 1948 2250 2018 cuique
2291 1947 2610 2010 sententiae,
2663 1947 2870 2015 prima.
2919 1946 3192 2012 secunda,
3225 1945 3424 2007 tertia.
3456 1959 3522 1999 ae
3558 1944 3640 2000 sic

367 2043 467 2108 ἓως
506 2043 695 2107 τέλους
732 2041 1029 2113 διεξῆλθον,
1058 2043 1120 2096 ὲν
1159 2038 1245 2109 οἷς
1287 2045 1540 2114 φαίνεται
1566 2044 1792 2115 ἠλιθίως
1818 2041 1943 2097 καθ’

367 2132 553 2188 ἑαυτοῦ
586 2133 680 2187 ἐπὶ
709 2131 911 2197 ταύτας
947 2133 1048 2198 τὰς
1097 2136 1519 2207 παραμεινάσας
1556 2134 1651 2189 τοῦ
1679 2151 1741 2188 τε
1767 2133 1946 2202 Σωτῆ-

367 2242 456 2298 ρος
478 2225 575 2279 καὶ
610 2221 1043 2279 τοῦἈποστόλου
1070 2224 1247 2291 λέξεις
1271 2226 1580 2297 φυλάττων.
1608 2227 1677 2280 Δί
1710 2226 1812 2296 μὲν
1831 2225 1943 2297 γὰρ

366 2313 539 2368 αὐτῶν
566 2312 1032 2384 παρηλλαγμένως
1067 2314 1161 2367 ὑπ’
1178 2315 1348 2369 αὐτοῦ
1376 2313 1944 2387 ὲῤῥαδιουργήθησαν,

364 2407 458 2460 καὶ
486 2404 562 2467 ὡς
590 2405 690 2455 οὐκ
718 2400 831 2473 εϊχε
861 2404 943 2474 τῷ
976 2404 1118 2458 κατὰ
1148 2406 1364 2461 Δουκᾶν
1401 2406 1725 2478 Εὐαγγελίῳ
1750 2406 1814 2459 τὸ
1848 2405 1946 2459 άν-

369 2492 650 2561 τίγραφον,
678 2489 800 2544 οὔτε
828 2492 864 2563 ὴ
888 2492 984 2545 τοῦ
1008 2494 1367 2549 άποστολικοῦ
1393 2498 1743 2568 χαρακτῆρος
1767 2495 1946 2567 ἔμφα-

371 2597 482 2644 σις·
511 2579 647 2636 άλλα
670 2581 729 2636 δὲ
757 2580 920 2651 φύσει
943 2581 1020 2647 ὡς
1046 2582 1160 2655 ἔχει
1196 2585 1293 2639 καὶΙ
1333 2585 1396 2640 τὸ
1424 2587 1759 2658 Εὐαγγέλιον
1786 2587 1879 2642 καὶ
1910 2587 1944 2640 ὁ

382 2671 717 2737 Ἀπόστολος,
753 2671 831 2744 μὴ
879 2673 1190 2742 ἀλλαγέντα
1232 2676 1327 2729 ὑπ’
1360 2678 1548 2743 αὐτοῦ,
1590 2678 1863 2751 δυνάμενα
1886 2677 1945 2732 δὲ

365 2763 530 2817 αὐτὸν
562 2762 880 2834 διελέγχειν,
927 2761 997 2817 δι’
1023 2758 1100 2820 ὢν
1125 2764 1400 2822 δείκνυται
1444 2768 1658 2824 Παλαιὰ
1700 2770 1944 2843 Διαθηκη

248 2877 260 2886 ·
369 2853 729 2925 συμφωνοῦσα
775 2854 915 2926 πρὸς
931 2853 1040 2927 τὴν
1067 2855 1238 2925 Νέαν,
1271 2857 1369 2913 καὶΙ
1395 2859 1430 2930 ἠ
1457 2860 1634 2932 Καινὴ
1676 2860 1814 2934 πρὸς
1844 2863 1946 2935 τὴν

366 2945 609 3000 Παλαιὰν
641 2945 1134 3019 Διαθήκην.”Δλλαι
1159 2947 1219 3004 δὲ
1246 2949 1411 3004 πάλιν
1438 2950 1615 3017 λέξεις
1634 2952 1745 3006 τῶν
1763 2953 1945 3008 αὐτῶν

364 3033 591 3107 βιὸλίων
622 3035 979 3108 ύποφαίνουσι
1024 3037 1261 3110 Χριστὸν
1312 3040 1372 3094 ὲν
1412 3040 1577 3114 σαρκὶ
1600 3040 1942 3112 ἐληλυθέναι,

362 3126 459 3182 καὶ
482 3125 543 3179 ὲν
565 3125 702 3198 ἡμῖν
723 3123 946 3191 τελείως
973 3128 1476 3202 ὲνηνθρωπηκέναι.
1493 3130 1654 3186 Ἀλλὰ
1671 3132 1767 3187 καὶ
1785 3132 1945 3189 άλλαι

362 3214 527 3272 πάλιν
557 3215 920 3287 ὀμολογοῦσαι
962 3217 1061 3290 τὴν
1098 3218 1209 3274 τῶν
1252 3220 1465 3293 νεκρῶν
1492 3222 1809 3289 ἀνάστασιν,
1845 3224 1945 3279 καὶ

2051 2040 2310 2108 deinceps
2339 2038 2753 2107 praescriberem
2787 2045 2883 2092 :et
2907 2038 2974 2092 ad
3014 2036 3174 2093 linem
3212 2051 3388 2106 usque
3422 2035 3638 2108 singula

2055 2138 2343 2197 notarem,
2387 2130 2443 2185 in
2474 2129 2676 2200 quibus
2726 2129 2862 2187 istas
2902 2128 3204 2185 salvatoris
3246 2134 3342 2183 ant
3390 2127 3638 2198 Apostoli

2051 2223 2355 2279 sententias
2380 2229 2572 2277 contra
2616 2236 2677 2278 se
2712 2220 2928 2278 videtur
2959 2220 3288 2278 stultissime
3314 2219 3632 2275 retinuisse.
3743 2251 3752 2262 ·

2050 2311 2307 2377 Quaedam
2340 2312 2489 2367 enim
2524 2326 2591 2367 ex
2624 2312 2750 2370 illis
2797 2312 2868 2369 ab
2895 2327 2962 2368 eo
2998 2317 3348 2368 commutata
3377 2309 3640 2381 deprava·

2051 2410 2228 2474 taeque
2262 2411 2423 2467 sunt;
2466 2402 2625 2472 311
2666 2418 2776 2457 non
2806 2417 2869 2457 ea
2912 2401 3016 2457 nde
3051 2408 3456 2473 repraesentatae
3477 2442 3493 2467 ‚
3527 2415 3639 2472 qua

2054 2481 2150 2552 aut
2193 2496 2250 2549 in
2292 2492 2573 2564 Evangelii
2630 2490 2929 2549 secundum
2981 2490 3183 2547 Lucam
3231 2491 3639 2562 exemplaribus

2052 2588 2329 2659 leguntur,
2368 2593 2462 2641 aut
2508 2584 2843 2656 apostolicus
2892 2582 3011 2654 ipse
3056 2584 3233 2654 st5lus
3265 2597 3380 2652 prae
3411 2598 3470 2637 se
3494 2580 3640 2639 serre

2050 2679 2322 2735 videatur.
2355 2677 2509 2731 Alias
2559 2676 2802 2743 integras
2853 2680 2908 2729 et
2961 2674 3312 2743 incorruptas
3365 2672 3634 2743 reliquit;

2052 2766 2364 2842 cujusmodi
2407 2767 2626 2822 sincero
2654 2765 2709 2820 in
2736 2763 3031 2835 Evangelio
3072 2771 3127 2818 et
3172 2764 3436 2835 Apostolo
3479 2778 3640 2835 repe-

2052 2863 2309 2926 riuntur;
2340 2867 2408 2916 ex
2455 2858 2658 2929 quibus
2696 2855 2848 2911 illius
2883 2855 3138 2910 convinci
3171 2854 3456 2910 mendacia
3508 2869 3637 2925 pos-

2052 2960 2216 3016 sunt;
2253 2956 2441 3020 utpote
2473 2961 2597 3019 quae
2624 2943 2839 3001 Veteris
2893 2942 3227 3001 Testamenti
3275 2959 3400 2999 cum
3442 2942 3634 3008 Novo.
3678 2923 3699 2944 ⁰

2052 3042 2220 3113 hujus
2261 3039 2506 3095 vicissim
2543 3053 2668 3095 cum
2696 3036 2793 3092 illo
2821 3036 3241 3092 consensionem
3288 3050 3354 3090 ac
3403 3049 3636 3090 concor-

2052 3133 2198 3188 diam
2248 3131 2549 3187 declarant.
2606 3128 2798 3184 lnsunt
2835 3127 2893 3181 in
2942 3126 3030 3183 his
3073 3125 3231 3182 libris
3259 3131 3314 3181 et
3344 3125 3448 3180 alia
3480 3126 3633 3191 loca,

2053 3222 2254 3291 quibus
2269 3226 2550 3291 assumpta
2570 3232 2736 3274 carne
2760 3217 2979 3273 venisse
2990 3216 3269 3272 Christum
3289 3215 3632 3293 ostendatur,

362 3304 457 3361 τὸν
497 3306 632 3361 Θεὸν
675 3308 776 3364 ἕνα
819 3307 953 3363 ὄντα
990 3306 1198 3379 Κύριον
1240 3309 1459 3366 πάντων
1504 3314 1944 3389 παντοκράτορα,
1971 3294 2015 3352 c
2050 3327 2116 3368 ac
2146 3310 2444 3382 perlectum
2488 3310 2632 3365 inter
2660 3323 2763 3364 nos
2793 3307 3069 3361 hominem
3107 3306 3281 3361 fuisse
3327 3315 3627 3361 versatum.

362 3396 530 3451 αὑτὸν
561 3398 784 3472 ποιητὴν
813 3398 1046 3472 ούρανοῦ
1070 3401 1168 3455 καὶ
1190 3401 1315 3473 γῆς,
1342 3403 1440 3457 καὶ
1464 3403 1683 3459 πάντων
1711 3405 1823 3461 τῶν
1854 3406 1950 3461 ἐπὶ

366 3487 474 3562 γῆς
531 3487 837 3562 γενομένων
860 3529 879 3556 ,
932 3492 1027 3545 καὶ
1078 3490 1206 3546 οὔτε
1269 3496 1796 3568 παραχαράσσουσαι
1850 3497 1949 3552 τοῦ

363 3573 697 3647 Εύογγελίου
745 3577 846 3653 τὴν
892 3578 1108 3654 κλῆσιν,
1147 3580 1274 3636 οὔτε
1321 3586 1431 3658 μὴν
1477 3585 1808 3661 άρνούμεναι
1855 3588 1952 3642 τὸν

362 3669 595 3743 ποιητὴν
619 3671 713 3725 καὶ
741 3672 1074 3744 δημιουργὸν
1116 3673 1227 3727 τῶν
1260 3676 1500 3740 πάντων,
1533 3676 1669 3733 ἀλλὰ
1692 3677 1952 3749 δηλοῦσαι

361 3760 455 3815 τὸν
498 3761 684 3830 σαφῶς
713 3760 1138 3831 ὡμολογημένον
1186 3763 1294 3815 ὑπὸ
1336 3766 1433 3818 τοῦ
1478 3770 1824 3842 χαρακτῆρος
1853 3771 1951 3826 τοῦ

362 3850 723 3906 ἀποστολικοῦ
764 3849 860 3901 καὶ
891 3850 986 3901 τοῦ
1034 3849 1395 3919 εὐαγγελικοῦ
1420 3854 1794 3928 κηρύγματος.
1839 3862 1954 3919 Καὶ

366 3942 486 3995 ἐστι
512 3939 582 3993 τὰ
605 3941 736 4011 ἡμῖν
764 3941 1316 4013 πεπραγματευμένα
1346 3944 1405 3997 ὲν
1429 3945 1809 4021 ὑποκειμένοις
1836 3971 1950 4009 m-

371 4031 727 4105 ρατιθέμενα,
760 4028 919 4085 ἅτινά
946 4031 1065 4085 ἐστι
1094 4033 1246 4089 τάδε.

459 4310 776 4382 Προοίμιον
795 4300 907 4383 τῆς
929 4312 1063 4402 περὶ
1086 4315 1206 4371 τῶν
1229 4318 1581 4389 Μαρκίωνος
1596 4323 1858 4389 βιὸλίων

721 4382 1063 4453 ὑποθέσεως
1086 4401 1154 4440 τε
1186 4387 1288 4442 καὶ
1309 4389 1585 4460 ἐλέγχου.

439 4495 539 4550 w.
575 4495 727 4567 Ὅτῳ
755 4497 907 4566 φίλον
942 4499 1060 4552 ἐστὶ
1099 4498 1202 4564 τὰς
1233 4502 1328 4555 τοῦ
1367 4503 1649 4577 ἀπατηλοῦ
1680 4508 1946 4583 Μαρκίω-

2053 3401 2334 3458 Accedunt
2367 3416 2433 3456 ea
2463 3413 2712 3471 quoque,
2739 3397 2944 3468 quibus
2993 3402 3335 3451 mortuorum
3366 3394 3636 3465 praedica-

2055 3501 2146 3549 tur
2187 3491 2478 3557 excitatio;
2528 3488 2782 3559 idemque
2823 3484 2969 3543 Deus
3013 3494 3069 3540 et
3108 3485 3490 3540 universorum
3524 3481 3630 3538 Do—

2054 3584 2236 3639 minus
2256 3581 2634 3652 omnipotens,
2658 3579 2786 3638 coeli
2818 3593 2883 3634 ac
2915 3585 3108 3644 terra,
3138 3579 3489 3647 omniumque
3513 3588 3635 3645 qun

2054 3687 2182 3735 sunt
2213 3678 2270 3733 in
2315 3686 2459 3733 terra
2495 3676 2748 3731 conditor
2778 3672 3114 3743 perhibetur.
3160 3671 3294 3736 Quae
3327 3684 3429 3724 nec
3459 3683 3634 3723 evan·

2052 3769 2278 3843 gelicam
2316 3768 2658 3823 vocationem
2695 3762 3040 3828 adulterant,
3063 3775 3165 3816 nec
3202 3760 3374 3816 totius
3408 3759 3634 3815 univer-

2052 3858 2234 3916 sitatis
2275 3863 2556 3912 auctorem
2586 3868 2650 3910 ac
2680 3856 2987 3910 molitorem
3029 3854 3330 3924 abnegant;
3356 3852 3451 3909 sed
3479 3867 3636 3908 eum-

2052 3952 2175 4008 dem
2203 3950 2382 4020 ipsum
2419 3945 2666 4003 referunt
2692 3987 2709 4012 ,
2733 3946 2950 4016 qualem
2979 3953 3033 3999 et
3063 3944 3396 4015 apostolicus
3424 3944 3634 4015 stylus,

2052 4052 2107 4100 et
2137 4040 2451 4112 evangelica
2470 4038 2784 4110 praedicatio
2804 4035 3109 4110 profitetur.
3133 4035 3265 4103 Quae
3293 4036 3456 4108 igitur
3483 4036 3635 4092 hunc

2051 4134 2109 4188 in
2137 4130 2359 4188 modum
2408 4127 2813 4186 elaboravimus
2849 4125 2967 4181 suis
3013 4127 3348 4199 argumentis
3384 4124 3629 4198 digesta.

2054 4226 2314 4296 deinceps
2347 4220 2700 4294 proponenda
2724 4226 2875 4275 sunt.

2127 4339 2209 4396 De
2256 4336 2548 4394 Marcionis
2588 4336 2740 4392 libris
2776 4335 3048 4416 opusculi,
3076 4334 3186 4389 siue
3220 4332 3559 4402 refutationis

2681 4421 3011 4475 prooemtttm.

2123 4516 2218 4576 xl.
2244 4517 2305 4573 Si
2330 4518 2457 4588 quis
2485 4515 2795 4577 adulterina
2822 4514 3113 4572 Marcionis
3137 4516 3357 4572 inventa
3384 4527 3631 4585 compre·

366 4606 458 4654 νος
484 4589 670 4654 νόθους
705 4590 947 4658 ἐπινοίας
972 4591 1258 4662 ἀκριδοῦν,
1298 4596 1396 4650 καὶ
1433 4598 1535 4663 τὰς
1583 4600 1947 4669 ἐπιπλάστους
1976 4631 2022 4688 0
2052 4610 2292 4666 bendere
2321 4607 2541 4679 penitus
2570 4606 2792 4671 studet,
2824 4620 2890 4661 ac
2920 4605 3148 4675 pecudis
3180 4606 3330 4659 illius
3355 4604 3630 4659 versutias

366 4680 463 4736 τοῦ
491 4679 656 4734 αὐτοῦ
690 4679 1033 4753 βοτκηματος
1064 4684 1315 4753 μηχανὰς
1343 4686 1725 4756 διαγινώσκειν
1749 4694 1946 4765 τουτῳῒ

370 4772 447 4843 τῷ
474 4772 883 4845 συλλελεγμένῳ
910 4776 1185 4847 πονήματι
1216 4777 1460 4847 ἐντυχεῖν
1488 4780 1564 4851 μὴ
1592 4786 1943 4842 κατοκνείτω.

387 4862 477 4916 Ἐκ
509 4862 619 4934 γὰρ
658 4861 753 4916 τοῦ
791 4864 921 4934 παρ’
944 4863 1111 4919 αὐτοῦ
1137 4866 1471 4936 Εὐαγγελίου
1495 4868 1565 4924 τὰ
1593 4871 1729 4943 πρὸς
1760 4872 1947 4947 ἀντίρ-

370 4956 527 5027 ρησιν
556 4952 656 5024 τῆς
687 4952 993 5025 πανούργου
1020 4955 1189 5011 αὐτοῦ
1226 4957 1575 5030 ῥᾳδιουργίας
1608 4962 1947 5018 σπουδάσαν-

366 5062 459 5109 τες
492 5043 872 5117 παρεθέμεθα·
921 5045 989 5099 ἶν’
1016 5047 1066 5100 ol
1114 5046 1195 5118 τῷ
1237 5048 1516 5121 πονήματι
1556 5053 1798 5125 ἐντυχεῖν
1825 5054 1946 5109 {06-

369 5137 572 5202 λοντες,
590 5136 757 5209 ἔχωσι
775 5135 935 5192 τοῦτο
951 5139 1251 5211 γυμνάσιον
1281 5141 1539 5216 ὀξύτητος
1566 5144 1705 5218 πρὸς
1722 5145 1945 5218 ἔλεγχον

368 5228 477 5283 τῶν
506 5229 599 5283 ὑπ’
627 5227 794 5283 αὐτοῦ
819 5230 1254 5303 ὲπινενοημένων
1281 5232 1612 5302 ξενολεξιῶν.
1629 5237 1688 5291 ⁰0
1719 5238 1818 5309 μὲν
1834 5237 1948 5310 γὰρ

370 5320 653 5394 χαρακτὴρ
674 5319 770 5375 τοῦ
801 5321 946 5376 κατὰ
973 5322 1190 5378 Δουκᾶν
1216 5326 1478 5397 σημαίνει
1498 5325 1560 5379 τὸ
1583 5328 1942 5399 Εὐαγγέλιον·

367 5411 448 5475 ὼς
468 5410 527 5464 δὲ
549 5411 995 5485 ηκρωεηρίασται
1024 5415 1163 5486 μήτε
1198 5414 1377 5487 ἀρχὴν
1409 5415 1573 5486 ἔχων,
1604 5420 1745 5488 μήτε
1774 5420 1944 5491 μέσα,

371 5503 513 5574 μήτε
543 5499 713 5565 τέλος,
744 5501 958 5573 ίματίου
991 5502 1335 5575 βεδρωμένου
1370 5505 1476 5559 ὑπὸ
1506 5505 1720 5562 πολλῶν
1762 5509 1947 5582 σητῶν

366 5593 555 5663 ἐπέχει
582 5592 674 5647 τὸν
704 5594 922 5667 τρόπον.
948 5594 1125 5659 Εὐθὺς
1152 5597 1251 5666 μὲν
1283 5596 1393 5668 γὰρ
1419 5598 1480 5652 ὲν
1499 5600 1565 5669 τῇ
1594 5596 1745 5671 ἀρχῇ
1766 5600 1944 5656 πάνια

275 5699 286 5711 ·
365 5684 439 5739 τὰ
457 5682 554 5768 aa]
570 5682 746 5754 ἀρχῆς
769 5682 849 5753 τιῖ»
865 5683 1050 5755 Amne
1074 5687 1635 5759 πεπραγματευμένα,
1663 5690 1945 5745 τουτέστιν

439 5860 458 5895 ⁸
480 5858 611 5917 For.
638 5859 839 5916 ἱκανῶν
863 5859 987 5931 γάρ.

2049 4714 2242 4757 omnes
2267 4706 2324 4754 et
2357 4695 2589 4752 mincia
2621 4707 2976 4766 cognoscere.
3001 4691 3110 4748 hoc
3140 4692 3287 4762 quod
3315 4706 3346 4746 a
3379 4706 3470 4747 me
3489 4705 3628 4746 con-

2047 4792 2332 4849 cinnatum
2360 4801 2505 4859 opus
2550 4792 2638 4841 est
2681 4790 2990 4855 percurrat.
3035 4779 3171 4836 Nam
3201 4796 3267 4837 ex
3298 4779 3420 4851 ejus
3449 4779 3631 4835 Evan-

2047 4884 2189 4957 gelio
2215 4896 2337 4954 quae
2377 4888 2569 4936 contra
2603 4875 2955 4933 calliditatem
2988 4873 3164 4946 ipsius
3192 4872 3400 4930 scelere
3446 4869 3630 4941 impli-

2047 4984 2225 5030 catam
2274 4968 2478 5042 opponi
2523 4972 2730 5040 queant
2777 4965 3024 5022 studiose
3065 4964 3396 5037 selegimus,
3432 4968 3494 5017 ut
3529 4959 3628 5033 qui

2047 5069 2292 5118 nostram
2321 5060 2466 5114 nane
2524 5055 3055 5112 lucubratiunculam
3089 5056 3147 5112 in
3185 5070 3383 5111 manus
3409 5068 3629 5111 sumere

2047 5151 2351 5215 voluerint,
2379 5149 2437 5204 in
2467 5162 2534 5204 ea
2558 5146 2854 5218 quamdam
2877 5145 3149 5201 acuminis
3178 5146 3628 5203 exercitationem

2049 5241 2320 5306 habeant,
2353 5254 2464 5310 quo
2484 5239 2895 5310 peregrinarum
2929 5250 3122 5291 vocum
3160 5236 3230 5290 ab
3260 5235 3356 5290 illo
3385 5243 3630 5305 reperta-

2049 5347 2171 5389 rum
2220 5333 2516 5389 novitatem
2566 5330 2918 5400 redarguant.
2965 5327 3034 5382 Et
3076 5327 3297 5398 quidem
3327 5326 3629 5385 Marcionis

2051 5422 2143 5478 ille
2185 5422 2325 5476 liber
2363 5419 2717 5491 Evangelium
2745 5417 3049 5473 secundum
3090 5415 3294 5473 Lucam
3328 5419 3473 5490 stylo
3504 5419 3629 5488 ipso

2049 5513 2256 5569 referre
2283 5510 2517 5574 videtur,
2550 5516 2610 5564 ut
2638 5517 2820 5565 autem
2863 5508 2933 5563 ab
2955 5524 3022 5564 eo
3051 5509 3333 5565 mutilatus
3379 5517 3463 5565 est
3482 5547 3498 5569 .
3521 5508 3629 5565 ini·

2051 5605 2150 5666 tio,
2210 5601 2392 5658 medio
2428 5616 2492 5657 ac
2534 5600 2642 5655 llne
2667 5599 3000 5665 decurtatis,
3028 5600 3238 5656 corrosi
3272 5615 3304 5654 a
3332 5599 3496 5655 tineis
3523 5615 3627 5654 un·

2051 5692 2218 5766 dique
2258 5690 2567 5750 vestimenti
2597 5688 2911 5762 simillimus
2963 5698 3069 5748 est.
3102 5690 3339 5749 'Etenim
3379 5691 3450 5747 ab
3503 5701 3630 5761 ipso
