3850 6517
330 497 428 555 zu

1752 509 1810 564 S.
1851 510 2192 566 empna-Nu

3474 506 3585 566 5¹2

330 612 766 684 omnipotentem
787 615 876 670 iiie
907 613 1199 670 nominum
1225 633 1412 673 verunt
1438 635 1502 674 ac
1534 622 1713 676 solum
1741 621 1909 679 Deum
1942 637 1989 692 Α
2018 628 2224 690 ἐκεῖνος
2241 626 2591 698 ἀρνούμενος,
2612 629 2705 683 ἕνα
2732 627 2981 699 βούλεται
3009 628 3171 684 αὑτὸν
3200 632 3467 703 παριστᾷν
3490 630 3609 688 τῶν

333 719 436 761 nec
465 705 635 760 alium
672 707 1068 762 contumeliose
1099 715 1368 780 appetens
1405 711 1531 780 (nos
1563 714 1711 769 enim
1753 730 1911 770 eum-

331 796 457 852 dem
473 794 689 851 Domini
719 799 894 854 nostri
913 798 1043 856 Jesu
1063 798 1265 857 Christi
1287 801 1504 858 Patrem
1534 806 1906 875 confitemur„

332 889 771 961 hunc‚inqua1n‚
801 894 1103 965 abnegans,
1131 911 1297 950 unum
1326 914 1390 953 cx
1415 898 1483 954 iis
1503 914 1643 968 quos
1672 901 1910 971 appellat

333 985 543 1056 angelis
580 985 889 1051 constituit,
921 996 981 1042 ut
1021 998 1106 1044 est
1148 1005 1178 1044 a
1219 992 1378 1048 nobis
1407 1001 1716 1049 ostensum.
1768 992 1911 1064 Ergo

329 1073 552 1131 Judaeos
571 1076 773 1131 sortito
798 1077 874 1131 illi
899 1079 1197 1150 contigisse
1229 1080 1437 1136 tradit:
1471 1097 1633 1153 quem
1669 1090 1724 1138 et
1751 1083 1912 1154 longe

329 1167 564 1239 reliquis
613 1168 825 1239 angelis
873 1169 1304 1240 praesractlorem
1360 1188 1518 1239 esse,
1584 1189 1649 1230 ac
1707 1175 1909 1230 virium

333 1273 560 1317 suarum
589 1261 821 1316 audacia
852 1260 1053 1317 fretum
1084 1261 1365 1322 israelitas
1398 1281 1466 1321 ex
1499 1265 1743 1339 AEgypto
1772 1267 1910 1323 libe-

331 1364 508 1416 rasse.
559 1350 706 1422 quod
743 1352 960 1409 caeteris
1004 1353 1072 1409 ad
1123 1353 1437 1410 audendum
1482 1357 1747 1427 paratior,
1790 1372 1914 1428 per-

330 1441 684 1516 vicaciorque
743 1441 908 1499 i'oret.
969 1445 1150 1514 Atque
1220 1460 1288 1501 ex
1346 1446 1540 1503 eadem
1598 1449 1912 1520 arrogantia

334 1535 541 1590 sactum
576 1543 679 1600 est,
712 1537 791 1590 uti
832 1549 931 1606 per
969 1551 1241 1592 summam
1277 1537 1333 1593 in
1370 1537 1537 1594 Deum
1576 1539 1916 1595 maledicen-

332 1627 469 1681 tiam
502 1627 872 1698 praestigiator
903 1627 995 1683 ille
1040 1636 1252 1693 narrat,
1297 1629 1440 1686 idem
1485 1640 1545 1686 ut
1591 1630 1912 1687 Judaeorum

331 1717 475 1774 deus
515 1718 763 1788 reliquas
804 1719 1063 1775 nationes
1094 1719 1214 1776 suis
1260 1721 1395 1792 ipsis
1444 1721 1710 1778 israelitis
1751 1720 1916 1777 vellet

332 1811 630 1881 subjicere,
679 1827 912 1883 eamque
962 1813 1037 1868 ob
1089 1827 1314 1870 causam
1381 1814 1521 1870 bella
1587 1813 1913 1870 concitaret.

336 1902 478 1959 Sunt
502 1910 557 1959 et
583 1903 690 1958 alia
723 1903 884 1974 plura
906 1917 1030 1975 quae
1067 1905 1251 1959 laxata
1280 1913 1475 1961 contra
1505 1904 1676 1961 Deum
1701 1905 1912 1976 lingua,

2015 719 2107 772 ὑπ’
2121 719 2286 772 αὑτοῦ
2304 719 2608 790 λεγομένων
2621 720 2888 790 ἀγγέλων,
2904 719 3046 776 καθά
3067 738 3157 792 μοι
3176 722 3604 794 προδεδήλωται.

2025 810 2374 881 Ἐληλυθέναι
2417 811 2473 865 δὲ
2521 814 2645 876 τοὺς
2695 813 2984 878 Ἰουδαίους
3025 815 3107 878 είς
3152 813 3353 885 κλῆρον
3395 815 3600 870 αὑτοῦ·

2014 902 2110 956 καὶ
2153 903 2245 957 τὸν
2288 903 2451 958 αὐτὸν
2494 905 2636 978 ὑπὲρ
2677 905 2925 975 ἀγγέλων
2959 904 3372 978 αὐθαδέστερον,
3403 906 3606 975 ἐξαγα-

2012 998 2131 1064 γεῖν
2174 995 2231 1050 δὲ
2276 996 2404 1059 τοὺς
2444 998 2594 1060 υἱοὺς
2653 997 2869 1069 Ἰσραὴλ
2913 998 2974 1064 ἑξ
3004 998 3282 1067 Αἰγύπτου
3336 997 3605 1071 αὐθαδείᾳ

2006 1085 2298 1157 ’βραχίονας
2344 1085 2438 1140 τοῦ
2486 1086 2641 1150 ἰδίου,
2674 1084 2763 1140 διὰ
2799 1086 2859 1140 τὸ
2888 1083 3025 1142 εἶναι
3068 1087 3232 1143 αὐτόν
3260 1087 3606 1160 ἰταμώτερον

2011 1178 2121 1231 τῶν
2154 1176 2329 1230 ἄλλων
2375 1177 2471 1231 καὶ
2500 1177 2915 1249 αὐθαδέστερον.
2958 1177 3125 1233 Ὅθεν
3165 1178 3255 1233 διὰ
3299 1179 3396 1251 τὴν
3429 1179 3603 1234 αὐθά-

2012 1269 2161 1323 δειάν
2199 1285 2363 1340 φησιν
2390 1269 2577 1335 αὐτοῦ,
2618 1269 2695 1334 ὡς
2736 1270 3090 1343 βλασφημεῖό
3114 1272 3266 1343 γόης,
3303 1271 3597 1342 βεὸουλεῦ-

2016 1361 2139 1415 σθαι
2180 1362 2272 1416 τόν
2316 1362 2478 1417 αὑτὸν
2522 1363 2703 1418 αὐτῶν
2752 1362 2875 1418 θεὸν
2918 1363 3294 1432 καθυποτάξαι
3332 1364 3409 1437 τῷ
3448 1365 3603 1434 γένει

2012 1449 2107 1504 τοῦ
2168 1450 2385 1523 Ἰσραὴλ
2432 1451 2609 1506 πάντα
2635 1451 2704 1505 τὰ
2748 1452 2882 1508 ἄλλα
2930 1453 3086 1524 ἔθνη·
3136 1453 3231 1507 καὶ
3291 1453 3379 1508 διὰ
3436 1453 3601 1508 τοῦτο

2015 1541 2487 1616 παρεσκευακέναι
2530 1541 2823 1615 πολέμους.
2853 1543 3032 1597 Πολλὰ
3064 1543 3121 1597 δὲ
3162 1544 3258 1598 καὶ
3295 1543 3431 1599 ἀλλα
3455 1544 3602 1599 κατά

2016 1634 2172 1702 ἁγίου
2217 1632 2355 1687 Θεοῦ
2387 1633 2628 1705 χαλάσας
2666 1634 2767 1705 τὴν
2803 1633 3071 1704 γλῶτταν,
3121 1635 3216 1688 καὶ
3267 1634 3480 1708 ἐπάρας
3526 1636 3592 1689 τὸ

2018 1725 2213 1796 στόμα,
2264 1725 2366 1779 οὒκ
2410 1724 2730 1797 ἐντρέπεται
2765 1723 2942 1779 λαλῶν
2985 1727 3015 1779 ό
3063 1726 3447 1791 ἐλεεινότατος.
3496 1725 3599 1781 Διά

2014 1817 2173 1872 τοῦτο
2208 1817 2338 1890 γὰρ,
2357 1819 2510 1890 φησὶ,
2536 1818 2631 1872 καὶ
2668 1818 2737 1872 τά
2767 1819 2904 1873 ἀλλα
2927 1818 3053 1891 ἔθνη
3080 1819 3390 1892 ἐπολέμησε
3434 1818 3600 1874 τοῦτο

2014 1910 2076 1963 τὸ
2108 1909 2280 1975 ἔθνος,
2310 1910 2406 1966 καὶ
2436 1909 2605 1965 πολλὰ
2632 1911 2778 1964 κακὰ
2812 1909 2961 1982 αὐτῷ
2992 1910 3345 1978 ἐνεδείξαντο,
3377 1909 3467 1964 διὰ
3495 1911 3602 1985 τὴν

333 1996 592 2067 elatoque
619 2011 719 2052 ore
743 1996 1091 2053 miserrimus
1130 1996 1660 2067 homuncloJactare
1687 2011 1796 2053 non
1827 2005 1915 2053 est
1946 2000 1991 2055 B
2018 1999 2127 2054 τῶν
2153 2000 2328 2056 ἄλλων
2372 2001 2619 2072 ἀγγέλων
2663 2002 3070 2075 παραζηλωσιν,
3097 2002 3400 2076 ἐπειδήπερ
3430 2021 3606 2076 παρο-

332 2089 565 2145 veritus.
591 2087 771 2143 Veluti
801 2101 928 2142 eum
958 2087 1139 2142 addit:
1182 2095 1475 2159 propterea
1501 2089 1755 2145 nationes
1790 2087 1912 2143 reli-
2016 2090 2452 2164 τρυνθὲντες,ώς
2471 2095 2972 2168 καταφρονούμενοι
3001 2093 3296 2160 ὑπἀὐτοῦ,
3326 2097 3423 2151 καὶ
3447 2095 3609 2155 αὐτοὶ

339 2196 480 2253 quas
507 2195 635 2237 cum
668 2181 984 2237 Judaeorum
1031 2187 1193 2252 gente
1226 2181 1370 2238 bella
1392 2182 1656 2254 gessisse,
1682 2197 1921 2253 eamque
2018 2180 2089 2235 τὰ
2112 2180 2218 2236 ἴδια
2237 2180 2366 2254 ἔθνη
2399 2183 2492 2238 ἐπὶ
2514 2183 2578 2238 τὸ
2612 2182 2763 2248 ἔθνος
2783 2184 2879 2238 τοῦ
2941 2184 3155 2258 Ἰσραὴλ
3188 2186 3249 2240 τὸ
3298 2187 3390 2241 ὑπ’
3421 2186 3610 2243 αὐτῶν

338 2272 594 2344 plurimis
633 2269 885 2328 affecisse
937 2271 1098 2328 malis
1136 2291 1152 2328 z
1184 2273 1256 2329 ob
1306 2274 1544 2329 aliorum
1591 2271 1913 2344 angelorum

335 2365 592 2423 videlieet
621 2365 907 2430 invidiam,
930 2365 1026 2436 qui
1049 2365 1197 2436 quod
1227 2365 1298 2421 ab
1319 2366 1416 2422 illo
1444 2367 1726 2423 contemni
1745 2380 1807 2422 se
1833 2363 1918 2419 vi·

2022 2272 2314 2330 ἐπέσεισαν
2349 2274 2483 2347 (57).
2518 2275 2722 2332 Τούτου
2755 2277 2918 2334 ἕνεκα
2967 2278 3190 2352 πόλεμοι
3226 2279 3456 2335 πάντοτε
3506 2279 3611 2336 καὶ

2025 2364 2424 2420 ἀκαταστασίαι
2449 2367 2570 2421 κατ’
2594 2366 2774 2422 αὐτῶν
2800 2367 3200 2441 ἐπανέστησαν.

337 2461 534 2517 derent
582 2459 877 2524 commoti,
936 2473 1095 2516 suam
1153 2460 1393 2532 quisque
1445 2469 1664 2533 gentem
1721 2464 1919 2515 contra
1959 2455 2241 2516 israelitas
2273 2460 2632 2532 impulerunt.
2663 2453 2905 2532 indeque
2944 2460 3155 2516 sactum
3212 2469 3320 2528 est,
3380 2467 3440 2514 ιιι
3480 2474 3607 2532 per-

335 2564 501 2629 petua
531 2556 589 2611 in
620 2554 723 2610 bos
755 2554 920 2621 bella,
957 2553 1343 2624 tumultusque
1368 2553 1635 2610 concitati
1679 2551 1905 2609 suerint.

409 2644 502 2705 tn.
538 2647 822 2719 Ejusmodi
849 2655 935 2703 est
962 2655 1090 2718 apta
1117 2648 1211 2703 illa
1246 2645 1314 2703 ad
1345 2646 1791 2718 persuadendum
1824 2643 1922 2700 im-

339 2724 582 2814 postoris
614 2739 810 2795 oratio.
856 2738 961 2805 Qui
997 2739 1163 2795 etiam
1192 2738 1261 2795 de
1290 2737 1514 2795 Christo
1544 2736 1771 2810 perinde
1794 2751 1921 2793 sen-

338 2833 428 2896 tit.
454 2830 639 2902 specie
675 2838 839 2886 tenus
872 2830 1145 2886 duntaxat
1170 2831 1520 2904 ‘mortalibus
1570 2829 1917 2902 apparuisse.

339 2922 556 2994 Quippe
585 2921 736 2992 quod
760 2921 816 2976 in
850 2936 917 2978 eo
944 2922 1298 2989 cernebatur,
1335 2921 1473 2978 nihil
1502 2929 1702 2993 praeter
1731 2919 1921 2992 imagi-

340 3029 467 3072 nem
504 3015 714 3083 fnisse;
754 3029 933 3085 neque
969 3029 1102 3070 vero
1144 3023 1240 3068 ant
1288 3014 1566 3068 hominem
1613 3011 1918 3078 exstitisse,

341 3114 437 3162 aut
471 3119 696 3161 carnem
744 3105 1013 3160 induisse.
1062 3102 1302 3172 Subjicit
1339 3113 1401 3159 'ct
1449 3104 1612 3158 aliam
1661 3102 1811 3158 velut
1863 3101 1921 3157 in

342 3213 508 3254 scena
554 3196 796 3252 saburiam
840 3194 1118 3252 secundus
1164 3193 1386 3259 histrio,
1423 3204 1548 3250 cum
1595 3193 1663 3249 de
1713 3191 1922 3248 Christi

343 3304 510 3346 cruce
547 3289 812 3360 disputat.
862 3285 1034 3358 Negat
1074 3291 1219 3343 enim
1264 3285 1452 3342 lesum
1504 3300 1628 3342 esse
1672 3298 1920 3357 passum,

344 3376 442 3432 sed
485 3376 754 3432 vicarium
806 3377 857 3433 ei
911 3375 1191 3431 Simonem
1232 3375 1553 3447 Cyrenaeum
1611 3374 1916 3432 substituit.

345 3469 467 3536 Quo
492 3471 637 3526 enim
671 3479 920 3543 tempore
958 3469 1355 3540 Hierosolymis
1397 3467 1667 3526 Dominus
1708 3469 1923 3538 ejectus

345 3571 451 3625 est,
486 3571 545 3618 nt
586 3565 642 3619 in
693 3564 991 3636 Evangelio
1040 3564 1306 3634 scriptum
1352 3572 1458 3628 est,
1499 3562 1925 3635 angariaverunt

346 3651 631 3712 Simonem
662 3655 956 3724 quemdam
993 3653 1315 3726 Cyrenaeum
1343 3658 1403 3707 ut
1437 3652 1610 3709 [erret
1632 3666 1856 3708 crucem
1881 3653 1922 3706 ¹.

345 3746 426 3804 Ex
461 3764 574 3820 quo
604 3745 898 3804 cavillandi
942 3746 1427 3818 concinnandique
1481 3745 1720 3803 fabulam
1766 3760 1924 3804 suam

345 3837 697 3894 occasionem
725 3837 983 3908 arripuit,
1005 3837 1268 3892 nimirum
1299 3837 1582 3893 Christum
1617 3835 1923 3905 Simonem,

344 3944 473 3984 cum
517 3929 567 3985 is
613 3941 834 3982 crucem
883 3933 1153 3998 portaret,
1207 3927 1262 3982 in
1324 3942 1480 3984 suam
1531 3936 1925 3993 commutasse,

346 4021 582 4093 ejusque
606 4019 713 4092 71
744 4018 991 4075 vicissim
1029 4018 1277 4076 induisse
1302 4017 1535 4075 formam
1561 4037 1577 4088 ;
1625 4020 1813 4090 itaque
1841 4018 1929 4075 Si-

344 4128 566 4169 monem
601 4113 671 4168 ad
700 4111 889 4168 crucis
921 4111 1252 4182 supplicium
1288 4128 1392 4170 suo
1441 4113 1568 4167 loco
1607 4110 1924 4168 tradidisse.

347 4201 452 4270 Qui
482 4200 613 4258 dum
645 4203 705 4258 iu
733 4216 902 4258 cruce
939 4201 1235 4272 suffigitur,
1264 4199 1451 4258 lesum
1481 4214 1511 4255 a
1541 4200 1763 4256 nemine
1790 4213 1930 4255 con-

346 4303 621 4366 spectum,
649 4309 858 4366 eosque
890 4295 983 4366 qui
1016 4293 1297 4351 Simonem
1328 4293 1647 4364 suffigerent
1670 4292 1930 4349 deriden—

350 4397 458 4443 tem
492 4402 562 4442 ex
592 4388 828 4444 adverso
851 4388 1192 4444 constitisse.
1221 4385 1362 4442 Tum
1394 4385 1463 4441 ad
1515 4399 1750 4456 superos
1801 4399 1929 4442 esse

347 4477 697 4547 subvectum,
731 4493 862 4533 cum
886 4492 986 4549 pro
1017 4491 1078 4533 se
1111 4474 1382 4548 figendum
1415 4471 1697 4530 Simonem
1727 4472 1930 4532 substi-

349 4573 569 4636 tuisset,
601 4570 853 4641 nihilque
901 4568 1041 4626 adeo
1075 4582 1401 4640 perpessum
1449 4568 1504 4623 in
1553 4567 1755 4625 coelum
1799 4582 1929 4624 evo·

348 4667 511 4723 lasse.
534 4662 748 4720 interea
778 4662 1126 4737 Simonmon
1153 4661 1429 4725 Christus,
1447 4660 1504 4716 in
1540 4675 1761 4717 crucem
1795 4658 1927 4717 sub·
1959 4690 2003 4746 D

346 4756 493 4813 latus
546 4763 653 4812 est.
721 4752 888 4836 lesus
932 4753 1100 4817 enim,
1167 4752 1267 4818 ait,
1328 4751 1385 4806 ln
1430 4749 1648 4812 ,coelum
1701 4759 1926 4806 evectus

345 4847 581 4903 virtutes
610 4859 806 4901 omnes
830 4841 1158 4914 penetravit,
1199 4839 1376 4896 donec
1404 4839 1475 4894 ad
1507 4836 1726 4896 Patrem
1759 4854 1924 4897 suum

352 4952 605 4995 reversus
631 4945 734 4992 est.
758 4932 861 4990 iiic
882 4933 1031 4990 enim
1064 4942 1151 4989 est
1181 4928 1364 4990 Patris
1399 4932 1491 4987 ille
1519 4945 1925 4988 commemora-

350 5039 439 5086 tus
475 5037 605 5086 ante
633 5026 825 5087 Filius.
858 5026 953 5098 qni
984 5024 1051 5081 ad
1079 5039 1239 5096 opem
1274 5025 1516 5081 humano
1543 5025 1730 5097 generi
1759 5024 1935 5081 seren·

350 5120 474 5178 «tam
510 5119 824 5177 submissus
862 5124 970 5184 est,
1015 5123 1242 5189 propter
1285 5131 1407 5170 eam
1449 5130 1616 5186 quam
1651 5115 1795 5172 inter
1828 5116 1929 5171 ho·

350 5211 527 5268 titlnes
556 5211 785 5282 perinde
828 5218 996 5282 atque
1033 5208 1258 5280 angelos
1292 5207 1765 5278 perturbationem
1812 5222 1929 5264 coe·

350 5303 507 5360 lestis
546 5300 711 5358 Pater
766 5300 1253 5357 animadverterat.
1294 5296 1473 5369 Atque
1507 5296 1674 5364 idem,
1722 5297 1924 5368 inquit,

348 5397 503 5456 salus
528 5401 615 5450 est
647 5402 861 5461 nostra,
902 5394 1000 5465 qui
1052 5393 1109 5448 in
1159 5388 1424 5447 mundum
1473 5390 1644 5454 venit.
1683 5390 1930 5461 solisque

274 5522 281 5530 ·
350 5486 515 5545 nobis
551 5485 693 5540 banc
722 5484 801 5539 rei
834 5484 1122 5539 veritatem
1154 5481 1390 5553 speruit.
1425 5478 1588 5535 Tales
1622 5489 1754 5536 sunt
1784 5496 1814 5534 a
1840 5497 1934 5537 ne-

349 5581 555 5639 bulone
610 5579 718 5634 isto
762 5575 1164 5632 consarcinatae
1216 5572 1435 5628 ranulfo.
1486 5570 1758 5644 Deinceps
1802 5588 1933 5628 vcro

425 5755 444 5788 ¹
473 5753 639 5809 Mare.
671 5767 760 5818 xv,
786 5748 875 5805 21.

2091 2640 2167 2696 P.
2207 2639 2359 2712 Αὕτη
2382 2641 2533 2695 ἐστὶν
2555 2643 2591 2712 ἡ
2617 2640 2712 2695 τοῦ
2758 2641 3075 2707 ἀπατεῶνος
3101 2640 3472 2713 πιθανολογία.
3499 2642 3606 2699 Καὶ

2019 2731 2182 2796 αὐτὸς
2239 2731 2298 2786 δὲ
2360 2731 2489 2805 περὶ
2537 2731 2769 2803 Χριστοῦ
2789 2774 2804 2799 ,
2868 2733 2945 2798 ὡς
2999 2733 3219 2807 δοκήσει
3280 2735 3599 2806 πεφηνότος,

2017 2823 2221 2895 ὁμοίως
2261 2823 2493 2891 δοξάζει.
2542 2819 2697 2879 Εἶναι
2726 2824 2785 2878 δέ
2830 2842 2996 2897 φησιν
3028 2826 3191 2881 αὐτὸν
3218 2828 3519 2897 φαντασίαν
3540 2828 3605 2882 ἐν

2017 2914 2099 2988 τῷ
2146 2915 2454 2986 φαίνεσθαι,
2500 2915 2574 2988 μὴ
2607 2912 2745 2971 εἶναι
2795 2916 2853 2971 δὲ
2898 2917 3205 2993 ἄνθρωπον,
3245 2919 3381 2992 μηδὲ
3424 2920 3609 2994 σάρκα

2023 3007 2326 3081 εἰληφέναι.
2355 3011 2773 3082 Δραματουργεῖ
2810 3008 2868 3062 δέ
2910 3011 3042 3082 ἡμῖν
3072 3010 3239 3082 ἀλλην
3265 3011 3613 3084 δραματουρ-

2022 3102 2149 3172 γίαν
2170 3104 2200 3157 ὀ
2227 3101 2479 3174 δεύτερος
2506 3099 2802 3173 μιμολόγος
2830 3102 2888 3156 ἐν
2909 3101 2990 3174 τῷ
3020 3102 3147 3173 περὶ
3193 3100 3429 3172 σταυροῦ
3456 3101 3612 3176 λόγῳ,

2023 3193 2264 3269 Χριστοῦ
2283 3211 2298 3227 ·
2349 3195 2472 3266 οὐχὶ
2511 3191 2722 3264 Ἰησοῦν
2776 3192 3001 3263 φάσκων
3047 3189 3406 3254 πεπονθέναι,
3458 3189 3601 3246 ἀλλὰ

2023 3287 2246 3358 Σίμωνα
2268 3287 2360 3341 τὸν
2388 3287 2720 3358 Κυρηναῖον.
2779 3285 2998 3356 Ἐπειδὴ
3023 3283 3130 3354 γὰρ
3165 3284 3223 3336 ἐν
3254 3280 3333 3352 τῷ
3358 3278 3468 3336 ἀπὸ
3501 3281 3604 3336 Ἰε-

2026 3376 2338 3449 ροσολύμων
2379 3376 2469 3431 τὸν
2500 3374 2705 3448 Κύριον
2739 3372 3117 3438 ἐκόάλλεσθαι,
3159 3372 3235 3436 ώς
3262 3371 3377 3443 ἔχει
3401 3371 3439 3443 η
3467 3370 3605 3426 ἀκο-

2024 3467 2213 3522 λουθία
2242 3468 2337 3522 τοῦ
2384 3467 2721 3539 Εὐαγγελίου
2742 3508 2758 3533 ,
2812 3465 3164 3540 ὴγγάρευσάν
3210 3480 3333 3520 τινα
3386 3461 3609 3535 Σίμωνα

2024 3562 2336 3633 Κυρηναῖον
2407 3559 2677 3632 βαστάσαι
2720 3558 2813 3614 τὸν
2864 3557 3117 3630 σταυρὸν,
3166 3556 3316 3609 ἔνθεν
3361 3553 3610 3627 εὑρίσκει

2025 3652 2126 3722 τῆς
2155 3650 2320 3707 αὑτοῦ
2348 3650 2575 3716 κυὸείας
2610 3646 2937 3722 ποιήσασθαι
2972 3644 3074 3718 τὴν
3109 3643 3456 3717 τραγῳδίαν·
3511 3642 3614 3702 καὶ

2027 3743 2214 3816 φησὶν,
2244 3744 2451 3797 ἐκεῖνον
2496 3743 2555 3796 ἐν
2598 3741 2677 3814 τῷ
2718 3735 3010 3814 βαστάζειν
3031 3735 3123 3792 τόν
3153 3735 3388 3806 σταυρὸν
3438 3749 3607 3806 μετα-

2030 3832 2456 3906 μεμορφωκέναι
2506 3835 2586 3898 είς
2631 3832 2695 3887 τὸ
2731 3829 2927 3888 ἐαυτοῦ
2957 3824 3117 3894 εἶδος,
3165 3829 3260 3882 καὶ
3288 3827 3483 3881 ἐαυτὸν
3526 3826 3606 3889 είς

2025 3929 2116 3984 τὸν
2141 3930 2380 4000 Σίμωνα,
2412 3929 2507 3984 καὶ
2539 3929 2660 3983 ἀντὶ
2682 3925 2881 3982 ἐαυτοῦ
2924 3922 3363 3998 παραδεδωκέναι
3386 3922 3607 3991 Σίμωνα

2028 4021 2108 4084 είς
2162 4020 2225 4074 τὺ
2273 4020 2679 4093 σταυρωθῆναι.
2752 4017 2994 4073 Ἐκείνου
3045 4016 3103 4071 δέ
3165 4011 3606 4084 σταυρουμένου,

2027 4113 2247 4184 ἐστὴκει
2275 4114 2641 4185 κατάντικρυς
2679 4111 2928 4184 ἀοράτως
2955 4110 2985 4163 ὀ
3026 4106 3252 4180 Ἰησοῦς,
3289 4102 3613 4173 καταγελῶν

2026 4203 2137 4258 τῶν
2170 4204 2262 4259 τὸν
2300 4204 2521 4275 Σίμωνα
2561 4202 2957 4276 σταυρούντων.
2998 4199 3172 4262 Αὐτὸς
3209 4197 3266 4252 δὲ
3297 4196 3497 4265 ἀνέστη
3526 4195 3610 4260 εἰς

2027 4293 2096 4348 τὰ
2120 4282 2441 4375 ἐπουράνια,
2465 4293 2738 4366 παραδοὺς
2765 4293 2857 4349 τὸν
2887 4292 3109 4364 Σίμωνα
3140 4285 3608 4357 ἀνασκολοπισθῆ-

2027 4405 2137 4454 ναι,
2166 4387 2261 4442 καὶ
2301 4386 2529 4452 ἀπαθῶς
2554 4386 2903 4461 ἀνεχώρησεν
2928 4387 3010 4450 είς
3034 4384 3127 4439 τὸν
3151 4381 3400 4456 οὐρανόν.
3446 4381 3505 4434 ’0
3545 4378 3609 4435 δὲ

2028 4479 2214 4550 Σίμων
2252 4476 2416 4542 αὐτὸς
2461 4477 2807 4551 ἐσταυρώθη,
2858 4476 2955 4532 καὶ
2991 4476 3091 4547 οὐχ
3138 4477 3167 4530 ὀ
3206 4471 3460 4545 Χριστός.
3501 4469 3609 4540 ’1η-

2030 4570 2157 4636 σοῦς
2206 4570 2338 4644 γὰρ,
2392 4571 2591 4643 φησὶν,
2647 4564 3054 4633 ἀναπετασθεῑς.
3092 4567 3173 4630 εἰς
3223 4564 3315 4620 τδν
3360 4561 3608 4634 οὐρανὸν,

2027 4660 2211 4733 διῆλθε
2239 4660 2422 4725 πάσας
2445 4659 2545 4726 τὰς
2572 4659 2850 4732 δυνάμεις,
2877 4658 2984 4723 ἓως
3009 4652 3071 4713 οὗ
3099 4650 3448 4726 ἀποκατέστη
3471 4653 3611 4720 πρὸς

2028 4753 2119 4808 τὸν
2166 4751 2299 4807 ῖδιον
2336 4751 2501 4807 αὐτοῦ
2544 4750 2782 4824 Πατέρα.
2827 4743 2998 4814 Οὗτος
3040 4748 3150 4820 γάρ
3179 4749 3318 4812 ἐστι,
3345 4743 3530 4816 φησὶν,
3579 4745 3611 4796 ό

2030 4843 2160 4909 Υἱὸς
2183 4844 2279 4899 τοῦ
2312 4844 2527 4917 Πατρὸς
2564 4846 2595 4898 ὁ
2631 4841 3047 4917 προειρημένος,
3090 4841 3120 4893 ό
3149 4835 3477 4900 ἀποσταλεὶς
3517 4835 3612 4888 ἐπὶ

2034 4935 2255 5010 βοηθείᾳ
2280 4936 2389 4990 τῶν
2418 4937 2549 4991 υἱῶν
2589 4935 2701 4990 τών
2742 4932 3047 5005 ἀνθρώπων
3072 4931 3138 4985 δι’
3168 4930 3235 5002 ἦν
3273 4924 3410 4983 εἶδεν
3433 4928 3463 4982 ὀ
3494 4927 3610 4980 Πα-

2030 5026 2135 5099 τὴρ
2161 5027 2567 5081 ἀκαταστασίαν
2612 5024 2670 5079 ἐν
2693 5037 2753 5078 τε
2781 5024 2895 5089 τοῖς
2925 5019 3235 5095 ἀνθρώποις
3272 5019 3367 5073 καὶ
3409 5019 3468 5071 ἐν
3496 5016 3612 5079 τοῖς

2032 5116 2306 5187 ἀγγέλοις.
2363 5117 2477 5171 Καὶ
2509 5110 2664 5180 οὗτός
2702 5118 2841 5180 ἐστι,
2868 5113 3112 5186 φησιν,ἠ
3150 5107 3392 5181 σωτηρία
3431 5104 3609 5180 ἡμῶν,

2033 5210 2062 5263 ὁ
2094 5207 2283 5274 ἐλθὼν,
2324 5209 2419 5263 καὶ
2467 5209 2598 5280 ἡμῖν
2655 5207 2839 5278 μόνοις
2883 5200 3241 5274 ἀποκαλύψας
3275 5198 3477 5271 ταύτην
3509 5197 3611 5269 τὴν

2034 5298 2313 5371 ἀληθειαν.
2348 5299 2604 5355 Τοιαῦται
2622 5301 2720 5372 μὲν
2752 5301 2807 5353 αἱ
2831 5295 3103 5374 ραψῳδίαι·
3130 5293 3233 5363 τῆς
3259 5289 3354 5345 τοῦ
3371 5290 3616 5362 ἀγύρτου

2040 5393 2382 5464 μυθοποιίας.
2420 5391 2580 5447 Ἀλλὰ
2604 5393 2699 5447 καὶ
2723 5388 3058 5447 ἀπεντεῦθεν
3076 5383 3495 5462 προκοπτούσης
3512 5379 3613 5453 τῆς

2038 5484 2378 5557 ἀκαθαρσίας
2405 5485 2506 5558 τῆς
2519 5484 2629 5539 ἀπὸ
2642 5483 2736 5538 τοῦ
2754 5483 2997 5556 Σίμωνος
3012 5474 3407 5556 ἐναρξαμένης,
3434 5473 3615 5528 πᾶσαν

2041 5573 2383 5646 ἐπιτήδευσιν
2416 5571 2827 5645 κακομηχανίας
2866 5571 2961 5624 καὶ
2989 5566 3293 5638 ’ἀσελγείας
3328 5561 3611 5636 ἐπιτρέπει

457 5927 574 6001 (57)
640 5927 710 5982 Τὸ
751 5928 850 5984 ὑπ’
899 5926 1092 5983 αὐτῶν
1129 5926 1476 5986 ὲπέσεισαν.
1530 5928 1571 5986 F
1574 5936 1694 5987 orto
1724 5927 1812 5983 ὑπ’
1857 5926 2027 5998 αὐτῷ.
