3850 6517
413 493 506 546 171

411 701 544 771 legis
571 700 751 770 periti,
775 707 829 755 et
856 702 1212 756 traditionum
1232 744 1248 770 ,
1271 717 1409 772 quas
1431 717 1461 755 a
1507 702 1809 771 majoribus
1833 716 1989 757 aece-

413 796 604 864 perant
633 788 1006 861 (δευτεριίισεις
1047 791 1355 862 voeabant),
1395 791 1989 857 observatores-fuere,

412 893 477 932 ac
503 880 861 937 ritus-omues
904 882 1340 951 superstitiosius
1370 883 1615 945 caeteris,
1651 883 1994 955 diligentius·

408 984 514 1039 que
547 979 886 1026 tennerunt:
934 987 1074 1041 quos
1121 986 1230 1026 non
1279 987 1311 1028 e
1358 973 1473 1043 lege
1511 972 1846 1042 didicerant,
1897 975 1993 1030 sed

409 1062 788 1131 sibimetipsiS,
820 1069 1078 1133 tanquam
1105 1063 1335 1133 justitiae
1368 1065 1505 1136 legis
1535 1053 1844 1138 singulares
1871 1069 1994 1122 cul-

409 1161 518 1221 tus,
553 1169 618 1209 ac
647 1157 1002 1211 caeremonias
1031 1156 1358 1215 indixerant.

476 1245 760 1311 Pharisaei,
784 1260 924 1316 quos
949 1257 1248 1318 segregatos
1291 1248 1637 1322 interpretari
1666 1251 1869 1322 possis,
1896 1252 1993 1324 qui

407 1335 813 1393 sanctissimam
838 1338 960 1393 vitae
991 1341 1257 1395 rationem
1289 1342 1544 1412 professi,
1566 1344 1852 1414 probitate
1883 1359 1992 1400 cae·

407 1427 540 1483 teris
569 1427 894 1483 antecellere
921 1428 1268 1485 videbantur.
1311 1429 1651 1487 Mortuerum
1697 1432 1841 1504 apud
1870 1433 1995 1489 illos

408 1520 768 1585 resurrectio,
796 1528 933 1576 utet
969 1521 1115 1592 apud
1147 1521 1398 1589 Scribas,
1437 1522 1750 1581 defenditur
1779 1545 1793 1582 ι
1830 1525 1993 1582 iidem

407 1612 631 1681 angelos
651 1651 667 1677 ,
721 1626 784 1668 ac
816 1611 1079 1684 Spiritum
1129 1622 1381 1669 sanctum
1439 1630 1564 1673 esse
1615 1632 1724 1673 non
1765 1626 1990 1689 negant.

409 1701 545 1760 Vitae
566 1704 825 1759 eximium
864 1705 1174 1762 institutum
1205 1722 1319 1778 prae
1349 1723 1411 1764 se
1445 1707 1646 1764 ferunt.
1684 1708 1995 1766 Continen-

406 1795 539 1850 tiam
583 1803 794 1851 certum
841 1796 908 1852 ad
965 1805 1213 1868 tempus,
1244 1812 1309 1853 ac
1358 1798 1723 1870 virginitatem
1775 1817 1995 1874 quoque

407 1888 734 1958 suscipiunt.
771 1887 860 1945 Bis
886 1888 1225 1946 hebdomade
1242 1903 1460 1962 quaque
1479 1891 1753 1962 jejunare,
1776 1909 1992 1961 urceoS,

1147 491 1486 551 Emptum!
1511 491 1955 551 RESCRIPTUM
1987 492 2074 546 An
2103 489 2405 548 AcAcltm
2446 491 2534 550 ΕΤ
2570 488 2857 550 PAULUM

481 607 790 663 Judaeorum
807 616 967 665 sectae
986 606 1215 667 numero
1237 620 1465 684 septem.
1483 613 1556 666 Ac
1575 613 1749 683 primo
1768 610 1993 676 Scribas,
2027 617 2069 671 Α

2183 609 2452 664 Ἰουδαίων
2482 611 2721 682 αἱρέσεις
2752 611 2921 666 ἑπτά·
2951 612 3320 684 Γραμματεῖς,
3358 599 3553 677 οἵτινες
3585 633 3672 669 νο-

2103 703 2254 774 μικοὶ
2296 703 2395 772 μὲν
2443 699 2606 774 ἦσαν,
2661 705 2755 756 καὶΙ
2802 703 3133 774 δευτερωταὶ
3181 705 3526 776 παραδόσεων
3561 705 3672 760 τῶν

2100 795 2230 866 παρ’
2259 793 2442 858 αὐτοῖς
2474 794 2881 865 πρεσδυτέρων,
2912 798 2977 866 τῇ
3005 794 3359 867 περιττοτέρᾳ
3387 795 3673 868 ἐθελοθρη·

2102 883 2258 955 σκείᾳ
2278 883 2375 954 ἔθη
2408 883 2788 952 φυλάττοντες,
2830 883 2866 937 ἃ.
2892 880 2953 937 du
2984 884 3073 937 διὰ
3104 885 3198 938 τοῦ
3224 885 3389 956 νόμου
3426 887 3675 958 μεμαθή-

2100 992 2278 1041 κασιν,
2312 977 2428 1029 ἀλλ’
2455 978 2668 1040 ἑαυτοῖς
2700 975 2987 1031 ὲτύπωσαν
3023 977 3343 1049 σεὸάσματα
3363 977 3673 1048 δικαιώμα-

2099 1084 2190 1131 τος
2218 1067 2316 1139 τῆς
2348 1066 2690 1140 νομοθεσίας.

2168 1253 2482 1324 Φαρισαῖοι,
2536 1254 2963 1326 ὲρμηνευόμενοι
3023 1246 3444 1326 ἀφωρισμένοι.
3499 1255 3554 1307 οἱ
3612 1252 3673 1308 τὸ

2099 1345 2402 1416 ἀκρότατον
2434 1344 2698 1415 βιοῦντες,
2736 1346 2833 1399 καὶ
2856 1346 3014 1418 δῆθεν
3040 1348 3146 1401 τῶν
3176 1347 3352 1401 ἄλλων
3378 1344 3673 1418 δοκιμώτε-

2103 1452 2207 1507 ροι·
2236 1435 2368 1508 παρ’
2403 1433 2486 1500 οἷς
2525 1437 2618 1491 καὶ
2656 1437 2869 1509 νεκρῶν
2909 1437 3223 1501 ἀνάστασις,
3268 1439 3345 1502 ὡς
3384 1438 3479 1492 καὶ
3521 1436 3674 1509 παρὰ

2100 1527 2210 1590 τοῖς
2238 1525 2668 1598 Γραμματεῦσι,
2707 1529 2802 1582 καὶ
2832 1530 2865 1600 ἠ
2898 1527 3026 1599 περὶ
3058 1527 3324 1596 ἀγγέλων,
3367 1529 3463 1582 καὶ
3494 1527 3671 1582 Πνεύ-

2104 1635 2271 1689 ματος
2318 1619 2499 1689 ἁγίου,
2546 1620 2629 1674 ὅτι
2678 1619 2815 1685 ἔστι,
2860 1620 3279 1689 συγκατάθεσις,
3325 1620 3573 1674 πολιτεία
3613 1636 3675 1674 τε

2097 1711 2375 1784 διάφορος,
2416 1711 2716 1786 ἐγκράτεια
2749 1711 2857 1775 ἕως
2877 1712 3103 1784 χρόνου,
3139 1711 3235 1768 καὶ
3262 1710 3550 1783 παρθενία·
3576 1728 3674 1782 νη-

2102 1799 2253 1855 στεία
2282 1801 2340 1855 δὲ
2376 1801 2455 1867 δὶς
2493 1801 2588 1857 τοῦ
2618 1800 2921 1869 Σαὸόάτου,
2966 1801 3169 1867 ξεστῶν
3195 1802 3550 1873 καθαρισμοὶ,
3580 1800 3677 1855 καὶ

2111 1891 2355 1945 πινάκων
2382 1892 2478 1946 καὶ
2508 1892 2803 1964 ποτηρίων,
2834 1890 2911 1957 ῶς
2938 1893 3034 1950 καὶ
3058 1894 3107 1946 οἱ
3133 1893 3506 1966 Γραμματεϊς,
3540 1893 3677 1945 ἀπο·

408 1992 475 2033 ac
502 1979 713 2043 discoS,
739 1987 794 2034 et
823 1979 1018 2050 pocula
1062 1981 1263 2052 saepius
1306 1982 1520 2049 eluere,
1568 1991 1627 2039 ut
1679 1990 1732 2041 et
1765 1985 1994 2052 Scribas,
2029 1977 2073 2038 B
2101 1979 2447 2045 δεκατώσεις,
2497 1983 2588 2037 καὶ
2616 1982 2884 2055 ἀπαρχαὶ,
2919 1985 3013 2039 καὶ
3048 1983 3346 2056 ὲνδελεχεϊς
3375 1983 3552 2055 εὐχαὶ,
3581 1985 3673 2039 καὶ

408 2069 575 2124 soliti.
603 2069 686 2124 Ad
708 2070 824 2127 haec
866 2071 1106 2126 decimas
1141 2081 1197 2127 et
1222 2073 1489 2144 primitias
1517 2075 1746 2132 offerre:
1777 2077 2000 2135 assidue

408 2162 620 2232 precari
654 2180 668 2217 ι
703 2169 885 2219 certos
921 2162 1104 2221 cultus
1134 2179 1199 2219 ac
1229 2169 1613 2237 superstitiosa
1634 2171 1996 2227 vestimento·

407 2269 531 2309 rum
558 2269 757 2325 genera
777 2254 1054 2312 curiosius
1077 2256 1331 2314 aflectare
1363 2275 1376 2313 τ
1404 2259 1711 2329 cuiusmodi
1730 2271 1859 2319 sunt
1877 2263 2000 2319 dal-

363 2374 367 2376 -
409 2342 644 2407 maticae,
690 2357 757 2396 ac
790 2343 1026 2409 colobia,
1055 2351 1113 2401 et
1146 2346 1338 2401 latiora
1368 2349 1615 2418 quaedam
1645 2349 1995 2423 phylacteria,

408 2433 514 2488 hoc
546 2442 630 2490 est
663 2442 964 2505 segmenta,
995 2434 1331 2510 limbriaeque
1362 2454 1683 2511 purpureae,
1719 2457 1783 2498 ac
1821 2444 1998 2499 malo-

409 2533 638 2596 granata
667 2525 737 2581 ad
773 2527 1006 2583 vestium
1032 2542 1162 2584 oras
1188 2543 1428 2600 appensa
1448 2568 1464 2593 ,
1496 2546 1618 2602 quae
1656 2533 2001 2603 temporariae

2099 2073 2360 2143 σχήματα
2410 2072 2935 2146 ὲθελοθρησκευτικὰ
2975 2075 3076 2147 τῆς
3116 2075 3453 2148 ὲνδυμενίας,
3500 2074 3675 2130 διάτοι

2098 2161 2199 2232 τῆς
2233 2161 2572 2232 ἀμπεχόνης,
2613 2163 2708 2216 καὶ
2746 2162 2856 2217 τῶν
2885 2162 3256 2235 δαλματικῶν,
3286 2163 3325 2235 ἢ
3367 2163 3480 2218 τῶν
3520 2165 3676 2218 toxo·

2100 2252 2253 2320 ὀίων,
2310 2253 2406 2307 καὶ
2459 2252 2780 2324 πλατυσμοῦ
2821 2254 2931 2308 τῶν
2977 2255 3384 2327 φυλακτηρίων,
3427 2257 3675 2310 τουτέστι

2100 2339 2362 2411 σημάτων
2384 2340 2484 2410 τῆς
2506 2340 2809 2413 πορφύρας,
2836 2343 2933 2396 καὶ
2954 2341 3299 2414 κρασπέδων,
3322 2344 3417 2397 καὶ
3441 2345 3673 2416 ῥοΐσκων

2100 2430 2196 2484 ἐπὶ
2228 2430 2300 2484 τὰ
2336 2431 2605 2502 πτερύγια
2634 2433 2735 2504 τῆς
2766 2432 3104 2505 ἀμπεχόνης,
3138 2432 3296 2488 ἅτινα
3322 2434 3668 2503 ταῦταὶτύγ*

2100 2535 2231 2590 χανε
2261 2522 2464 2590 σημεῖα
2487 2521 2587 2593 τῆς
2611 2523 2743 2594 παρ’
2770 2523 2952 2586 αὐτοῖς
2975 2525 3080 2589 ἕως
3107 2524 3301 2596 καιροῦ
3326 2525 3667 2598 ἐγκρατείας,

408 2618 558 2672 illius
590 2618 946 2676 continentiae
986 2621 1143 2691 signa
1173 2620 1553 2691 prael'erebant.
1578 2620 1754 2678 -lidem
1780 2633 1998 2695 postre-
2053 2633 2075 2663 N
2097 2609 2149 2664 οἳ
2179 2611 2273 2665 καὶ
2301 2613 2697 2685 παρ’-Νέφέρῠν
2728 2615 2941 2684 Τένεσῑν
2967 2616 3065 2670 καὶ
3089 2616 3451 2689 “impp-&112-

411 2721 500 2762 mo
527 2721 756 2778 geneses
790 2722 856 2763 ac
887 2706 1062 2769 fatum
1093 2702 1533 2766 introducebant.

483 2797 806 2856 Sadducaeis
830 2799 901 2854 ab
933 2800 1286 2856 exactissima
1301 2799 1854 2870 justitianomenest.
1888 2801 1998 2870 Qui

411 2907 442 2945 e
474 2887 941 2945 Samaritanorum
973 2906 1168 2961 genere
1195 2906 1226 2944 a
1255 2891 1539 2947 sacerdote
1560 2892 1799 2963 quodam
1817 2893 2001 2948 Sadoc

413 2987 592 3035 undum
621 2980 949 3038 babuerunt.
990 2979 1328 3037 Mortuerum
1358 2984 1816 3039 resurrectionem
1846 2984 2001 3039 dam-

415 3078 581 3136 nant,
621 3072 870 3143 angelum
921 3088 987 3128 ac
1035 3073 1287 3143 spiritum
1336 3071 1583 3130 funditus
1632 3081 1862 3148 negant;
1894 3089 2001 3130 cze-

414 3172 529 3220 tera
557 3162 868 3219 ludaeorum
902 3165 1134 3221 similes.

486 3254 971 3326 Hennerobaptistae
994 3257 1131 3312 nihil
1158 3258 1229 3315 ab
1257 3256 1465 3316 Judaeis
1494 3265 1862 3329 praeterquam
1893 3258 1999 3312 hoc

417 3364 526 3403 nno
560 3347 965 3418 discreparunt,
989 3348 1136 3420 quod
1158 3351 1430 3407 neminem
1453 3358 1670 3407 aeternae
1701 3350 1824 3406 vitae
1852 3364 2002 3404 com-

417 3450 598 3512 potem
627 3455 752 3497 esse
782 3456 944 3512 posse
970 3440 1234 3507 dicerent,
1258 3444 1364 3500 nisi
1394 3442 1639 3516 quotidie
1666 3442 1893 3497 lavaret.

487 3529 706 3596 oseem,
756 3547 990 3603 quorum
1029 3548 1229 3591 nomen
1275 3536 1678 3604 procacissimus
1709 3531 2000 3605 significat.

417 3620 523 3691 Qui
554 3639 619 3679 ex
655 3627 977 3696 praescrlpto
1003 3624 1139 3696 legis
1161 3626 1343 3682 omnia
1396 3624 1700 3706 iaciebant3
1731 3623 1828 3679 sed
1860 3636 2001 3692 prae-

417 3720 571 3772 terea
621 3711 937 3786 Scripturas
977 3714 1305 3772 adhibebant
1339 3734 1353 3772 ε
1387 3724 1444 3774 et
1481 3731 1546 3774 ex
1603 3713 2002 3789 posterioribus

420 3803 698 3876 prophetis
730 3804 1020 3877 plerosque
1045 3806 1387 3878 rejiciebant.

489 3895 774 3954 Nasaraeos
833 3898 1176 3954 exstinctores
1235 3898 1584 3970 interpretari
1634 3897 1850 3970 possis,
1906 3897 2002 3970 qui

378 4002 385 4007 ·
420 3986 608 4046 'carnis
645 4004 750 4046 usu
775 4003 1001 4060 prorsus
1037 3989 1392 4047 interdicunt.
1427 3988 1511 4045 Ab
1557 3989 1813 4046 animatis
1837 3987 2005 4045 absti-

423 4087 600 4137 nent:
632 4081 974 4153 patriarchas
1015 4095 1237 4149 omnes,
1272 4081 1364 4152 qui
1417 4081 1474 4135 in
1517 4079 1895 4137 Pentateucho
1933 4079 2004 4135 ad

424 4171 628 4246 onsis
690 4180 746 4229 et
792 4169 921 4230 Jesu
980 4171 1075 4227 filil
1105 4171 1251 4227 Nave
1303 4179 1549 4242 tempora
1613 4172 2001 4250 continentur,

370 4270 375 4275 ·
426 4262 728 4327 asciscunt,
758 4269 814 4318 et
840 4262 909 4318 iis
956 4259 1118 4317 fldem
1145 4260 1405 4317 adhibent
1437 4277 1454 4316 ι
1494 4259 1801 4331 cujusmodi
1852 4268 2002 4328 sunt,

425 4351 684 4418 Abraam,
721 4351 873 4409 Isaac
903 4360 958 4410 et
977 4351 1180 4420 Jacob,
1211 4352 1391 4424 iisque
1434 4350 1748 4423 superiores
1785 4365 2002 4417 omues,

2171 2796 2545 2864 Σαδδουκαῖοι,
2576 2799 2625 2852 οἱ
2655 2799 3082 2871 ἐρμηνευόμενοι
3108 2798 3484 2860 δικαιότατοι,
3520 2799 3571 2848 οἳ
3609 2801 3678 2851 ὲκ

2098 2888 2287 2957 γένους
2317 2888 2416 2960 μὲν
2437 2884 2580 2961 ἦσαν
2610 2890 2963 2961 Σαμαρειτῶν
2985 2888 3118 2958 ὁμοῦ
3142 2887 3232 2939 καὶ
3260 2886 3445 2955 ἱερέως
3468 2885 3679 2941 naso-ux

2098 2974 2383 3052 ὀνόματος,
2417 2980 2626 3053 νεκρῶν
2657 2981 2757 3052 μὲν
2785 2979 3080 3034 ἀνάστασιν
3101 2976 3449 3049 ἀρνούμενοι,
3479 2978 3576 3030 καὶ
3600 2977 3677 3050 μὴ

2101 3072 2530 3143 παραδεχόμενοι
2570 3070 2799 3140 ἄγγελον
2845 3070 2983 3142 μήτε
3020 3068 3260 3139 πνεῦμα·
3307 3068 3379 3124 τὰ
3406 3069 3464 3124 δὲ
3497 3070 3680 3125 πάντα

2091 3163 2251 3227 ὗντες
2289 3163 2547 3218 Ἰουδαῖοι.

2184 3254 2705 3325 Ἦμεροδαπτισταί.
2740 3245 2901 3308 obs-ov.
2928 3252 3028 3326 μὲν
3055 3251 3200 3307 κατὰ
3220 3253 3398 3309 πάντα
3433 3252 3682 3318 Ἰουδαῖοι

2101 3341 2261 3418 ἦσαν·
2289 3344 2527 3415 ἔφασκον
2554 3343 2611 3397 δὲ
2642 3344 2847 3414 μηδένα
2874 3342 3017 3413 ζωῆς
3040 3344 3331 3415 τυγχάνειν
3359 3345 3602 3412 αἰωνίου,
3627 3349 3680 3401 εί

2104 3439 2180 3509 μή
2210 3454 2264 3491 τι
2287 3436 2354 3492 ἂν
2388 3435 2510 3491 καθ’
2537 3434 2772 3506 ἑκάστην
2797 3433 3129 3505 βαπτίζοιτο.

2186 3525 2456 3596 Ὀσσηνοὶ,
2492 3523 2543 3578 οἳ
2582 3522 2646 3595 δὴ
2670 3523 3014 3593 tremorum
3044 3525 3459 3598 ἑρμηνεύονται.
3489 3521 3675 3581 ’Ἦσαν

2098 3621 2157 3675 δὲ
2184 3613 2330 3674 οῦτοι
2354 3618 2423 3673 τὰ
2446 3615 2624 3672 πάντα
2648 3613 2791 3669 κατὰ
2812 3615 2975 3686 νόμον
2994 3617 3300 3681 τελοῦντες.
3328 3616 3596 3689 Ἐχρῶντο
3618 3619 3679 3674 δὲ

2102 3712 2196 3766 καὶ
2218 3710 2464 3782 Γραφαϊς
2485 3707 2703 3779 ἑτέραις
2734 3705 2874 3776 μετὰ
2890 3705 2982 3760 τὸν
2998 3705 3185 3778 νόμον.
3222 3707 3360 3774 Τοὺς
3378 3707 3437 3761 δὲ
3459 3705 3680 3773 πλείους

2096 3802 2208 3860 τῶν
2235 3801 2527 3873 μετέπειτα
2558 3796 2856 3870 προφητῶν
2881 3784 3269 3853 ἁπεὸάλλοντο.

2170 3874 2473 3966 Νασαραῖοι
2495 3930 2511 3957 ,
2560 3889 2989 3962 ἐρμηνευόμενοι
3040 3888 3373 3959 agrario-ml
3403 3890 3441 3942 ¹.
3487 3889 3680 3944 Πᾶσαν

2103 3982 2482 4057 σαρκοφαγίαν
2536 3977 2996 4051 ἀπαγορεύουσιν·
3060 3976 3320 4050 ἐμψύχων
3378 3978 3487 4033 οὐδ’
3539 3978 3680 4043 ὅλως

2105 4073 2635 4148 μεταλαμδάνουσιν·
2682 4070 2813 4143 ἄχρι
2866 4069 2925 4124 δὲ
2979 4069 3278 4133 Μωῦσέως,
3340 4071 3434 4124 καὶ
3502 4069 3676 4143 Ἰησοῦ

2100 4163 2196 4218 τοῦ
2236 4163 2397 4233 Ναυῆ
2441 4164 2554 4224 τοϊς
2592 4162 2651 4213 ὲν
2686 4164 2756 4232 τῇ
2798 4160 3155 4232 Πεντατεύχῳ
3219 4161 3396 4230 ἁγίοις
3444 4156 3675 4233 ὀνόμασι

2106 4253 2459 4327 πατριαρχῶν
2509 4250 2841 4322 κεχρημένοι
2883 4266 2945 4304 τε
2988 4251 3083 4305 καὶ
3129 4251 3497 4314 πιστεύοντες·
3534 4252 3680 4323 φημὶ

2102 4345 2161 4400 δὲ
2216 4343 2500 4418 Ἀδραὰμ,
2564 4343 2659 4397 καὶ
2719 4341 2933 4408 Ἰσαὰκ,
2981 4342 3078 4396 καὶ
3139 4341 3356 4410 Ἰακὼδ,
3415 4344 3511 4398 καὶ
3568 4344 3681 4399 τῶν

428 4460 643 4503 necnon
689 4444 906 4517 noyses
943 4445 1062 4518 ipse
1092 4460 1218 4501 cum
1251 4447 1490 4508 Aarone,
1519 4450 1683 4514 atque
1710 4440 1865 4501 Jesu.
1888 4440 2007 4500 ‹3ae-
2104 4437 2385 4503 ἁνωτάτω,
2436 4438 2534 4491 καὶ
2579 4433 2745 4490 αὐτοῦ
2793 4433 3094 4499 Μωῦσέως,
3145 4435 3239 4489 καὶ
3299 4433 3530 4506 Ἀαρὼν,
3584 4436 3681 4489 καὶ

427 4546 605 4594 terum
641 4535 880 4608 quinque
906 4536 997 4592 illa
1037 4535 1312 4591 volumina
1353 4534 1560 4607 Moysis
1597 4549 1721 4593 esse
1765 4549 1875 4591 non
1903 4550 2008 4606 pu-

2118 4530 2315 4603 Ἰησοῦ.
2361 4528 2475 4594 Τὰς
2509 4528 2567 4583 δὲ
2609 4527 2713 4598 τῆς
2758 4524 3131 4597 Πεντατεύχου
3158 4524 3378 4597 γραφὰς
3407 4526 3509 4580 οὐκ
3536 4521 3680 4580 εἶναι

429 4636 568 4696 tant,
602 4639 656 4686 et
682 4628 787 4686 alia
821 4629 892 4685 ab
925 4627 995 4686 iis
1032 4629 1249 4685 diversa
1276 4643 1448 4700 penes
1483 4643 1542 4685 se
1576 4642 1698 4685 esse
1725 4627 2003 4699 jactitant.
2035 4644 2083 4704 ι)
2104 4619 2388 4681 Μωῦσέως
2417 4614 2855 4688 δογματίζουσῑν.
2884 4612 3048 4678 ἄλλας
3081 4612 3139 4666 δὲ
3173 4614 3306 4684 παρ’
3331 4612 3503 4679 αὐτὰς
3533 4613 3681 4686 ἔχειν

504 4812 797 4870 lIerodiani
833 4826 958 4867 cum
994 4810 1212 4869 Judaeos
1239 4813 1295 4867 in
1335 4812 1590 4868 omnibus
1625 4825 1746 4868 sese
1777 4815 2004 4882 praesta-

432 4915 588 4969 rent,
636 4900 903 4959 Herodem
932 4902 1213 4958 Christum
1245 4917 1368 4960 esse
1399 4902 1811 4974 profitebantur,
1846 4902 2005 4973 eique

433 4995 634 5052 Christi
666 4992 981 5064 dignitatem
1019 5006 1082 5046 ac
1107 5006 1302 5048 nomen
1327 4990 1672 5062 affingebant.

505 5089 722 5145 Primus
759 5089 860 5145 iste
887 5095 1072 5144 tomus
1094 5094 1180 5142 est
1203 5127 1219 5152 ,
1249 5086 1345 5157 qui
1378 5086 1611 5142 baercses
1640 5101 1711 5140 xx
1739 5082 2003 5139 continet.

436 5176 497 5236 ln
523 5181 712 5238 codem
743 5179 812 5237 de
838 5177 1214 5236 lncarnatione
1244 5177 1472 5241 Christi,
1509 5192 1574 5232 ac
1605 5173 1854 5234 veritatis
1876 5187 2006 5243 pro-
2043 5210 2050 5218 -

374 5274 378 5279 ’
441 5269 680 5328 sessione
698 5282 971 5342 postremo
1013 5272 1130 5328 loco
1157 5267 1468 5327 disseritur.

516 5509 535 5541 ¹
578 5509 684 5580 Γρ.
709 5510 1058 5580 ἀφηνιασται.

2107 4705 2559 4764 διαόεόαιοῦνται.

2188 4796 2525 4870 ἩρωδιανοΣ,
2559 4794 2609 4848 οἳ
2653 4795 2898 4850 Ἰουδαῖοι
2949 4793 3046 4865 μὲν
3082 4788 3225 4866 ἦσαν
3278 4791 3423 4848 κατὰ
3477 4794 3676 4860 πάντα,

2119 4884 2367 4960 Ἡρώδην
2393 4886 2452 4940 δὲ
2484 4885 2717 4957 Χριστὸν
2755 4882 3117 4956 προσεδόκων,
3156 4883 3252 4937 καὶ
3289 4883 3464 4956 τούτῳ
3494 4885 3555 4939 τὸ
3582 4887 3677 4939 τοῦ

2107 4978 2346 5052 Χριστοῦ
2377 4977 2698 5033 ἀπεδίδοσαν
2718 4975 2885 5046 γέρας
2910 4975 3005 5029 καὶ
3030 4974 3221 5046 ὄνομα.

2180 5066 2347 5135 ὐῦτος
2376 5070 2405 5123 ὁ
2430 5069 2644 5142 πρῶτος
2663 5067 2851 5137 τόμος,
2880 5067 3149 5140 περιέχων
3181 5067 3323 5121 κατὰ
3347 5067 3538 5121 πασῶν
3570 5068 3679 5122 τῶν

2108 5164 2282 5218 εἴκοσι
2308 5161 2514 5216 τούτων
2540 5160 2825 5231 αἱρέσεων.
2864 5160 2950 5214 Ἐν
2978 5159 3128 5231 αὐτῷ
3152 5159 3209 5212 δὲ
3239 5160 3332 5212 καὶ
3358 5161 3394 5231 η
3426 5161 3557 5231 περὶ
3577 5162 3678 5231 τῆς

2110 5253 2347 5327 Χριστοῦ
2375 5250 2631 5323 ὲνδημίας
2656 5250 2929 5319 ὑπόθεσις,
2964 5251 3059 5305 καὶ
3084 5252 3119 5322 ὴ
3145 5250 3244 5322 τῆς
3267 5249 3526 5322 ἀληθείας
3548 5252 3678 5323 ὁμο·

2111 5345 2289 5415 λογία.
