3850 6517
234 499 336 555 at

848 496 974 552 Am
991 498 1217 556 misus
1248 498 1591 554 nAEnEShs
1627 498 1757 551 uu.
1799 498 1837 554 Ι.
1877 495 2039 554 Tou.
2081 500 2146 555 ll.
2191 531 2260 541 —
2298 502 2570 557 ttAEnES.
2613 504 2780 560 XXX.

3378 512 3485 568 ln

230 614 424 670 εἰπεῖν.
453 610 617 666 ’Δλλά
636 612 734 667 καὶ
753 613 883 685 παρ’
903 612 1067 669 ἀλλον
1095 614 1317 677 τινὸςτὸ
1339 613 1581 667 τοιοῦτον
1608 613 1816 682 ηκουσα
1845 620 1888 674 Α
1916 613 2095 668 nenda
2138 614 2279 669 serie
2309 628 2585 670 narrasse.
2629 613 2785 681 Quod
2818 615 3043 689 insuper
3085 618 3159 675 ab
3198 620 3309 677 alio
3342 635 3482 693 quo-

231 703 313 757 ῐτι
339 704 496 767 δντος
534 702 790 758 Ἰουδαίου
810 702 899 757 διὰ
920 703 1012 757 τθν
1036 705 1143 757 τῶν
1180 702 1446 757 Ἰουδαίων
1468 702 1654 773 φόδον,
1681 700 1811 755 ἀνα-

1910 703 2055 773 piam
2084 703 2293 775 accepi,
2326 704 2419 774 qui
2460 703 2679 760 ludaeus
2713 706 2894 764 adbuc
2923 709 2993 764 ob
3023 709 3238 765 illorum
3273 720 3483 769 metum

232 796 399 867 μέσον
449 790 509 847 δέ
567 791 910 865 Χριστιανῶν
964 793 1222 858 πολλάκις
1272 792 1660 866 διατρίΰοντος,
1714 791 1811 845 καὶ
1909 800 2052 858 erat,
2083 799 2247 863 atque
2281 794 2424 848 inter
2447 794 2791 850 Christianos
2818 813 3060 871 persaepe
3082 801 3333 873 degebat,
3359 815 3484 861 eos-

229 887 593 959 Χριστιανοὺς
637 887 908 956 τιμῶντός
936 902 1000 940 τε
1041 888 1139 941 καὶ
1171 886 1513 956 ἀγαπῶντος,
1556 883 1808 939 συνοδεύ-

233 977 426 1042 σαντός
452 995 541 1050 μοι
567 979 626 1032 ἐν
645 979 713 1049 τῇ
740 978 936 1048 ἐρήμῳ
958 978 1058 1047 τῆς
1080 976 1284 1047 Βαιθὴλ
1311 978 1408 1030 καὶ
1453 975 1693 1047 Ἐφραῒμ
1714 976 1809 1030 ἐπὶ

230 1070 329 1141 τὴν
356 1069 571 1141 ὀρεινήν
601 1067 953 1140 ἀνερχομένῳ
989 1068 1098 1122 ἀπὸ
1118 1068 1217 1138 τῆς
1255 1066 1535 1140 Ἱεριχοῦς,
1576 1068 1672 1121 καὶ
1707 1068 1805 1120 ἀν-

230 1159 530 1213 τιδάλλοντι
565 1158 703 1231 πρὸς
726 1158 892 1211 αὐτὸν
917 1158 1046 1229 περὶ
1086 1158 1185 1229 τῆς
1212 1156 1307 1210 τοῦ
1331 1155 1567 1228 Χριστοῦ
1593 1172 1804 1229 παρου-

233 1250 373 1315 σίας,
396 1248 490 1303 καὶ
516 1246 686 1302 αὐτοῦ
712 1249 790 1320 μὴ
815 1248 1208 1316 ἀντιλέγοντος.
1239 1244 1582 1319 Θαυμάζοντι
1609 1245 1667 1300 δέ
1691 1262 1804 1317 μοι,

229 1339 322 1391 καὶ
344 1336 620 1410 ἐροηῶντι
645 1338 813 1392 αὐτὸν
841 1336 942 1410 τὴν
969 1337 1149 1392 αἰτίαν
1180 1332 1269 1409 (ἦν
1296 1337 1405 1409 γάρ
1434 1337 1532 1391 καὶ
1562 1348 1807 1408 νομσμα-

226 1416 325 1500 θὴς
345 1430 442 1484 καὶ
461 1428 763 1500 δυνάμενος
787 1428 1131 1500 ἀντιλέγειν),
1162 1428 1303 1493 τίνος
1335 1428 1494 1500 χάριν
1533 1428 1634 1481 οὐκ
1656 1428 1806 1483 ἀντι-

227 1520 395 1588 λέγει,
417 1518 555 1574 ἀλλά
576 1517 826 1573 πείθεται
850 1519 980 1593 περὶ
998 1517 1235 1590 Χριστοῦ
1276 1517 1453 1591 Ἰησοῦ
1470 1516 1565 1571 τοῦ
1594 1517 1802 1589 Κυρίου

229 1610 405 1684 ήμῶν,
432 1612 644 1667 ἀκούων
670 1610 742 1665 τά
757 1609 1016 1666 τοσαῦτα·
1039 1609 1353 1680 ἀπεκάλυψέ
1382 1626 1473 1681 μοι
1502 1608 1596 1663 καὶ
1622 1600 1799 1677 οὗτος,

225 1703 303 1767 ὡς
337 1703 546 1774 μέλλων
583 1702 843 1775 τελευτᾷν
880 1702 1082 1773 ήκουσε
1110 1702 1240 1773 παρ’
1287 1699 1468 1754 αὐτῶν
1508 1700 1590 1764 είς
1633 1698 1802 1770 ἀκοὴν

102 1862 108 1868 ἢ
224 1794 386 1848 ὠτίου
417 1796 476 1848 ἐν
497 1792 836 1867 ψιθυρισμῷ,
872 1794 958 1848 ὅτι
990 1790 1199 1865 Ἰησοῦς
1228 1791 1465 1864 Χριστὸς
1491 1792 1521 1844 ὀ
1555 1807 1805 1863 σταυρω-

222 1884 337 1949 θεὶς
366 1885 493 1950 Υἱὸς
520 1883 616 1940 τοῦ
657 1884 795 1939 Θεοῦ
834 1883 1017 1956 μέλλει
1056 1898 1117 1936 σε
1152 1883 1381 1955 κρίνειν.
1426 1880 1587 1935 Ἀλλά
1625 1879 1801 1935 ταῦτά

225 1994 316 2049 μοι
339 1976 469 2049 περὶ
489 1976 717 2043 τούτων,
746 1978 841 2031 καὶ
867 1977 1013 2031 κατά
1031 1975 1222 2030 τοῦτον
1253 1974 1348 2028 τὸν
1380 1973 1536 2043 λόγον
1565 1970 1802 2026 ἐνταῦθά
1831 1956 1873 2010 Β

225 2083 316 2138 μοι
351 2065 412 2133 ἐξ
438 2064 702 2137 ἀληθινῆς
724 2065 893 2137 ἀκοῆς
922 2063 1300 2137 παρακείσθω.

293 2248 347 2305 l'.
389 2248 511 2302 Ἔτι
541 2247 601 2302 δὲ
640 2249 671 2301 δ
715 2245 979 2317 Ἰώσηπος
1021 2246 1084 2301 ἐν
1122 2244 1264 2315 νόσῳ
1296 2236 1388 2315 ἣν,
1421 2244 1516 2299 καὶ
1558 2240 1800 2301 ἀκούσας

221 2338 372 2410 παρὰ
402 2338 497 2392 τοῦ
526 2338 921 2410 πρεσδυτέρου,
954 2337 1032 2401 ὡς
1064 2338 1346 2407 προεῖπον,
1384 2333 1526 2405 μετὰ
1550 2330 1664 2385 τῶν
1700 2329 1800 2384 ἀλ-

225 2426 357 2490 λων,
372 2427 454 2480 ὅτι
488 2427 697 2496 Ἰησοῦς
726 2426 961 2498 Χριστός
992 2442 1053 2478 σε
1078 2426 1275 2497 κρινεῖ,
1299 2422 1381 2478 ῑτι
1409 2420 1796 2493 ἐσκληρύνετο.

242 2515 305 2569 Ὀ
330 2516 390 2569 δέ
416 2516 619 2589 Κύριος
642 2516 801 2571 πάλιν
828 2518 967 2588 πρὸς
991 2516 1150 2570 αὑτὸν
1182 2516 1323 2569 κατὰ
1341 2516 1441 2584 τὴν
1467 2512 1635 2568 αὐτοῦ
1675 2510 1800 2580 φιλ-

230 2604 545 2677 ανθρωπίαν
598 2604 664 2659 δι’
708 2605 990 2677 ὁράματος
1048 2603 1297 2657 ἐνυπνίου
1315 2642 1332 2668 ,
1386 2602 1550 2669 Ἰδοὺ,
1598 2599 1765 2671 φησὶν
1783 2642 1799 2667 ,

230 2696 401 2768 ίῶμαί
438 2713 499 2750 σε
516 2713 533 2728 ·
555 2695 691 2749 ἀλλά
715 2694 957 2759 ἀναστάς
983 2696 1229 2747 πίστευε.
1267 2692 1528 2755 Ἀναστάς
1553 2692 1613 2745 n
1644 2681 1805 2746 πάλιν

220 2790 331 2845 ἀπὸ
360 2792 465 2861 τῆς
491 2790 670 2854 νόσου,
699 2788 805 2842 οὐκ
838 2786 1181 2842 ἐπίστευσεν.
1209 2780 1532 2853 Ὗγιαίνοντι
1554 2780 1613 2836 δέ
1636 2779 1802 2853 αὐτῷ,

220 2882 473 2955 φαίνεται
509 2881 540 2935 ὀ
571 2880 782 2953 Κύριος
826 2878 990 2933 πάλιν
1021 2875 1148 2930 κατ’
1173 2874 1343 2947 ὄναρ,
1381 2870 1630 2941 ἐγκαλῶν
1658 2871 1805 2943 αὐτῷ

221 2972 288 3026 δι’
318 2974 386 3044 ἢν
406 2971 588 3026 αἰτίαν
615 2972 718 3025 οὐκ
744 2969 1083 3023 ἐπίστευσεν.
1120 2962 1546 3042 ’βτταγγόλλεται
1573 2962 1633 3017 δὲ
1654 2959 1805 3032 αὐτῷ

222 3059 400 3133 λέγων
426 3063 457 3117 ὀ
482 3059 685 3134 Κύριος
712 3062 817 3124 ὅτι,
842 3058 939 3123 Είς
972 3054 1345 3129 πληροφορίαν
1378 3051 1638 3118 πίστεως,
1670 3048 1726 3103 εἴ
1746 3064 1805 3103 τι

221 3149 405 3223 βούλει
446 3152 510 3205 ἐν
538 3150 758 3222 ὀνόματί
794 3166 893 3220 μου
922 3146 1243 3218 θεοσήμειον
1269 3141 1641 3216 ἐργάσασθαι,
1679 3142 1799 3194 ἐπι-

1907 898 2015 952 que
2065 892 2120 938 et
2164 882 2492 938 observabat
2523 884 2817 953 plurimum
2864 894 2919 942 et
2969 890 3346 962 amabatzqui
3384 904 3485 962 per

1905 971 2144 1029 Betbelis
2194 972 2584 1045 Ephraimique
2632 975 2982 1031 solitudinem
3021 979 3092 1033 ab
3132 981 3268 1035 urbe
3304 980 3486 1037 Hieri-

1904 1064 2127 1120 chuntis
2150 1066 2220 1119 ad
2240 1066 2502 1120 montium
2528 1065 2658 1136 juga
2697 1065 2941 1122 tendenti
2975 1068 3108 1122 milti
3141 1072 3396 1125 comitem
3423 1086 3488 1128 se

1902 1154 2120 1211 itineris
2145 1154 2414 1225 adiunxit.
2447 1154 2587 1210 iluic
2615 1172 2717 1227 ego
2761 1170 2886 1211 eum
2919 1157 2989 1214 de
3025 1159 3231 1214 Christi
3267 1160 3484 1217 Domini

1902 1244 2140 1301 adventu
2168 1247 2431 1301 nonnulla
2458 1262 2836 1317 proponerem,
2858 1247 3028 1304 'nulla
3066 1250 3121 1305 in
3168 1266 3229 1305 re
3258 1257 3480 1307 contra·

1901 1335 2139 1392 dicebat.
2180 1335 2297 1403 Qua
2329 1352 2390 1391 re
2426 1337 2721 1408 plurimum
2765 1337 3090 1407 admiratus,
3124 1341 3254 1411 qnid
3301 1355 3488 1397 eausa

1903 1426 2125 1481 tandem
2162 1435 2308 1483 esset
2334 1427 2612 1484 bominem
2655 1429 2986 1501 interrogavi
3022 1430 3098 1501 (et
3124 1440 3242 1487 erat
3277 1434 3481 1503 alioqui

1902 1515 2037 1587 legis
2067 1531 2183 1573 sua
2211 1519 2440 1588 peritus.
2463 1532 2530 1573 ac
2567 1517 2882 1589 disputandi
2905 1535 3042 1576 sane
3085 1536 3194 1576 non
3230 1522 3479 1596 expers).

1904 1622 2028 1672 cur,
2057 1609 2304 1679 inquam,
2339 1610 2473 1665 mibi
2501 1610 2636 1665 nibil
2665 1611 3041 1681 responderet,
3068 1626 3131 1667 ac
3160 1612 3229 1669 cle
3261 1614 3486 1672 Christo

1901 1697 2032 1756 Iesu
2071 1698 2304 1755 Domino
2333 1708 2522 1757 nostro
2557 1701 2692 1757 mibi
2720 1706 3074 1760 consentiret.
3121 1706 3201 1761 Ad
3235 1722 3356 1776 quae
3387 1707 3484 1765 ille

1903 1791 2158 1860 subiecit,
2205 1791 2591 1847 moribundum
2624 1806 2686 1849 se
2723 1793 3054 1865 quandoque
3102 1812 3133 1849 a
3161 1794 3366 1853 Judaeis
3394 1798 3482 1853 in·

1904 1880 2180 1938 susurrari
2219 1882 2322 1937 sibi
2353 1882 2408 1937 in
2442 1897 2627 1938 aurem
2657 1885 2850 1940 leviter
2876 1886 3117 1948 audisse.
3140 1886 3301 1943 lesus
3319 1887 3482 1943 Clirl-

1901 1979 2021 2027 stus
2049 1969 2347 2026 crucifixus
2387 1969 2482 2027 Dei
2510 1970 2682 2030 Filius
2721 1972 2791 2030 de
2824 1983 2877 2031 te
2904 1976 3193 2047 judicabit.
3225 1977 3331 2034 Sed
3365 1980 3481 2037 haee

1900 2061 2184 2125 hactenus,
2214 2061 2360 2132 quod
2401 2062 2469 2116 ad
2503 2079 2616 2118 rem
2654 2074 2975 2136 presentem
3020 2068 3236 2137 attinet,
3288 2085 3480 2127 revera

1889 2160 1960 2207 -ut
1986 2151 2296 2221 accepimus
2320 2152 2465 2208 dicta
2489 2161 2674 2209 sunto.

1968 2241 2037 2295 Χ.
2079 2239 2262 2297 Redeo
2297 2242 2409 2313 jam
2450 2245 2520 2300 ad
2569 2244 2890 2318 losepbum.
2929 2246 2981 2304 ls
3022 2264 3148 2304 eum
3196 2248 3250 2304 in
3286 2250 3484 2307 morbo

1899 2331 2080 2386 adhuc
2111 2339 2278 2398 esset,
2306 2343 2362 2389 et
2388 2349 2418 2388 a
2451 2337 2673 2393 seniore
2711 2338 2853 2393 inter
2889 2340 2995 2393 alia
3029 2339 3143 2395 liaec
3174 2356 3296 2411 qnae
3334 2340 3478 2395 dixi·

1900 2435 2026 2475 mus
2060 2421 2382 2485 inaudisset‚
2409 2422 2569 2479 lesus
2590 2425 2846 2483 Christus
2874 2428 2942 2483 de
2965 2436 3019 2484 te
3037 2430 3325 2498 judicabit,
3359 2432 3480 2485 ani-

1902 2526 2051 2565 mum
2097 2510 2459 2569 nibilominus
2489 2514 2835 2572 obfirmabat.
2881 2519 3047 2589 lgitnr
3079 2518 3345 2575 Dominus
3376 2536 3480 2590 pro

1900 2601 2108 2671 ingenti
2155 2617 2255 2656 sua
2294 2618 2421 2674 erga
2473 2604 2725 2661 homines
2772 2610 3147 2665 misericordia
3189 2611 3386 2665 iteruin
3425 2610 3480 2666 ei

1903 2707 1964 2747 se
1991 2691 2047 2745 in
2077 2693 2288 2748 somnis
2319 2694 2531 2763 objicit,
2563 2695 2769 2767 Teque,
2801 2698 2897 2764 ait,
2947 2700 3166 2755 sanitati
3202 2701 3468 2769 restituo';

1903 2797 2088 2854 surge,
2122 2782 2302 2848 modo,
2333 2791 2388 2839 et
2421 2799 2565 2841 nune
2604 2787 2820 2843 demum
2859 2792 3086 2845 credito.
3132 2790 3334 2848 Verum
3384 2793 3479 2849 ubi

1905 2872 2205 2937 convaluit,
2260 2888 2330 2928 ne
2377 2882 2494 2928 tum
2542 2876 2764 2947 quidem
2807 2880 3062 2934 credidit.
3109 2881 3307 2936 lterum
3346 2899 3478 2955 ergo

1906 2963 2362 3035 recuperatajam
2389 2966 2624 3023 sanitate
2662 2983 2757 3039 per
2783 2972 2962 3025 visum
2994 2972 3044 3025 ei
3089 2969 3351 3027 Dominus
3391 2974 3480 3026 ol'·

1907 3053 2102 3119 fertur.
2139 3066 2194 3109 et
2223 3056 2368 3127 quod
2409 3058 2650 3113 nondum
2681 3059 3005 3116 credidisset
3044 3070 3287 3117 accusat.
3320 3061 3482 3135 136

1906 3146 2039 3201 lnde
2061 3148 2398 3217 amplissima
2423 3149 2669 3220 quaedam
2692 3154 3018 3223 promittens
3041 3154 3120 3209 sic
3147 3155 3475 3225 alloquitur:

220 3237 467 3303 κάλεσαι.
507 3236 668 3307 κάγὼ
706 3237 939 3307 ποιήσω·
974 3232 1313 3303 Μαινόμενος
1337 3230 1395 3285 δὲ
1420 3247 1506 3295 τις
1532 3226 1603 3301 ἦν
1638 3231 1700 3283 ἐν
1732 3230 1803 3301 τῆ
1909 3234 1981 3291 Ut
2014 3238 2136 3302 tibi,
2174 3225 2370 3309 iuquit,
2414 3240 2484 3295 de
2516 3241 2796 3310 religionis
2840 3258 2973 3298 meae
3016 3243 3122 3297 flue
3167 3254 3398 3308 constet.
3431 3245 3479 3301 st

228 3330 398 3397 πόλει,
435 3331 496 3395 δς
529 3330 737 3402 γυμνὸς
763 3332 866 3401 τὴν
897 3327 1054 3381 πόλιν
1085 3325 1332 3397 περιῄει,
1363 3324 1509 3396 φημὶ
1534 3322 1593 3377 δὲ
1618 3325 1678 3377 ἐν
1711 3323 1805 3376 Τι-
1829 3294 1878 3356 c
1908 3327 2053 3397 quod
2097 3328 2152 3383 in
2200 3329 2419 3385 nomine
2451 3345 2573 3385 meo
2612 3332 2919 3402 prodigium
2970 3334 3183 3390 efllcere
3219 3337 3479 3401 volueriS,

233 3419 472 3493 ὅψῑᾶδῑ,
515 3422 611 3475 καὶ
656 3421 915 3483 πολλάκις
962 3417 1404 3487 ἰνδιδυσκόμενος
1452 3415 1555 3487 τὴν
1600 3415 1807 3485 ἰσθῆτα
1907 3420 2174 3490 meipsum
2222 3420 2437 3486 invoca,
2475 3436 2577 3493 ego
2620 3423 2718 3478 tibi
2751 3425 3040 3495 praestabo.
3081 3428 3211 3481 Erat
3256 3429 3311 3483 in
3345 3430 3480 3484 urbe

151 3553 163 3562 ·
225 3507 597 3582 &lbfflrfw‘vn
623 3509 702 3573 ὡς
724 3509 844 3573 ἔθος
866 3510 978 3571 τοῖς
1003 3506 1286 3569 maome.
1316 3506 1376 3560 ⁰0
1395 3500 1491 3559 (ἦν
1518 3504 1804 3573 Ἰώσηπος.
1905 3506 2197 3567 Tiberiade
2227 3511 2474 3569 furiosus
2503 3514 2744 3584 quidam,
2794 3516 2943 3569 nudo
2979 3533 3208 3588 corpore
3243 3520 3481 3574 circum-

219 3593 545 3668 βουλόμενος
573 3598 633 3651 ἐν
657 3597 825 3669 πείρᾳ
850 3597 1105 3669 γενέσθαι
1147 3596 1245 3650 τοῦ
1285 3594 1587 3665 ὁράματος,
1631 3593 1808 3648 διστά-
1905 3614 2166 3662 cursans.
2201 3605 2295 3675 qui
2330 3621 2453 3659 cum
2505 3607 2703 3676 saepius
2734 3606 3073 3677 indueretur,
3110 3617 3170 3663 ut
3207 3610 3477 3679 ejusmodi

221 3683 333 3749 ζων
374 3682 435 3737 δέ
482 3683 564 3737 ἔτι
586 3723 603 3751 ,
651 3684 793 3738 αίδοῖ
838 3686 1146 3755 κατείχετο.
1197 3681 1628 3752 Παραλαμδάνει
1672 3680 1806 3751 γοῦν

222 3773 409 3828 τοῦτον
438 3774 604 3840 ἐνδον,
629 3778 726 3829 καὶ
754 3776 1089 3836 ἀποκλείσας
1115 3772 1215 3841 τὴν
1238 3771 1430 3839 θύραν,
1462 3770 1609 3841 ὕδωρ
1631 3788 1692 3824 τε
1714 3772 1807 3827 λα-

225 3864 338 3917 ὀὼν
367 3866 447 3927 εὶς
479 3864 578 3935 τὴν
614 3867 795 3935 χεῖρα,
827 3864 925 3917 καὶ
955 3860 1265 3931 σφραγίσας
1297 3858 1451 3923 αὐτὸ,
1491 3860 1808 3931 ἐρράπισεν

225 3952 323 4006 ἐπὶ
357 3952 450 4003 τὸν
479 3951 702 4020 ἐμμανῆ
730 3950 1039 4021 ἄνθρωπον,
1069 3948 1250 4018 φήσας
1271 3961 1286 3977 ·
1335 3948 1425 4001 Ἐν
1452 3947 1673 4018 ὀνόματι
1708 3951 1805 4005 τοῦ

239 4039 418 4111 Ἰησοῦ
455 4038 779 4110 Ναζωραίου
804 4037 900 4090 τοῦ
930 4034 1331 4109 σταυρωθέντος
1358 4035 1538 4102 ἔξελθε
1557 4078 1573 4104 ,
1601 4038 1664 4092 τὸ
1690 4038 1807 4092 δαι-

232 4132 435 4203 μόνιον,
477 4129 577 4183 ἀπ’
612 4126 800 4195 αὑτοῦ,
828 4131 923 4182 καὶ
955 4129 1115 4200 ὑγιὴς
1140 4128 1385 4210 γίνηται.
1426 4130 1483 4183 ‘0
1518 4129 1575 4183 δὲ
1602 4130 1810 4203 ἀνθρω-

230 4239 362 4285 πος,
407 4219 726 4290 ἀνακράξας
757 4219 931 4290 μέγα,
981 4220 1075 4273 καὶ
1106 4221 1277 4290 χαμαὶ
1311 4220 1526 4287 πεσὼν,
1566 4222 1808 4293 ἀφρίσας

233 4310 402 4364 πολλὰ
428 4312 522 4364 καὶ
540 4308 895 4381 σπαραχθεὶς,
918 4308 1101 4381 ἔμεινε
1130 4308 1331 4381 πολλὴν
1347 4310 1497 4382 ὥραν
1527 4310 1804 4382 ἀκίνητος.

244 4401 505 4473 Ἰώσηπος
538 4401 597 4454 δὲ
624 4401 891 4472 ὑπενόησε
918 4400 1010 4454 τὸν
1042 4399 1325 4473 ἄνθρωπον
1347 4402 1620 4457 τεθνάναι.
1662 4406 1720 4459 '0
1748 4408 1806 4461 δέ

235 4490 376 4563 μετά
413 4491 561 4563 ὤραν
582 4531 598 4557 ,
626 4490 1045 4561 διατριψάμενος
1084 4485 1151 4543 τδ
1195 4491 1483 4563 πρόσωπον
1501 4534 1517 4558 ,
1567 4494 1765 4567 ἀνέστη
1785 4510 1802 4527 ·

1907 3691 2187 3747 bominum
2238 3710 2356 3751 nuos
2407 3706 2510 3757 est.
2566 3706 2747 3753 vestes
2800 3713 2930 3752 suas
2980 3700 3274 3753 lacerabat.
3321 3699 3378 3755 ln
3411 3715 3481 3756 eo

1901 3779 2172 3852 Iosephus
2192 3800 2312 3853 quae
2337 3801 2433 3853 per
2455 3786 2632 3841 visum
2652 3796 2930 3858 acceperat
2950 3788 3184 3858 experiri
3210 3792 3471 3859 gestiens»,

1903 3871 2153 3926 dubitare
2177 3881 2357 3927 tamen
2387 3875 2654 3937 nonnihil,
2681 3890 2746 3930 ae
2778 3876 2987 3945 pudore
3016 3879 3304 3933 retardari.
3332 3880 3479 3936 Con-

1904 3963 2121 4016 lirmato
2162 3962 2384 4017 tandein
2417 3965 2601 4017 animo
2642 3965 2785 4019 intra
2818 3966 2964 4023 aedes
3007 3968 3257 4037 adducit;
3297 3979 3350 4027 et
3384 3986 3478 4028 oc-

1903 4053 2076 4109 clusis
2093 4052 2304 4109 l'oribus
2325 4069 2523 4124 aquam
2543 4055 2796 4113 manibus
2818 4056 3102 4125 hauriens,
3131 4068 3185 4115 et
3206 4068 3477 4117 amentem

1903 4144 2056 4198 illum
2098 4139 2264 4200 c'ruce
2309 4148 2691 4219 consignatum
2737 4165 3034 4221 aspergens
3071 4169 3088 4207 ι
3132 4153 3192 4207 ln
3234 4153 3475 4217 nomine,

1904 4234 2101 4305 inquit.
2131 4234 2262 4291 «lesu
2292 4235 2558 4294 Nazareni
2584 4240 2830 4295 crucillxi
2876 4244 2984 4309 exi,
3016 4243 3251 4314 daenion,
3284 4246 3479 4302 abhoc

1904 4328 2147 4391 homine.
2195 4328 2350 4397 isque
2381 4345 2548 4386 sanus
2596 4341 2735 4386 esto.
2775 4334 2856 4387 Ad
2888 4336 3000 4388 liaec
3043 4336 3133 4390 ille
3170 4339 3479 4395 vociferans

1905 4423 1960 4470 et
1990 4417 2140 4471 humi
2171 4420 2555 4488 procumbens.
2603 4434 2767 4493 atque
2809 4440 2874 4478 ex
2905 4440 2999 4480 ore
3039 4441 3260 4497 spumas
3288 4445 3478 4501 agens,

1906 4521 2137 4579 seseque
2190 4509 2464 4566 dilanians
2518 4512 2611 4566 diu
2671 4516 2972 4583 permansit
3029 4518 3361 4589 immobilis,
3417 4530 3477 4575 ut

234 4580 365 4635 καὶ*
392 4579 664 4651 θεώμενος
695 4581 797 4651 τὴν
825 4579 958 4633 mm*
985 4579 1287 4650 Υῦμνωσῑνι
1324 4582 1550 4636 ἑαυτὸν
1579 4582 1803 4653 ἔκρυψε»
1833 4617 1881 4673 1)
1910 4607 2183 4653 mortuum
2205 4599 2317 4668 jam
2347 4616 2468 4656 esse
2495 4600 2767 4673 losepbus
2798 4606 3066 4672 crederet,
3102 4608 3289 4665 donec·
3309 4612 3477 4667 inter-

234 4673 332 4726 xa't
351 4671 450 4735 τάς
473 4674 659 4742 χεῖρας
690 4671 784 4723 ἐπὶ
813 4674 883 4741 τῇ
909 4670 1139 4744 αἰσχύνῃ
1169 4672 1430 4735 ἐπετίθει,
1474 4673 1672 4743 μηκέτι
1701 4674 1802 4743 φέ-

239 4779 349 4831 ρων
391 4762 518 4815 ίδεῖν
561 4764 659 4833 τήν
694 4761 830 4815 ἰδίαν
863 4760 1160 4830 γύμνωσιν.
1198 4762 1433 4833 Ὶμάτιον
1458 4763 1517 4816 δέ
1551 4766 1679 4836 παρ’
1703 4766 1804 4819 αὐ-

234 4852 331 4906 τοῦ
361 4852 457 4905 τοῦ
492 4854 754 4924 Ἰωσήπου
773 4893 791 4917 ,
823 4854 883 4920 ἐξ
907 4847 983 4907 ὧν
1016 4847 1190 4923 εἶχεν,
1223 4852 1456 4918 ἐνδυθεὶς
1476 4893 1492 4916 ,
1526 4856 1608 4919 είς
1633 4857 1805 4911 κατά-

237 4960 427 4997 στασιν
452 4944 715 5008 συνέσεως
738 4944 832 4998 καὶ
856 4942 1231 5015 σωφρονισμοῦ
1258 4944 1446 5009 ἐλθὼν,
1468 4946 1547 5017 τῷ
1565 4964 1623 5000 τε
1650 4948 1804 5019 ἀνδρὶ

235 5034 409 5089 πολλὰ
454 5038 855 5110 εὐχαριστήσας
898 5038 993 5090 καὶ
1019 5036 1159 5108 Θεῷ,
1200 5040 1379 5108 γνοὺς,
1425 5040 1506 5093 ὃτι
1539 5039 1606 5094 δι’
1637 5040 1803 5095 αὐτοῦ

237 5125 395 5198 ἔτυχε
423 5128 523 5199 τῆς
554 5128 826 5200 σωτηρίας
845 5168 862 5194 ,
891 5130 951 5183 ἐν
975 5132 1043 5201 τῇ
1072 5130 1226 5184 πόλει
1267 5130 1552 5201 διεφήμιζε
1592 5133 1686 5186 τὸν
1710 5134 1805 5187 ἀν-

236 5219 361 5291 δρα,
388 5220 485 5274 καὶ
502 5222 741 5289 γνωστὸν
767 5221 982 5289 ἐγένετο
1004 5224 1116 5285 τοῖς
1139 5222 1317 5276 ἐκεῖσε
1352 5224 1626 5287 Ἰουδαίοις
1644 5223 1805 5279 τοῦτο

236 5309 301 5363 τὸ
342 5314 586 5382 σημεῖον.
629 5311 867 5382 Θρύλλος
910 5312 967 5366 δέ
1014 5312 1178 5374 πολὺς
1228 5312 1589 5383 ἠκολούθησεν
1633 5316 1692 5367 ἐν
1733 5318 1801 5386 τῇ

240 5399 429 5468 πόλει,
463 5401 760 5470 λεγόντων·
805 5404 886 5457 ὅτι
922 5402 1179 5474 ’Ἰώσηπος
1206 5402 1275 5457 τὰ
1301 5404 1674 5473 γαζοφυλάκια
1711 5408 1806 5460 ἀν-

236 5490 420 5559 οίξας,
472 5494 568 5547 καὶ
597 5494 770 5566 εὑρὼν
796 5495 1178 5567 γεγραμμένον
1220 5495 1282 5548 τὸ
1321 5495 1490 5566 ὄνομα
1514 5496 1608 5551 τοῦ
1645 5499 1801 5565 Θεοῦ,

240 5583 338 5637 καὶ
384 5583 647 5653 ἀναγνοὺς
666 5625 681 5649 ,
730 5589 931 5657 σημεῖα
980 5585 1191 5657 μεγάλα
1237 5585 1544 5656 ἐργάζεται.
1588 5585 1696 5642 Ἦν
1748 5590 1806 5643 δέ

239 5668 440 5745 ἀληθὲς
466 5672 528 5726 τὸ
556 5674 646 5729 ὑπ’
673 5674 851 5731 αὐτῶν
878 5676 1187 5748 λεγόμενον,
1208 5676 1307 5746 οὐχ
1334 5675 1411 5741 ὡς
1435 5675 1491 5731 δὲ
1517 5678 1669 5733 αὐτοὶ
1697 5678 1801 5733 ὑπ-

322 5848 339 5879 ·
370 5863 463 5918 γρ.
503 5846 854 5917 θεασάμενος.
932 5847 953 5877 ’
985 5862 1077 5915 γρ.
1104 5845 1361 5917 ἔκρυπτε.

1905 4688 2056 4758 jecto
2081 4690 2230 4746 borae
2263 4693 2438 4763 spatio
2473 4693 2681 4748 vultum
2711 4695 3012 4765 perfricans
3039 4700 3296 4753 surrexit.
3333 4697 3475 4755 Tum

1909 4796 1970 4836 se
2021 4783 2224 4837 nudum
2279 4783 2716 4842 animadvertens
2758 4788 3059 4852 occultare,
3110 4803 3174 4845 ac
3224 4791 3473 4872 manibus

1911 4870 2168 4944 pudenda
2202 4884 2505 4944 protegere,
2535 4892 2600 4932 eo
2627 4892 2687 4933 se
2717 4878 2903 4933 babitu
2929 4880 3175 4949 corporis
3204 4896 3326 4936 esse
3353 4896 3477 4952 per·

1908 4962 2137 5018 moleste
2162 4962 2324 5020 serre.
2361 4964 2602 5037 Denique
2631 4978 2778 5025 veste
2801 4970 2869 5024 ab
2895 4968 3134 5042 Josepbo
3153 4987 3217 5026 ex
3249 4972 3318 5027 iis
3342 4987 3478 5042 qua-

1909 5068 2031 5107 rum
2065 5055 2221 5125 copia
2273 5062 2390 5110 erat
2437 5058 2658 5127 injecta,
2712 5062 2814 5116 sibi
2855 5064 3142 5118 restitutus
3186 5064 3479 5135 animoque

1908 5147 2251 5216 compositus
2300 5161 2525 5219 magnas
2560 5152 2635 5207 illi
2691 5154 2992 5207 secundum
3041 5152 3210 5207 Deum
3270 5155 3478 5225 gratias

1906 5235 2040 5305 egit,
2072 5235 2310 5304 cujusse
2332 5238 2596 5294 beneflcio
2616 5241 2902 5296 liberatum
2939 5250 3291 5310 agnosceret:
3323 5260 3479 5301 eum-

1907 5320 2141 5392 demque
2178 5332 2290 5379 tota
2330 5328 2466 5382 urbe
2500 5330 2858 5400 pervulgavit.
2901 5330 2979 5384 lta
3011 5328 3323 5388 Judaeorum
3358 5349 3472 5388 om·

1911 5413 2062 5467 nium
2122 5416 2213 5485 qui
2260 5417 2384 5472 istie
2431 5428 2587 5474 erant
2636 5436 2796 5477 aures
2845 5417 3092 5478 miraculi
3142 5424 3290 5481 illins
3333 5424 3477 5480 sama

1910 5502 2169 5570 pervasit.
2206 5504 2286 5559 Ex
2315 5521 2427 5577 quo
2457 5523 2646 5564 rumor
2672 5511 2863 5582 ingens
2891 5513 3223 5584 percrebuit,
3259 5514 3335 5568 ita
3365 5512 3477 5567 illis

1905 5590 2292 5661 jactantibus:
2346 5594 2616 5669 Joseplius
2672 5610 2860 5671 aperto
2900 5603 3286 5675 gazophylacio
3337 5600 3475 5657 seri-

1910 5691 2063 5754 ptum
2093 5682 2189 5741 Dei
2228 5700 2428 5743 nomen
2461 5690 2692 5757 invenit,
2721 5707 2898 5766 eoquo
2929 5695 3072 5756 tecto
3093 5692 3325 5750 mirissct
3350 5704 3475 5765 9⁰¹·-
