3850 6517
302 495 407 552 539
1719 496 1780 553 S.
1822 495 2165 553 empnam!
3470 498 3591 557 560

372 609 534 665 xvu.
565 607 705 678 Quid
735 611 842 679 jam
875 609 1021 664 aliud
1055 608 1314 679 deinceps
1335 607 1598 679 eloquar?
1623 618 1719 665 aut
1756 626 1884 681 quo-
1914 618 1959 673 Α
2058 610 2160 665 ΙΖ’.
2195 608 2262 662 Τί
2289 607 2344 663 δὲ
2374 607 2561 679 ἕτερον
2592 607 2832 679 εἴποιμις
2872 609 2905 680 ἢ
2942 607 3060 673 πῶς
3096 608 3456 684 ἀποσείσομαι
3488 611 3591 668 τὸν

300 705 465 760 modo
490 718 770 759 coenosam
806 702 947 756 banc
975 701 1410 772 disputationem
1438 701 1695 772 abjiciam
1720 744 1735 769 ,
1758 719 1883 759 cum
1990 701 2210 774 πηλώδη
2259 701 2448 755 τοῦτον
2487 703 2646 755 πόνον
2672 745 2687 767 ,
2744 702 3067 773 βουλόμενος
3112 703 3210 774 μὲν
3252 705 3448 759 εἰπεῖν.
3485 707 3590 760 καὶ

297 803 354 851 et
385 795 570 857 velim,
600 801 655 849 et
682 791 853 848 nolim
902 809 1011 848 una
1050 793 1256 858 dicere,
1289 808 1353 849 ac
1391 794 1626 864 quadam
1664 793 1884 850 dicendi
1990 791 2065 863 μὴ
2111 789 2450 862 βουλόμενος,
2493 791 2937 862 ἀναγκαζόμενος
2980 791 3058 855 δὲ,
3105 794 3194 847 ἵνα
3238 794 3313 864 μὴ
3346 793 3493 856 δόξω
3529 811 3589 851 τι

299 888 630 942 necessitate
655 887 1028 958 constringar,
1063 902 1131 943 ne
1163 886 1294 957 quid
1323 900 1514 942 eorum
1549 902 1670 958 qnae
1696 888 1888 943 insunt

298 991 487 1031 revera
516 977 902 1034 dissimulasse
934 978 1161 1046 videar,
1196 987 1252 1032 et
1283 978 1414 1032 illud
1453 991 1650 1033 verear
1676 984 1882 1042 tamen,

296 1081 367 1120 ne
407 1066 628 1121 illorum
678 1067 1021 1123 detestandis
1073 1066 1293 1138 flagitiis
1339 1066 1649 1138 patefactis,
1695 1082 1889 1137 quem·

296 1176 461 1232 quiam
494 1168 591 1216 aut
617 1161 878 1226 inficiam,
901 1171 996 1217 aut
1025 1163 1396 1220 exstimulent.
1417 1160 1562 1216 etad
1592 1161 1682 1214 illa
1710 1162 1888 1216 curio·

297 1255 418 1310 sius
451 1254 759 1324 indaganda
796 1252 941 1310 faces
979 1255 1048 1310 iis
1080 1255 1393 1321 subjiciam,
1426 1253 1518 1324 qui
1545 1253 1887 1322 voluptatum

297 1357 365 1398 ac
390 1343 750 1414 cupiditatum
784 1342 1059 1400 illecebris
1112 1344 1509 1399 abducuntur?
1545 1341 1652 1398 Sed
1685 1342 1887 1398 nihilo-

298 1436 481 1490 minus
532 1435 601 1490 ab
628 1434 902 1504 eiusmodi
951 1436 1217 1493 daemonis
1263 1444 1386 1493 satu
1435 1443 1488 1491 et
1537 1434 1890 1506 improbitate

298 1533 409 1580 tam
443 1541 565 1597 ego,
599 1541 763 1596 quam
809 1534 1018 1582 sanctte
1067 1535 1235 1598 atque
1293 1527 1578 1583 catholica}
1626 1526 1891 1584 Ecclesiae

287 1633 427 1689 -spes
449 1618 653 1682 omnis,
690 1633 758 1674 ac
788 1618 1043 1690 quisquis
1075 1619 1129 1673 in
1166 1618 1270 1674 boc
1295 1626 1544 1675 nostrum
1574 1634 1716 1690 opus
1750 1619 1891 1675 inci-

299 1709 461 1774 derit,
497 1711 744 1783 integer,
765 1710 1171 1782 inviolatusque
1204 1721 1474 1770 servetur.
1504 1709 1662 1778 Quod
1692 1711 1740 1767 si
1780 1725 1891 1766 cae—

299 1809 434 1866 tera,
466 1818 590 1873 qnae
628 1803 698 1858 ab
749 1803 859 1860 i-llis
893 1803 1157 1859 dicuntur
1187 1810 1280 1857 aut
1324 1803 1462 1858 liunt
1505 1812 1708 1874 quanta
1736 1811 1886 1870 sunt,

299 1899 464 1963 atque
487 1894 778 1964 ejusmodi,
806 1895 988 1966 qualia
1032 1895 1147 1965 jam
1181 1894 1753 1958 commemoravimus,
1797 1901 1891 1948 aut

1986 879 2093 932 τῶν
2138 877 2308 931 ὄντων
2349 879 2765 950 παρακρύπτειν
2791 895 2805 911 ·
2855 881 2950 935 καὶΙ
2988 881 3153 950 φο6ού
3162 900 3342 953 μενος,
3379 885 3467 938 ἵνα
3504 885 3587 958 μὴ

1987 970 2388 1026 ἀποκαλύπτων
2410 971 2477 1026 τὰ
2500 972 2647 1026 δεινὰ
2680 973 2860 1026 αὐτῶν
2892 973 2925 1045 ἢ
2949 975 3155 1045 χρᾰνω,
3184 975 3217 1046 ἢ
3245 976 3459 1048 πλήξω,
3497 980 3588 1045 είς

1984 1065 2049 1118 τὸ
2089 1064 2559 1137 περιεργάσασθαι
2606 1067 2735 1138 περὶ
2782 1065 2971 1120 τούτου
3021 1067 3148 1131 τοὺς
3191 1068 3585 1139 ἀπαγομένους

1986 1158 2203 1230 ἡδοναῖς
2236 1159 2331 1211 καὶ
2372 1157 2690 1230 ἐπιθυμίαις
2732 1158 3049 1231 ἐποτρύνω;
3079 1160 3269 1230 Ὅμως
3314 1158 3429 1229 ἐγὼ
3476 1162 3586 1232 μὲν

1988 1250 2164 1316 ἀθῶος
2191 1253 2330 1323 είην,
2351 1253 2444 1306 καὶ
2465 1255 2617 1306 πᾶσα
2644 1254 2676 1322 ἡ
2704 1253 2803 1324 τῆς
2819 1253 2981 1320 ἀγίας
3009 1251 3304 1324 καθολικῆς
3344 1253 3588 1328 Ἐκκλη-

1992 1344 2114 1408 σίας
2165 1344 2341 1409 ἐλπὶς,
2395 1345 2490 1399 καὶ
2530 1345 2730 1408 πάντες
2767 1346 2816 1398 οἱ
2844 1344 3020 1415 τούτῳ
3057 1343 3136 1416 τῷ
3166 1346 3461 1418 γράμματι
3488 1349 3588 1402 ὲν-

1988 1438 2349 1510 τυγχάνοντες
2367 1439 2476 1493 ἀπὸ
2495 1438 2598 1509 τῆς
2610 1437 2866 1509 τοιαύτης
2882 1437 2975 1491 τοῦ
2990 1438 3238 1493 διαδόλου
3255 1439 3588 1513 ὑποπιορᾶς

1990 1533 2085 1587 καὶ
2111 1531 2555 1603 κακομηχανίας·
2606 1530 2702 1585 ἐὰν
2732 1531 2844 1603 γὰρ
2877 1530 3095 1602 θελήσει
3130 1531 3310 1601 λέγειν
3337 1532 3411 1588 τὰ
3443 1533 3587 1590 ἄλλα

1939 1664 1954 1677 .
1990 1623 2058 1677 τὰ
2090 1625 2221 1695 παρ’
2265 1622 2447 1687 αὐτοῖς
2475 1622 2743 1694 λεγόμενα
2768 1622 2863 1677 καὶΙ
2900 1622 3159 1695 γινόμενα
3191 1623 3293 1678 ὅσα
3319 1625 3445 1679 ἐστὶ
3465 1643 3588 1680 τοι·

1991 1715 2131 1770 αὔτα
2156 1716 2250 1770 καὶ
2270 1715 2528 1781 τοσαῦτα,
2549 1715 2863 1770 καὶτούτων
2890 1715 2969 1770 ἔτι
2994 1714 3212 1787 μείζονα
3232 1717 3327 1771 καὶ
3343 1717 3585 1785 ἐλάττω,

1993 1802 2205 1875 θελήσω
2229 1803 2286 1858 δὲ
2308 1805 2405 1859 καὶ
2423 1802 2499 1868 ὡς
2521 1803 2814 1877 φάρμακον
2835 1804 3030 1868 ἰάσεως
3048 1805 3407 1879 ἀλεξητήριον
3429 1808 3589 1864 ἀντι-

1992 1896 2158 1950 δότων
2189 1896 2348 1967 δίκην
2369 1895 2504 1967 πρὸς
2524 1896 2763 1967 ἑκάστην
2782 1897 2926 1963 λέξιν
2951 1896 3264 1962 ἀντιθεῖναι,
3295 1901 3377 1964 είς
3407 1899 3588 1957 πολὺν

300 1987 372 2042 iis
400 1987 565 2043 etiam
596 1988 828 2056 majora,
847 1987 935 2043 vel
969 1987 1206 2051 minora,
1237 1986 1528 2060 complecti
1555 1987 1801 2051 voluero,
1831 1994 1888 2042 et
1921 1977 1959 2031 Β
1987 1987 2153 2057 ὄγκον
2172 1987 2353 2042 ὲλάσω
2373 1987 2473 2059 τῆς
2508 1987 2811 2053 συντάξεως
2835 1987 2936 2059 τὴν
2961 1989 3363 2070 πραγματείαν.
3388 1990 3588 2069 Ταύτῃ

224 2069 231 2075 ’
300 2077 370 2133 ad
394 2078 639 2150 singulas
669 2094 831 2135 voces
855 2078 1076 2135 salubre
1097 2079 1373 2150 quoddam
1402 2078 1885 2145 medicamentum,

298 2171 448 2226 velut
480 2170 786 2242 depellendi
820 2171 946 2225 mali
970 2185 1140 2228 causa
1171 2176 1552 2242 comparatum
1585 2169 1887 2230 remedium

298 2257 624 2323 adhibuero,
661 2261 716 2315 in
754 2259 1076 2316 immensam
1131 2258 1330 2315 molem
1379 2266 1697 2330 susceptum
1746 2272 1889 2329 opus

298 2443 658 2505 incurrimus.
685 2449 740 2497 et
772 2457 838 2498 ex
878 2441 1113 2513 ipsomet
1138 2457 1349 2509 eornm,
1381 2443 1474 2514 qui
1505 2442 1646 2497 hanc
1670 2444 1889 2513 proprie

295 2543 352 2592 et
402 2551 471 2590 ex
507 2534 766 2590 instituto
796 2540 1057 2598 tractant,
1089 2549 1187 2589 ore
1222 2546 1286 2590 ac
1330 2535 1649 2606 magisterio
1690 2533 1890 2590 didici-

298 2632 444 2682 mus.
491 2625 576 2681 Ad
601 2623 656 2680 id
709 2641 843 2681 vcro
885 2633 1217 2697 comparata
1243 2624 1590 2697 deceptaeque
1631 2625 1892 2683 mulieres

298 2733 410 2773 non
456 2717 638 2773 solum
676 2717 992 2774 istiusmodi
1040 2715 1200 2772 nobis
1234 2732 1520 2774 sermones
1556 2718 1886 2787 injecerunt,

299 2809 395 2864 sed
426 2809 652 2879 insuper
679 2808 948 2882 AEgyptiae
982 2809 1134 2865 illius
1164 2809 1395 2881 perditae
1423 2824 1488 2866 ac
1536 2810 1890 2883 nequissima!

1985 2079 2096 2152 γὰρ
2151 2082 2220 2151 τῇ
2268 2079 2513 2153 αἱρέσει,
2561 2080 2914 2151 ἐπιπόθητοι,
2957 2081 3056 2135 καὶ
3104 2082 3269 2147 αὐτὸς
3320 2084 3585 2156 περιέτυ-

1985 2189 2102 2244 χον.
2184 2173 2279 2228 Ἐκ
2344 2174 2612 2245 στόματος
2657 2173 2715 2228 δὲ
2766 2173 2875 2227 τῶν
2923 2174 3100 2248 ταύτῃ
3152 2175 3586 2250 ἐπιχειρούντων

1988 2263 2147 2335 φύσει
2199 2266 2338 2320 αὐτὰ
2382 2264 2821 2337 αὐτοπροσώπως
2866 2265 3159 2337 ὲνηχήθην.
3226 2266 3506 2336 Γυναῖκες
3529 2270 3588 2326 et

1986 2352 2131 2410 οὓτω
2159 2356 2509 2429 ὴπατημέναι
2547 2357 2608 2410 ού
2641 2357 2798 2428 μόνον
2835 2357 2934 2429 την
2978 2356 3170 2411 λαλιὰν
3199 2358 3411 2432 ταύτην
3444 2364 3584 2434 ἡμῖν

1990 2445 2328 2517 προέτειναν,
2392 2447 2487 2501 καὶ
2522 2445 2594 2500 τὰ
2624 2446 2851 2524 τοιαῦτα
2874 2449 3007 2519 ἡμῖν
3036 2447 3417 2520 ἀπεκάλυψαν,
3442 2452 3589 2508 ἀλλὰ

1990 2536 2084 2589 καὶ
2121 2535 2258 2608 μετὰ
2288 2535 2389 2608 τὴν
2409 2536 2712 2605 Αἰγυπτίαν
2747 2536 2964 2609 ἐκείνην
2986 2537 3086 2609 τὴν
3121 2537 3218 2592 τοῦ
3247 2540 3592 2612 ἀρχιμαγεί·

1992 2643 2088 2699 ρου
2130 2626 2230 2700 την
2268 2628 2548 2700 δλετήριον
2576 2629 2672 2683 καὶ
2713 2629 3013 2701 μοχθηρὰν,
3047 2632 3141 2686 καὶ
3155 2626 3337 2698 ,αὗται
3375 2632 3587 2703 ἀθυρο-

1990 2715 2215 2790 γλώττῳ
2237 2719 2413 2793 τόλμῃ
2428 2720 2779 2775 κατασπάσαι
2806 2722 2957 2793 ημᾶς
2983 2722 3043 2776 ἐν
3066 2725 3133 2797 τῇ
3164 2723 3261 2795 νέᾳ
3287 2723 3581 2794 ἠμῶνήλι-

1990 2811 2084 2883 κίᾳ
2109 2811 2423 2884 δρεχθεῖσαι
2454 2813 2793 2886 ἐπεχείρουν.

298 2899 549 2956 mulieris
571 2903 764 2966 instar,
784 2915 907 2970 quae
930 2914 1233 2971 eoquorum
1252 2899 1677 2972 principisuxor
1702 2901 1889 2969 erats,
1932 2901 2202 2974 petulanti
2264 2916 2369 2959 nos
2437 2910 2642 2957 conatu
2680 2902 2969 2960 detrahere
3011 2911 3301 2971 tum‚'cum
3346 2898 3568 2956 florenti

298 2989 480 3048 adbuc
506 2999 664 3046 aetate
689 3004 962 3056 essemus,
995 3004 1267 3063 aggressae
1298 3000 1446 3046 sunt.

377 3080 575 3139 Verum
605 3084 651 3137 is
673 3082 764 3152 qni
785 3081 1392 3154 sanctissimo‘loseplto
1417 3091 1532 3137 tum
1558 3083 1758 3149 astitit,
1783 3096 1879 3138 no·

300 3176 388 3232 bis
422 3189 644 3245 quoque
679 3172 875 3240 adsuit,
910 3181 966 3230 et
993 3172 1138 3229 bunc
1162 3174 1365 3245 ipsum,
1398 3174 1490 3245 qui
1516 3174 1668 3230 illum
1699 3188 1766 3230 eo
1795 3188 1887 3246 pe-

2075 3073 2234 3130 Ἀλλά
2253 3075 2282 3129 ὁ
2301 3074 2422 3128 τότε
2445 3077 2848 3147 συμπαραστάς
2865 3078 2945 3150 τῷ
2955 3080 3098 3151 ἁγίῳ
3115 3081 3308 3154 Ἰωσὴφ
3323 3083 3416 3139 καὶ
3437 3078 3581 3152 ἡμῖν

1991 3169 2237 3242 παρέστη
2253 3183 2268 3198 ·
2283 3167 2698 3223 καὶτὸνὲκείνον
2709 3172 2828 3225 ἐκεῖ
2838 3171 3579 3246 ῥυσάμενονέπικεκλημενοι

299 3268 478 3323 riculo
507 3266 763 3322 liberavit
791 3266 1176 3338 implorantes,
1224 3265 1351 3323 licet
1387 3265 1597 3338 indigni
1635 3280 1700 3321 ac
1728 3272 1885 3322 tanto
1910 3300 1955 3358 c
1986 3260 2036 3314 οἱ
2063 3256 2382 3324 &memmi
2397 3258 2664 3324 ἅνῑκανοι,
2686 3260 2995 3332 ἐλεηθέντες
3008 3260 3100 3315 καὶ
3113 3259 3450 3333 ἀποδράντες
3466 3265 3579 3331 τὰς

298 3358 566 3415 beneflcio
598 3359 836 3430 impares
874 3373 1145 3424 essemus,
1176 3357 1426 3429 ejusdem
1455 3357 1792 3429 benignitate
1819 3371 1885 3413 ac
1988 3351 2301 3426 ὀλετηρίους
2317 3351 3588 3428 αὑτῶνχεῖρας,Θεῷτῷπαναγίῳῦμνονᾷσαν-

299 3450 678 3507 misericordia
710 3450 1054 3523 perniciosas
1091 3451 1312 3506 illarum
1347 3464 1545 3507 manus
1570 3449 1884 3522 effugimus,

300 3555 366 3596 ac
412 3534 766 3598 sanctissim‘o
793 3539 906 3597 Deo
953 3540 1374 3613 gratulatorium
1407 3553 1631 3595 carmen
1682 3536 1888 3595 cecini-

298 3648 444 3699 mus,
477 3641 533 3687 ut
579 3633 634 3688 id
666 3646 934 3703 usurpare
971 3631 1166 3687 merito
1207 3645 1541 3702 possemus:
1596 3626 1884 3686 Carnum:

297 3724 554 3790 Domino,
587 3724 818 3797 yteriose
860 3724 997 3779 enim
1045 3722 1418 3794 magnificatus
1464 3729 1564 3787 eat,
1602 3737 1790 3793 equum
1835 3731 1887 3776 et

298 3833 632 3872 ascensorem
663 3817 850 3887 deJ'eeit
886 3815 939 3869 in
979 3830 1124 3869 mare
1156 3816 1197 3868 ¹.
1235 3811 1420 3886 Neque
1453 3813 1599 3869 enim
1634 3813 1889 3869 similiter

299 3918 360 3965 ut
405 3909 499 3964 ille
545 3907 883 3980 patriarcba,
914 3907 967 3962 vi
1015 3907 1249 3977 quadam
1288 3906 1508 3960 virtutis
1545 3920 1610 3960 ac
1652 3903 1885 3975 justitiae

296 4013 523 4068 nostrae,
560 4000 654 4056 sed
692 3999 816 4054 l’uso
852 4000 918 4054 ad
960 3996 1129 4054 Deum
1163 3999 1368 4070 gemitu
1407 3997 1526 4068 ejus
1556 4010 1750 4051 sumus
1781 3996 1886 4050 mi·

295 4091 575 4147 sermione
615 4088 842 4145 servati.
888 4088 1024 4144 Cum
1068 4088 1233 4143 etiam
1265 4086 1395 4141 mihi
1435 4093 1619 4157 pestes
1654 4086 1759 4139 illae
1789 4084 1886 4155 pei·

296 4175 594 4233 ludibrium
619 4176 1033 4245 exprobrarent,
1068 4190 1132 4230 ac
1169 4190 1354 4229 secum
1388 4174 1625 4228 invicem
1649 4173 1887 4228 illuden-

297 4273 381 4322 tes
411 4268 485 4321 ita
534 4269 937 4337 loquerentur:
975 4266 1135 4337 100
1185 4264 1343 4321 llunc
1359 4264 1616 4336 juvenem
1660 4278 1886 4320 servare

296 4374 407 4414 non
441 4360 746 4429 potuimuS,
778 4356 875 4414 sed
906 4357 962 4412 in
1007 4357 1262 4413 nianibus
1307 4357 1572 4429 principis
1602 4357 1784 4428 perire
1810 4355 1886 4412 si-

295 4452 497 4506 vimus.
533 4450 668 4505 Nam
707 4465 828 4522 qnae
873 4449 1048 4505 l'orma
1078 4449 1223 4506 inter
1259 4449 1384 4505 illas
1432 4449 1747 4506 liberaliore
1775 4458 1880 4520 est,

295 4545 648 4616 semetipsam
678 4545 826 4600 velut
863 4558 1048 4599 escam
1088 4550 1253 4615 atque
1303 4542 1619 4601 illecebram
1665 4544 1880 4617 objicit,

1986 3461 2082 3509 τες
2094 3444 2445 3516 ἠδυνήθημεν
2466 3445 2562 3499 καὶ
2581 3446 2735 3501 αὐτοὶ
2765 3445 2945 3517 λέγειν
2963 3447 3045 3513 τὸ,
3063 3448 3330 3518 ᾌσωμεν
3351 3445 3435 3514 τῷ
3453 3447 3586 3505 Κυ-

1979 3537 2095 3605 ρίῳ
2106 3553 2123 3568 ·
2135 3535 2398 3603 ἐνδόξως
2410 3535 2521 3606 γὰρ
2533 3535 2895 3602 δεδόξαᾶται
2909 3555 2924 3570 ·
2946 3539 3139 3593 ἵππον
3156 3539 3253 3594 καὶ
3270 3538 3588 3613 mm·

1986 3627 2237 3697 ἔῤῥιψεν
2255 3631 2342 3696 είς
2368 3628 2710 3684 θάλασσαν.
2759 3627 2835 3681 Οὐ
2877 3628 2988 3699 γὰρ
3017 3629 3183 3701 ὁμοίᾳ
3219 3629 3588 3707 δυνάμει-τῆς

1987 3720 2199 3774 ἐκείνου
2242 3719 2590 3793 δικαιοσύνης
2606 3757 2622 3785 ,
2678 3714 2819 3771 ἀλλὰ
2853 3718 3149 3790 στεναγμῷ
3190 3720 3271 3793 τῷ
3316 3723 3460 3796 πρὸς
3497 3723 3583 3796 τῷ

1986 3810 2107 3884 Θεῷ
2124 3813 2146 3846 ⁸
2172 3813 2485 3886 ἐλεηθέντες
2506 3810 2808 3885 ἐσώθημεν.
2878 3810 3307 3885 Ὀνειδιζόμενος
3338 3817 3449 3889 γὰρ
3479 3816 3579 3871 ὑπ’

1986 3905 2166 3959 αὐτῶν
2206 3906 2316 3960 τῶν
2345 3906 2642 3978 δλετηρίων
2682 3901 2975 3974 γυναικῶν,
3016 3906 3411 3980 κατεγελώμην
3437 3906 3576 3978 ἐγὼ,

1986 3993 2062 4057 ὡς
2090 3995 2385 4065 ὑπέφαινον
2407 3997 2463 4049 αί
2492 3994 2738 4050 τοιαῦται
2755 3993 3006 4068 ἀλλήλαις
3028 3996 3467 4052 ὲπισκώπτουσαι
3491 3997 3586 4071 8¹33-

1989 4084 2081 4141 θεν
2109 4103 2125 4120 ·
2158 4087 2240 4141 δτι
2262 4088 2377 4143 Οὐκ
2408 4088 2757 4162 ἠδυνήθημεν
2785 4086 2956 4144 σῶσαι
2979 4090 3072 4144 τὸν
3094 4090 3392 4156 νεανίσκον,
3442 4091 3585 4148 ἀλλὰ

1987 4173 2283 4245 ἀφήκαμεν
2322 4175 2484 4228 αὐτὸν
2510 4178 2567 4229 ὲν
2596 4178 2752 4250 χερσὶ
2782 4175 2880 4231 τοῦ
2928 4180 3187 4252 ἄρχοντος
3217 4180 3582 4238 ἀπόλλυσθαι.

2000 4265 2290 4337 Ἐπειδήπε
2297 4284 2330 4340 ρ
2343 4267 2467 4338 ἥτις
2477 4269 2658 4323 αὐτῶν
2669 4270 3045 4344 εὐμορφοτέρα
3059 4272 3165 4342 εἴη,
3177 4271 3371 4343 δέλεαρ
3385 4270 3584 4348 ὥσπερ

1987 4357 2187 4428 ἑαυτὴν
2213 4358 2553 4432 προτίθησιν,
2572 4361 2713 4416 ὥστε
2733 4363 2803 4417 δι’
2823 4362 2995 4433 αὐτῆς
3018 4365 3146 4427 τοὺς
3166 4365 3347 4434 ὴπατη
3356 4364 3581 4434 μένους,

1986 4449 2110 4504 ἀντὶ
2132 4449 2227 4504 τοῦ
2254 4451 2562 4518 ἀπολλύειν,
2600 4452 2793 4519 σώζειν
2817 4453 3194 4526 ἐπιφημίζειν.
3232 4454 3343 4509 Καὶ
3370 4455 3584 4521 ὄνειδος

1986 4542 2172 4597 λοιπὸν
2191 4541 2300 4600 τῶν
2321 4545 2583 4619 ἀμόρφων
2598 4547 2806 4616 γίνεται
2832 4546 2982 4618 παρὰ
3005 4546 3114 4602 τῶν
3132 4548 3190 4600 εὐ
3200 4547 3577 4620 μορφοτέρων·

295 4645 357 4692 ιιι
387 4652 529 4710 quos
566 4635 623 4693 in
660 4636 907 4693 fraudem
941 4637 1060 4708 ipsa
1093 4637 1396 4707 pellexerit,
1437 4653 1546 4693 non
1577 4652 1674 4696 eos
1698 4636 1883 4709 proni·
1914 4652 1957 4709 ι)
1986 4636 2068 4691 δτι
2102 4637 2264 4707 Ἐγὼ,
2290 4639 2443 4710 φησι,
2468 4638 2663 4705 σκεῦός
2688 4642 2805 4711 είμι
2826 4639 3058 4711 ἐκλογῆς
3085 4640 3351 4712 δυναμένη
3380 4637 3580 4706 σώζειν

294 4744 425 4800 gare
452 4744 519 4786 ae
562 4730 816 4801 perdere,
846 4728 943 4784 sed
987 4729 1202 4800 eripere
1242 4728 1478 4786 dicatur.
1519 4728 1676 4786 Unde
1705 4737 1760 4786 et
1785 4730 1884 4786 de-

295 4818 565 4877 formibus
591 4822 957 4892 elegantiores
983 4820 1280 4876 identidem
1306 4819 1638 4891 exprobrare
1669 4822 1880 4901 solent:

295 4909 406 4983 Ego
447 4926 590 4978 sum,
622 4911 907 4982 inquiunt,
946 4925 1044 4967 vas
1077 4909 1313 4966 electum
1335 4951 1350 4976 ,
1393 4926 1519 4982 quae
1546 4926 1734 4970 errore
1777 4913 1886 4969 cir-

291 5010 617 5057 cumventos
645 5002 937 5059 extrahere
972 5018 1198 5074 possum
1231 5020 1245 5058 :
1285 5002 1433 5074 quod
1463 5010 1520 5058 tu
1571 5003 1754 5061 faeere
1788 5022 1884 5062 ne-

290 5091 538 5162 quivisti.
573 5090 639 5147 Et
660 5102 820 5149 erant
844 5106 978 5150 sanc
1007 5108 1129 5164 qua»,
1157 5098 1271 5148 tum
1302 5093 1390 5149 bis
1411 5093 1701 5151 verborum
1724 5094 1885 5152 blan·

290 5184 554 5240 dimentis
586 5200 649 5242 ac
704 5185 995 5243 lenociniis
1045 5186 1342 5241 utebantur
1384 5187 1635 5256 corporis
1671 5202 1782 5260 quo
1811 5188 1881 5244 ad

292 5275 630 5346 peccandum
654 5277 1021 5335 abutebantur
1046 5285 1279 5335 venusta
1295 5293 1421 5334 cum
1439 5280 1633 5350 primis
1656 5280 1878 5352 specie:

290 5366 389 5423 sed
419 5368 605 5425 animo
636 5387 796 5442 quem
830 5373 1270 5429 consceleratum
1299 5371 1563 5443 gerebant
1600 5375 1748 5429 omni
1772 5375 1882 5430 dae-

1981 4730 2109 4794 τοῦς
2137 4730 2550 4804 ἀπατωμένους,
2581 4730 2645 4785 σὺ
2673 4730 2731 4785 δὲ
2760 4731 2859 4785 οὐκ
2884 4731 3130 4803 ἴσχυσας.
3146 4726 3329 4785 Ἦσαν
3353 4731 3455 4803 μὲν
3479 4729 3581 4789 οὖν

1984 4819 2149 4874 αἱτδν
2164 4821 2450 4894 ἀγώγιμον
2475 4821 2643 4894 μῦθον
2664 4821 2852 4877 τοῦτον
2874 4822 3257 4894 ὑφηγούμεναι
3287 4825 3353 4895 τῇ
3387 4827 3576 4897 μορφῇ

1980 4912 2080 4983 τῆς
2114 4913 2296 4967 αὐτῶν
2326 4913 2591 4978 πτώσεως
2627 4915 3118 4986 εύπροσωπόταται
3137 4931 3149 4945 ·
3181 4914 3259 4986 τῷ
3277 4914 3335 4968 δὲ
3369 4914 3447 4986 νῷ
3472 4916 3577 4989 τῆς

1983 5005 2161 5060 αὐτῶν
2196 5005 2498 5080 μοχθηρίας
2534 5005 2632 5077 τὴν
2675 5008 2854 5060 πᾶσαν
2888 5006 2982 5060 τοῦ
3014 5004 3261 5061 διαΰόλὸυ
3294 5006 3578 5079 ἀμορφίαν

1982 5095 2339 5171 κεκτημέναι.
2402 5097 2563 5152 Ἀλλὰ
2604 5099 2633 5152 δ
2673 5097 2923 5170 ἐλεήμων
2956 5098 3090 5163 Θεὸς
3131 5100 3230 5171 τῆς
3267 5098 3577 5172 μοχθηρίας

1981 5186 2162 5242 αὐτῶν
2183 5190 2333 5260 ἡμᾶς
2356 5188 2647 5262 ἐρρύσατο,
2665 5191 2809 5247 ὥστε
2842 5191 2979 5263 μετά
3004 5193 3065 5247 τὸ
3089 5191 3399 5261 ἀναγνῶναι
3421 5192 3576 5264 ἡμᾶς

1980 5278 2161 5333 αὐτῶν
2190 5281 2291 5345 τὰς
2327 5279 2565 5351 βίδλους,
2600 5285 2697 5339 καὶ
2744 5284 3036 5356 ἐπιστῆσαι
3065 5282 3156 5336 τὸν
3185 5278 3313 5337 νοῦν
3336 5284 3401 5354 τῇ
3434 5282 3573 5353 ἀλη-

1980 5373 2121 5446 θείᾳ,
2160 5373 2255 5427 xci.
2305 5373 2380 5446 μὴ
2424 5377 2861 5448 συναπαχθῆναι,
2902 5375 3205 5447 ἀποδρᾶσαί
3241 5395 3302 5431 τε
3354 5378 3450 5432 καὶ
3491 5378 3570 5451 μὴ

291 5460 473 5516 monis
507 5463 852 5534 turpitudine
884 5464 1223 5521 deformatae.
1260 5463 1367 5521 Sed
1400 5465 1713 5524 misericors
1734 5465 1880 5524 Dens
1976 5463 2350 5537 δελεασθῆναι,
2374 5465 2437 5519 τὺ
2453 5468 2754 5538 τηνικαῦτα
2770 5468 3185 5539 ἐσπουδάσαμεν
3202 5468 3296 5522 καὶ
3315 5471 3429 5532 τοῖς
3447 5469 3573 5522 ἐπι-

289 5550 360 5607 ob
392 5552 610 5609 illarum
649 5553 997 5626 improbitate
1031 5572 1134 5612 nos
1179 5557 1406 5628 eripuit,
1446 5556 1584 5615 adeo
1616 5566 1675 5614 ut
1724 5569 1877 5631 post-

1977 5557 2204 5623 σκὸποις
2223 5559 2336 5624 τοῖς
2358 5560 2416 5614 ἰν
2438 5559 2517 5631 τῷ
2537 5560 2690 5634 τόπῳ
2706 5559 2902 5632 ἐκείνῳ
2921 5561 3120 5625 αὐτοὺς
3145 5560 3446 5628 ὑποδεῖξαι,
3472 5561 3571 5637 καὶ

289 5660 455 5719 quam
504 5645 735 5702 istorum
787 5648 958 5705 libros
997 5648 1361 5719 perlegimus,
1410 5658 1467 5706 ct
1514 5650 1582 5706 ad
1627 5651 1875 5707 veritatis
1973 5650 2299 5723 τάὀνόματα
2314 5655 2453 5724 ὲντῇ
2482 5652 2782 5726 Ἐκκλησία
2801 5653 3161 5725 κεκρυμμένα
3178 5655 3454 5727 φωρᾶσαι,
3472 5653 3575 5709 καὶ

289 5740 653 5815 cognitionem
708 5741 951 5795 animum
990 5741 1314 5812 adjecimus,
1361 5757 1462 5799 nec
1509 5742 1754 5810 abducti,
1790 5743 1873 5798 vel
1971 5743 2102 5808 τοὺς
2143 5743 2343 5807 αὐτοὺς
2388 5743 2728 5816 ἀπελαθῆναι
2753 5746 2857 5818 τῆς
2895 5744 3124 5814 πόλεως,
3162 5745 3404 5818 ὀνόματα
3436 5743 3572 5818 περί

369 5896 385 5927 ¹
416 5879 550 5955 Gen.
589 5911 776 5965 xxxix,
826 5898 853 5953 7
886 5913 1008 5969 sqq.
1089 5901 1109 5931 ²
1149 5897 1316 5956 Fxod.
1346 5915 1433 5967 xv,
1469 5898 1517 5955 l.
1600 5899 1620 5933 ⁸
1651 5897 1711 5953 F.
1742 5896 1835 5952 τὸν
1860 5898 2017 5954 esd-1.
