3850 6517
396 413 499 476 ,τις
1781 406 1840 463 s.
1881 406 2219 463 emptum!

390 529 515 585 dem
540 523 880 581 functionem
908 522 1124 594 allegat,
1159 533 1195 577 ο
1218 512 1420 591 quibu-s
1445 534 1521 574 vn
1554 517 1630 573 illi
1663 517 1833 583 luere,
1864 517 1960 587 qui
1991 536 2037 582 Α
2063 519 2110 571 οί
2146 518 2312 581 ἑπτὰ,
2349 519 2400 570 ol.
2440 519 2531 576 ἐπὶ
2573 517 2681 572 τῶν
2725 516 2911 589 χηρῶν
2944 517 3264 589 τεταγμένοι
3285 535 3297 547 ·
3334 517 3631 587 Στέφανος,

391 617 461 675 ad
491 615 779 673 viduarum
811 613 1139 684 obsequium
1171 611 1364 668 delecti
1415 618 1577 666 sunt:
1627 607 1957 679 Stephanus,
2067 608 2363 673 Φίλιππος,
2392 607 2693 680 Πρόχορος,
2725 609 3011 679 Νικάνωρ,
3040 608 3260 679 Τίμων,
3297 609 3631 679 Παρμηνᾶς,

391 706 695 779 Philippus,
725 705 1058 769 Prechorus,
1085 703 1342 767 Nicanor,
1381 701 1598 764 Timon,
1641 702 1956 763 Parmenas,
2068 702 2162 754 καὶ
2189 699 2475 764 Νικόλαος.
2499 700 2613 771 Πρὸ
2639 700 2843 753 τούτων
2868 699 2926 753 δὲ
2951 700 3220 765 Ματθίας,
3246 703 3274 755 ό
3306 702 3427 755 ἀντὶ
3468 702 3635 758 Ἰούδα

349 803 444 882 ,εἰ
477 795 752 859 Nicolaus,
798 802 855 851 et
887 803 1014 849 ante
1059 794 1160 849 hos
1199 792 1474 859 Matthias,
1520 792 1615 862 qui
1658 791 1778 846 loco
1806 789 1961 845 Judae
2068 790 2471 863 συμψηφισθεὶς
2516 790 2654 862 μετὰ
2692 788 2802 843 τῶν
2842 790 3177 846 ἀποστόλων.
3222 792 3377 845 Μετὰ
3409 792 3632 858 τούτους
3671 819 3675 823 -

3527 408 3634 464 280
3723 460 3738 471 .

389 887 530 943 inter
558 887 836 957 apostolos
873 893 1163 957 cooptatus
1197 891 1303 940 est.
1343 884 1422 939 Ad
1455 893 1709 953 septenos
1739 883 1862 939 illos
1894 898 1959 938 ac

392 976 694 1042 llattliiam,
746 976 987 1031 Marcum
1046 977 1292 1046 insuper,
1347 983 1401 1030 et
1445 974 1671 1042 Lucam,
1717 974 1955 1042 lustum,

390 1064 714 1131 Barnabam,
743 1067 1043 1136 appellem,
1074 1065 1316 1130 Rullum,
1339 1064 1587 1136 Nigrum,
1610 1081 1674 1120 ae
1696 1066 1955 1137 reliquos,

360 1102 466 1214 {uti
503 1154 764 1219 diximus,
797 1171 944 1209 Lxxn
975 1155 1192 1227 adjecit.
1230 1156 1442 1224 Quibus
1474 1171 1598 1211 cum
1626 1156 1790 1211 etiam
1825 1173 1957 1212 san·

386 1249 535 1297 ctum
559 1243 791 1298 Paulum
815 1254 1006 1314 suapte
1031 1245 1098 1300 de
1127 1245 1266 1300 coelo
1298 1261 1428 1302 voce
1450 1247 1616 1301 missa
1647 1247 1957 1318 apostolum

384 1333 628 1404 gentium
656 1348 720 1389 ac
749 1350 1078 1405 praeconem,
1105 1343 1160 1391 et
1188 1337 1501 1406 apostolicae
1527 1338 1793 1393 doctrinae
1823 1353 1957 1393 con·

384 1431 776 1480 summatorem
803 1425 1060 1484 instituit.
1085 1426 1190 1494 Qui
1211 1429 1428 1500 quidem
1459 1439 1706 1486 sanctum
1727 1428 1955 1496 Lucam,

384 1521 445 1570 ut
486 1525 825 1584 memorant,
875 1533 1044 1575 unum
1095 1534 1126 1574 e
1171 1533 1321 1574 um
1371 1519 1662 1591 discipulis
1703 1521 1804 1592 51
1861 1523 1955 1592 qui

381 1605 567 1662 varias
589 1606 646 1662 in
676 1609 928 1680 regiones
966 1610 1218 1680 dissipati
1265 1609 1504 1678 fuerant,
1532 1611 1768 1675 reduxit,
1796 1627 1956 1667 eum·

382 1710 492 1767 que
527 1697 785 1753 comitem
812 1706 867 1756 et
898 1698 1204 1769 adjutorem
1234 1700 1511 1774 Evangelii
1537 1703 1699 1758 simul
1731 1713 1786 1758 et
1823 1717 1952 1773 apo-

381 1785 582 1841 stolum
612 1787 880 1842 adhibuit.
910 1787 1027 1844 Boc
1055 1790 1219 1845 modo
1253 1799 1424 1847 totum
1469 1791 1747 1861 Evangelii
1782 1809 1955 1864 nego·

382 1873 517 1930 tium
547 1875 618 1931 ad
653 1877 707 1932 id
738 1892 913 1950 usque
944 1882 1206 1952 temporis
1230 1880 1541 1937 conlectum
1567 1892 1672 1940 est.

453 1986 634 2061 Atque
662 1989 934 2049 hactenus
961 1992 1029 2050 dc
1067 2008 1118 2048 τι
1150 1994 1342 2063 sectis,
1371 1995 1550 2067 deque
1579 2011 1647 2053 co
1677 1998 1824 2069 quod
1859 2013 1955 2053 or·

381 2077 513 2136 dine
552 2091 907 2139 consecutum
943 2097 1048 2150 est,
1093 2095 1148 2141 et
1194 2101 1225 2140 a
1268 2101 1354 2142 me
1395 2101 1497 2158 pro
1545 2087 1742 2142 virium
1787 2099 1954 2160 captu

380 2169 576 2239 paucis
605 2173 960 2243 explicatum,
993 2175 1306 2246 evangelica
1349 2176 1560 2232 scilicet
1602 2177 1744 2244 luce,
1773 2195 1895 2250 quae
1923 2193 1954 2233 a

377 2258 604 2317 Christo
628 2261 879 2332 Domino,
899 2266 1210 2337 Christique
1226 2267 1512 2340 discipulis
1536 2269 1654 2325 orbi
1680 2278 1953 2326 terrarum

381 2347 532 2403 illata
563 2349 687 2405 suit.
719 2349 928 2418 Quibus
949 2369 980 2407 a
1003 2368 1090 2408 me
1110 2354 1273 2410 dictis
1300 2364 1665 2412 consentanea
1693 2356 1956 2427 pleraque

378 2438 638 2512 colligere
663 2441 811 2507 licet,
833 2457 899 2499 ac
924 2445 1183 2500 vaticinia
1201 2454 1255 2501 et
1276 2447 1500 2503 oracula
1525 2462 1593 2502 ex
1612 2447 1731 2519 lege
1757 2449 1952 2511 veteri,

377 2529 467 2586 vel
490 2530 724 2588 Psalmis
754 2533 987 2603 aliisque
1031 2535 1187 2592 libris
1231 2537 1578 2608 conquirere,
1614 2547 1668 2593 et
1710 2540 1954 2593 omnium

376 2612 603 2688 seriem,
624 2623 985 2696 ordinemque
1022 2628 1390 2696 perscrutari;
1437 2644 1502 2684 ex
1545 2628 1725 2701 iisque
1768 2627 1955 2684 lucar-

378 2711 660 2768 nationem
712 2713 919 2772 Christi
979 2714 1195 2772 Domini
1253 2720 1544 2791 perspicue
1595 2721 1955 2792 comprobare

378 2815 491 2856 non
517 2805 947 2875 supposititiam,
980 2809 1077 2865 sed
1118 2824 1302 2866 veram
1352 2813 1656 2876 exstitisse,
1700 2822 1864 2885 atque
1897 2815 1952 2869 in

376 2890 498 2964 lege
524 2893 694 2950 veteri
726 2897 1056 2967 nuntiatam,
1084 2906 1143 2954 ut
1165 2900 1233 2956 de
1262 2917 1328 2958 eo
1357 2903 1540 2960 nullus
1569 2904 1640 2960 sit
1666 2904 1952 2960 dubitandi

286 3029 294 3037 .
368 2980 534 3040 locus
566 2984 813 3042 relictus.
843 2985 950 3043 Sed
981 3003 1052 3044 ne
1075 2989 1240 3060 huius
1261 2993 1444 3063 operis
1470 2996 1726 3051 tractatio
1754 2997 1811 3051 in
1837 2995 1955 3050 inti·

372 3073 554 3129 ultum
593 3084 897 3144 excrescat,
928 3076 1016 3134 his
1050 3093 1174 3150 quae
1213 3081 1359 3137 dicta
1407 3095 1539 3140 sunt
1567 3087 1777 3143 erimus
1818 3101 1953 3142 con-

374 3161 535 3219 tenti.

444 3273 524 3330 Αο
566 3272 827 3349 deinceps
872 3280 1162 3351 opiniones
1213 3281 1358 3350 illas,
1405 3302 1528 3357 quae
1570 3287 1627 3342 in
1658 3288 1948 3345 hominum

373 3364 542 3421 vitam
566 3378 755 3436 postca
779 3371 1022 3439 pessimo
1043 3373 1228 3431 colore
1251 3390 1318 3431 ac
1342 3378 1526 3449 specie
1552 3379 1776 3449 prolatae
1800 3389 1948 3446 sunt,

371 3455 563 3512 eadem
595 3463 738 3516 serie
776 3471 1085 3533 pertexam:
1134 3475 1490 3540 posteaquam
1534 3487 1588 3525 xt
1637 3471 1949 3528 Judaeorum

376 3544 962 3623 samaritanorumque
1014 3564 1199 3612 sectas
1256 3573 1384 3614 cum
1438 3562 1815 3632 superioribus
1870 3580 1948 3628 tx,

372 3650 496 3708 quae
524 3639 719 3700 nat-tim
760 3657 792 3696 e
822 3641 1047 3709 Graecis,
1079 3646 1277 3716 partim
1315 3663 1384 3704 ex
1428 3651 1676 3708 barbaris
1717 3654 1949 3725 aliisque

371 3727 621 3787 conflatae
664 3741 793 3789 sunt
838 3742 967 3792 ante
1017 3735 1319 3795 Salvatoris
1365 3741 1679 3809 adventum,
1711 3744 1777 3800 ad
1832 3744 1949 3800 haec

373 3834 549 3892 usque
575 3830 823 3895 tempora
853 3826 1039 3882 habita
1075 3828 1362 3887 brevitatis
1394 3831 1609 3890 ratione
1632 3836 1944 3905 percensui.

691 3956 771 4013 De
796 3956 1120 4027 Nazarem's,
1152 3963 1259 4018 aive
1285 3963 1626 4022 Christianis.

439 4086 823 4148 Nazaraeorum
846 4095 963 4152 sive
983 4094 1422 4154 Christianorum
1446 4106 1532 4156 est
1557 4100 1650 4172 qui
1682 4115 1712 4155 a
1743 4100 1945 4159 Judaeis

369 4175 522 4235 brevi
544 4179 831 4250 interjecto
856 4193 1098 4256 tempore
1114 4198 1342 4245 vocatus
1359 4196 1443 4244 est
1461 4188 1941 4258 christianismus,

369 4271 426 4320 et
457 4267 528 4322 ab
555 4267 694 4337 ipsis
726 4269 864 4325 adeo
897 4274 1160 4344 apostolis
1189 4274 1244 4329 id
1272 4290 1473 4331 nomen
1511 4277 1767 4344 obtinuit,
1811 4293 1938 4333 eum

370 4354 445 4409 ita
472 4353 667 4416 Petrus
690 4359 907 4418 locutus
935 4364 1028 4430 sit,
1053 4362 1238 4420 Iesum
1262 4365 1605 4422 Nazarenum
1635 4370 1804 4424 virum
1825 4385 1944 4439 pro-

369 4447 550 4502 batum
573 4467 608 4505 α
630 4449 740 4506 Deo
762 4453 803 4516 ¹,
837 4462 946 4512 etc.
976 4453 1174 4513 Postea
1200 4474 1331 4514 vero
1351 4460 1654 4516 Antiochiae
1672 4461 1943 4520 Christia-

2065 882 2123 936 δὲ
2149 883 2275 946 τοὺς
2303 880 2442 934 ἑπτὰ
2474 883 2569 935 καὶ
2606 880 2856 935 Ματθίαν
2889 881 2979 934 τὸν
3016 882 3121 953 πρὸ
3151 880 3352 946 αὐτῶν,
3382 883 3632 953 Μάρκον,
3656 916 3669 935 ⁷.

2064 973 2299 1037 Λουκᾶν,
2332 969 2582 1034 Ἰοῦστον,
2613 969 2922 1040 Βαρνάδαν,
2948 970 3042 1024 καὶ
3076 969 3358 1040 Ἀπελλῆν,
3384 958 3664 1041 Ῥοῦφον.“

2062 1064 2295 1137 Νίγερα,
2324 1062 2419 1115 καὶ
2446 1063 2568 1125 τοὺς
2592 1061 2810 1124 λοιποὺς
2844 1060 2950 1114 τῶν
2984 1060 3463 1131 ὲδδομηκονταδύο.
3497 1065 3630 1117 Μετ’

2064 1155 2258 1218 αὐτοὺς
2284 1153 2340 1207 δὲ
2372 1152 2578 1217 πάντας
2622 1151 2717 1206 καὶ
2764 1151 2859 1205 σὺν
2890 1152 3070 1215 αὐτοῖς
3119 1151 3327 1205 Παῦλον
3360 1152 3450 1206 τὸν
3479 1153 3631 1221 ἅγιον

2063 1245 2360 1300 ἀπόστολον
2390 1244 2478 1297 διὰ
2514 1244 2695 1314 φωνῆς
2741 1241 2875 1307 ἰδίας
2923 1243 3015 1295 ἀπ’
3061 1242 3288 1313 οὐρανοῦ
3337 1243 3633 1299 ἀπόστολον

2065 1336 2199 1408 ὁμοῦ
2234 1337 2327 1389 καὶ
2363 1338 2580 1407 κήρυκα
2604 1332 2803 1397 ἐθνῶν,
2835 1333 2929 1386 καὶ
2958 1332 3247 1405 πληρωτὴν
3272 1334 3630 1404 ἀποστολικῆς

2062 1425 2407 1489 διδασκαλίας
2460 1422 2755 1490 ἐξελέξατο.
2818 1424 2913 1486 Ὃς
2967 1423 3280 1492 εὑρίσκεται
3340 1423 3432 1477 τὸν
3478 1425 3630 1493 ἆγιον

2063 1519 2276 1573 Λουκᾶν
2316 1517 2445 1571 ὄντα
2473 1517 2580 1569 τῶν
2613 1514 3074 1586 ὲὸδομηκονταδύο
3121 1514 3227 1568 τῶν
3266 1515 3632 1586 ἐσκορπισμέ-

2064 1627 2203 1673 νων,
2254 1608 2624 1681 ἐπιστρέψας,
2664 1606 2758 1659 καὶ
2801 1605 3089 1660 ἀκόλουθον
3145 1605 3322 1678 ἑαυτῷ
3364 1608 3628 1679 ποιήσας,

2067 1701 2325 1775 συνεργὸν
2366 1699 2460 1754 τοῦ
2494 1699 2828 1768 Εὑαγγελίου
2855 1698 2994 1770 ὁμοῦ
3031 1697 3125 1752 καὶ
3161 1697 3475 1752 ἀπόστολον.
3520 1698 3631 1751 Καὶ

2063 1791 2235 1856 οὕτως
2260 1790 2511 1862 ἐτελέσθη
2543 1793 2578 1862 ἡ
2612 1790 2761 1844 πᾶσα
2785 1788 3125 1860 Εὐαγγελικὴ
3156 1786 3506 1860 πραγματεία
3525 1786 3631 1850 ἔως

1988 1880 2029 1934 Β
2056 1883 2246 1936 τούτου
2276 1884 2370 1938 τοῦ
2398 1885 2607 1956 χρόνου.

2130 1995 2322 2048 Ἔσται
2360 1994 2419 2048 δέ
2465 2012 2554 2066 μοι
2595 1997 2624 2049 ό
2663 1994 2819 2064 λόγος
2850 1993 2955 2056 ἕως
2996 1984 3097 2045 ῶδε
3134 1992 3263 2061 περὶ
3299 1990 3410 2045 τῶν
3438 1991 3632 2046 ἕνδεκα

2056 2085 2341 2157 αἱρέσεων,
2374 2086 2469 2138 καὶ
2491 2085 2590 2155 τῆς
2624 2085 2765 2138 κατὰ
2796 2082 3021 2153 δύναμιν
3062 2080 3379 2145 ἀκολουθίας
3410 2082 3467 2134 ἐν
3501 2098 3627 2134 συν·

2056 2177 2207 2249 τόμῳ
2244 2193 2333 2247 μοι
2367 2176 2692 2248 εἰρημένης.
2733 2175 3091 2244 εὐαγγελικῆς
3132 2172 3494 2243 φωταγωγίας
3530 2171 3630 2243 τῆς

2056 2269 2114 2320 ἐν
2140 2269 2328 2338 κόσμῳ
2356 2267 2424 2321 δι’
2448 2267 2614 2320 αὐτοῦ
2659 2267 2753 2320 καὶ
2779 2266 2887 2318 τῶν
2915 2264 3171 2336 μαθητῶν
3204 2263 3369 2317 αὑτοῦ
3396 2279 3628 2334 γεγενη-

2060 2358 2226 2430 μένης
2246 2377 2259 2390 ·
2288 2359 2382 2423 οὓς
2413 2358 2480 2412 τὰ
2508 2359 2670 2429 ὃμοια
2711 2357 2959 2423 συλλέξαι
2985 2396 2999 2420 ,
3053 2354 3146 2408 καὶ
3191 2351 3528 2424 παραθέσθαι
3558 2351 3629 2404 τὰ

2056 2450 2512 2522 προθεσπίσματά
2542 2467 2601 2504 τε
2635 2450 2729 2504 καὶ
2767 2449 2865 2513 τὰς
2915 2446 3248 2519 προφητείας
3293 2445 3400 2498 ἀπὸ
3446 2442 3628 2515 Νόμου

2055 2555 2115 2592 τε
2148 2538 2240 2593 καὶ
2268 2539 2513 2610 Ψαλμῶν
2552 2539 2647 2593 καὶ
2678 2538 2785 2592 τῶν
2809 2538 2983 2593 ἄλλων
3013 2537 3111 2599 τὰς
3139 2534 3461 2597 ἀκολουθίας
3481 2574 3495 2599 ,
3537 2532 3631 2586 καὶ

2055 2630 2155 2695 τὰς
2183 2631 2406 2700 ἀγωγὰς
2450 2630 2656 2684 ἔνεστιν
2690 2631 2841 2694 ἰδεῖν,
2874 2631 2968 2683 καὶ
3010 2629 3111 2700 τὴν
3152 2627 3433 2699 ἀκρίόειαν
3460 2641 3627 2680 κατα.-

2056 2722 2315 2778 λαδέσθαι
2338 2763 2353 2786 ,
2396 2723 2473 2786 ὡς
2527 2724 2588 2776 οὐ
2623 2721 2775 2787 νόθος
2800 2764 2815 2788 ,
2846 2721 2963 2796 ἀλλ’·
2992 2719 3217 2791 ἀληθὴς,
3250 2721 3343 2773 καὶ
3399 2732 3631 2788 προκατ-

2055 2813 2337 2882 αγγελθείς
2360 2815 2380 2845 ⁸
2422 2813 2530 2866 ἀπὸ
2566 2815 2664 2884 τῆς
2695 2815 2937 2876 Παλαιᾶς
2964 2811 3236 2882 Διαθῆκης
3266 2807 3632 2878 ἀναμφίὸολός

2055 2907 2203 2958 ἐστιν
2229 2907 2261 2976 ἠ
2289 2904 2550 2976 ἔνσαρκος
2580 2903 2816 2974 Χριστοῦ
2849 2903 3138 2974 παρουσία,
3169 2901 3263 2956 καὶ
3295 2898 3630 2970 εὐαγγελικὴ

2054 2996 2391 3050 διδασκαλία.
2425 2996 2541 3049 Ἵνα
2586 2995 2643 3048 δὲ
2693 2995 2768 3067 μὴ
2818 2996 2897 3058 είς
2940 2994 3103 3064 ὄγκον
3154 2990 3492 3062 παρεκτείνω
3527 2989 3630 3060 τὴν

2052 3087 2154 3156 τῆς
2207 3085 2509 3152 συντάξεως
2563 3086 2967 3158 πραγματείαν,
3018 3084 3229 3147 τούτοις
3290 3080 3624 3155 ἀρκεσθήσο-

1980 3215 2022 3272 C
2061 3195 2178 3251 μαι.

2132 3290 2341 3362 Προϊὼν
2369 3290 2426 3344 δὲ
2460 3289 2660 3361 ἑφεξῆς
2688 3291 2788 3354 τὰς
2815 3290 3108 3362 μετέπειτα
3136 3286 3213 3359 τῷ
3244 3286 3344 3358 βίῳ
3378 3281 3623 3353 ὲπιφυιίρ

2061 3397 2157 3446 σας
2206 3381 2297 3435 ἐπὶ
2338 3385 2481 3454 κακῇ
2524 3382 2791 3454 προφάσει
2846 3382 3004 3448 δόξας
3034 3382 3234 3453 ὁμοίως
3263 3375 3625 3448 διαγορεύσω,

2058 3469 2158 3542 ἤδη
2190 3469 2289 3534 τὰς
2322 3471 2511 3526 ἕνδεκα
2542 3472 2642 3538 τὰς
2670 3474 2780 3527 ἀπὸ
2817 3472 3081 3527 Ἰουδαίων
3110 3473 3206 3527 καὶ
3250 3468 3623 3543 Σαμαρειτῶν.

2057 3560 2152 3614 καὶ
2187 3560 2288 3625 τὰς
2325 3562 2429 3634 πρὸ
2457 3564 2632 3618 αὐτῶν
2673 3565 2829 3618 ἐννέα
2867 3565 2927 3632 ἐξ
2963 3564 3257 3635 Ἑλλήνων,
3289 3562 3385 3618 καὶ
3420 3560 3622 3634 §apsa-

2059 3668 2197 3722 ρων,
2230 3653 2325 3707 καὶ
2351 3653 2460 3708 τῶν
2491 3654 2666 3709 ἀλλων
2694 3655 2992 3726 γενομένας
3038 3655 3148 3728 πρὸ
3171 3656 3269 3724 τῆς
3295 3650 3392 3708 τοῦ
3420 3650 3623 3724 Κυρίου

2056 3744 2377 3815 παρουσίας,
2419 3748 2512 3801 καὶ
2551 3747 2656 3811 ἕως
2700 3747 2864 3802 αὐτοῦ
2898 3747 2993 3802 τοῦ
3024 3748 3213 3820 χρόνου
3252 3744 3483 3819 μετρίως
3518 3744 3623 3797 ἀπ-

2054 3832 2513 3906 αριθμησάμενος.

2272 3972 2411 4039 Περὶ
2442 3972 2804 4041 Ναζωραίων,
2839 3973 2971 4042 ἢτοι
3005 3971 3389 4042 Χριστιανῶν.

2122 4102 2492 4176 Ναζωραίων,
2545 4107 2575 4160 ὃ
2626 4107 2743 4160 ἐστι
2795 4104 3165 4178 Χριστιανῶν,
3216 4105 3248 4158 ὁ
3292 4102 3511 4174 κληθεὶς
3561 4103 3623 4154 ἔθ’

2049 4192 2213 4264 ὀλίγῳ
2250 4194 2425 4266 χρόνῳ
2453 4196 2557 4249 ὑπὸ
2601 4197 2872 4251 Ἰουδαίων
2898 4195 3345 4270 Χριστιανισμὸς,
3398 4195 3493 4248 καὶ
3526 4195 3619 4248 ὑπ’

2049 4284 2226 4339 αὐτῶν
2260 4284 2367 4339 τῶν
2404 4288 2744 4354 ἀποστόλων,
2789 4289 3040 4359 λέγοντος
3091 4287 3298 4359 Πέτρου
3321 4301 3335 4317 ·
3382 4284 3620 4352 Ἰησοῦν

2048 4377 2157 4433 τὸν
2192 4378 2525 4450 Ναζωραῖον
2545 4421 2561 4446 ,
2608 4381 2798 4451 ἄνδρα
2841 4379 3336 4450 ἀποδεδειγμένον
3378 4377 3451 4431 ἐκ
3510 4376 3619 4432 τοῦ

2050 4471 2220 4536 Θεοῦ,
2250 4472 2344 4526 καὶ
2371 4474 2441 4528 τὰ
2473 4473 2602 4546 ἑξῆς
2622 4491 2637 4506 ·
2673 4473 2902 4546 ὕστερον
2938 4473 2996 4527 st
3018 4471 3129 4527 ἀπὸ
3162 4468 3489 4541 Ἀντιοχείας
3515 4467 3616 4537 ἀρ·

366 4536 582 4595 nismus
623 4542 886 4613 appellari
918 4547 1106 4610 coenit.
1146 4547 1243 4606 Est
1273 4558 1330 4606 et
1360 4552 1467 4608 alia
1507 4557 1728 4627 proprie
1763 4555 1941 4616 Naza-
1971 4565 2020 4621 n
2047 4554 2277 4629 ξάμενος
2300 4560 2576 4617 καλεῖσθαι
2603 4562 3043 4635 Χριστιανισμός.
3074 4561 3231 4616 Ἔστι
3252 4560 3310 4614 δὲ
3334 4558 3427 4613 καὶ
3455 4555 3615 4629 φύσει

367 4624 601 4687 ‘morum
635 4641 806 4702 secta,
840 4635 907 4692 de
937 4639 1137 4708 quibus
1170 4655 1272 4697 suo
1289 4643 1411 4699 loco
1437 4643 1858 4716 disputabimus.

437 4982 454 5013 ¹
475 4982 596 5038 Act.
626 4996 689 5049 tt,
720 4980 810 5039 22.
893 4985 913 5017 ⁸
935 4983 1084 5044 Fort.
1119 4995 1670 5064 προκαταγγελθείσα.

2040 4649 2248 4721 αἵρεσις
2283 4652 2643 4726 Ναζωραίων,
2671 4655 2802 4728 περὶ
2838 4647 2915 4712 ὧν
2963 4653 3194 4724 καθεξῆς
3225 4650 3450 4721 λέξομεν
3478 4649 3614 4703 κατὰ

2045 4739 2137 4794 τὸν
2161 4741 2351 4813 καιρὸν
2375 4743 2476 4815 τῆς
2499 4742 2836 4809 ἀκολουθίας.
