<?xml version="1.0" encoding="UTF-8"?>
<!DOCTYPE html PUBLIC "-//W3C//DTD XHTML 1.0 Transitional//EN"
    "http://www.w3.org/TR/xhtml1/DTD/xhtml1-transitional.dtd">
<html xmlns="http://www.w3.org/1999/xhtml" xml:lang="en" lang="en">
 <head>
  <title>
</title>
<meta http-equiv="Content-Type" content="text/html;charset=utf-8" />
  <meta name='ocr-system' content='tesseract 3.04.00' />
  <meta name='ocr-capabilities' content='ocr_page ocr_carea ocr_par ocr_line ocrx_word'/>
</head>
<body>
  <div class='ocr_page' id='page_1' title='image "./patrologicursus108migngoog_0398.png"; bbox 0 0 3850 6517; ppageno 0'>
   <div class='ocr_carea' id='block_1_1' title="bbox 391 488 485 543">
    <p class='ocr_par' dir='ltr' id='par_1_1' title="bbox 391 488 485 543">
     <span class='ocr_line' id='line_1_1' title="bbox 391 488 485 543; baseline 0.021 -2"><span class='ocrx_word' id='word_1_1' title='bbox 391 488 485 543; x_wconf 69' lang='lat'><strong>761</strong></span> 
     </span>
    </p>
   </div>
   <div class='ocr_carea' id='block_1_2' title="bbox 1052 481 2976 550">
    <p class='ocr_par' dir='ltr' id='par_1_2' title="bbox 1052 481 2976 550">
     <span class='ocr_line' id='line_1_2' title="bbox 1052 481 2976 550; baseline 0.004 -10"><span class='ocrx_word' id='word_1_2' title='bbox 1052 481 1425 543; x_wconf 75' lang='lat' dir='ltr'>ADVERSUS</span> <span class='ocrx_word' id='word_1_3' title='bbox 1463 487 1806 547; x_wconf 75' lang='lat' dir='ltr'>HAERESES</span> <span class='ocrx_word' id='word_1_4' title='bbox 1846 492 1973 547; x_wconf 68' lang='grc' dir='ltr'><strong>[ΑΒ.</strong></span> <span class='ocrx_word' id='word_1_5' title='bbox 2016 492 2057 545; x_wconf 91' lang='grc'><strong>1.</strong></span> <span class='ocrx_word' id='word_1_6' title='bbox 2098 491 2260 548; x_wconf 71' lang='lat' dir='ltr'><strong>Tou.</strong></span> <span class='ocrx_word' id='word_1_7' title='bbox 2301 493 2462 548; x_wconf 87' lang='lat' dir='ltr'><strong>lll.--</strong></span> <span class='ocrx_word' id='word_1_8' title='bbox 2504 492 2778 550; x_wconf 80' lang='lat' dir='ltr'><strong>llAERES.</strong></span> <span class='ocrx_word' id='word_1_9' title='bbox 2813 491 2976 547; x_wconf 75' lang='lat' dir='ltr'><strong>xm.</strong></span> 
     </span>
    </p>
   </div>
   <div class='ocr_carea' id='block_1_3' title="bbox 3545 488 3653 545">
    <p class='ocr_par' dir='ltr' id='par_1_3' title="bbox 3545 488 3653 545">
     <span class='ocr_line' id='line_1_3' title="bbox 3545 488 3653 545; baseline 0 0"><span class='ocrx_word' id='word_1_10' title='bbox 3545 488 3653 545; x_wconf 74' lang='lat'><strong>762</strong></span> 
     </span>
    </p>
   </div>
   <div class='ocr_carea' id='block_1_4' title="bbox 389 602 3646 678">
    <p class='ocr_par' dir='ltr' id='par_1_4' title="bbox 389 602 3646 678">
     <span class='ocr_line' id='line_1_4' title="bbox 389 602 3646 678; baseline -0 -19"><span class='ocrx_word' id='word_1_11' title='bbox 389 609 542 678; x_wconf 80' lang='grc' dir='ltr'><strong>ὑμεῖς</strong></span> <span class='ocrx_word' id='word_1_12' title='bbox 590 602 799 673; x_wconf 78' lang='grc' dir='ltr'><strong>λέγετε,</strong></span> <span class='ocrx_word' id='word_1_13' title='bbox 845 602 1127 675; x_wconf 78' lang='grc' dir='ltr'><strong>πειράσαι,</strong></span> <span class='ocrx_word' id='word_1_14' title='bbox 1174 602 1267 657; x_wconf 82' lang='grc' dir='ltr'><strong>τὸν</strong></span> <span class='ocrx_word' id='word_1_15' title='bbox 1311 603 1519 675; x_wconf 79' lang='grc' dir='ltr'>Ἰησοῦν</span> <span class='ocrx_word' id='word_1_16' title='bbox 1554 608 1645 661; x_wconf 76' lang='grc' dir='ltr'><strong>τὸν</strong></span> <span class='ocrx_word' id='word_1_17' title='bbox 1684 608 1849 662; x_wconf 76' lang='grc' dir='ltr'><strong>αὐτοῦ</strong></span> <span class='ocrx_word' id='word_1_18' title='bbox 1873 612 1971 662; x_wconf 83' lang='grc' dir='ltr'><strong>Δε-</strong></span> <span class='ocrx_word' id='word_1_19' title='bbox 2001 616 2038 668; x_wconf 78' lang='grc' dir='ltr'>Α</span> <span class='ocrx_word' id='word_1_20' title='bbox 2071 608 2336 664; x_wconf 80' lang='lat' dir='ltr'><strong>diabolo¹</strong></span> <span class='ocrx_word' id='word_1_21' title='bbox 2374 608 2652 677; x_wconf 82' lang='lat' dir='ltr'><strong>ejusmodi</strong></span> <span class='ocrx_word' id='word_1_22' title='bbox 2697 608 2765 663; x_wconf 89' lang='lat' dir='ltr'><strong>de</strong></span> <span class='ocrx_word' id='word_1_23' title='bbox 2799 608 2894 661; x_wconf 88' lang='lat' dir='ltr'><strong>illo</strong></span> <span class='ocrx_word' id='word_1_24' title='bbox 2923 604 3219 661; x_wconf 70' lang='lat' dir='ltr'>abstulisse</span> <span class='ocrx_word' id='word_1_25' title='bbox 3263 618 3592 674; x_wconf 85' lang='lat' dir='ltr'><strong>responsum</strong></span> <span class='ocrx_word' id='word_1_26' title='bbox 3630 621 3646 658; x_wconf 76' lang='lat' dir='ltr'><strong><em>z</em></strong></span> 
     </span>
    </p>
   </div>
   <div class='ocr_carea' id='block_1_5' title="bbox 387 691 1975 1955">
    <p class='ocr_par' dir='ltr' id='par_1_5' title="bbox 387 691 1975 1955">
     <span class='ocr_line' id='line_1_5' title="bbox 389 691 1971 767; baseline 0.003 -18"><span class='ocrx_word' id='word_1_27' title='bbox 389 696 621 767; x_wconf 76' lang='grc' dir='ltr'><strong>σπότηνς</strong></span> <span class='ocrx_word' id='word_1_28' title='bbox 666 692 809 762; x_wconf 83' lang='grc' dir='ltr'><strong>Ἐγὼ</strong></span> <span class='ocrx_word' id='word_1_29' title='bbox 841 693 920 757; x_wconf 80' lang='grc' dir='ltr'><strong>δὲ,</strong></span> <span class='ocrx_word' id='word_1_30' title='bbox 957 694 1015 746; x_wconf 83' lang='grc' dir='ltr'><strong>ὲν</strong></span> <span class='ocrx_word' id='word_1_31' title='bbox 1042 692 1137 746; x_wconf 89' lang='grc' dir='ltr'><strong>τοῦ</strong></span> <span class='ocrx_word' id='word_1_32' title='bbox 1170 691 1306 746; x_wconf 82' lang='grc' dir='ltr'><strong>Θεοῦ</strong></span> <span class='ocrx_word' id='word_1_33' title='bbox 1344 692 1565 766; x_wconf 65' lang='grc' dir='ltr'><strong>βοηθείᾳ</strong></span> <span class='ocrx_word' id='word_1_34' title='bbox 1608 697 1671 763; x_wconf 76' lang='grc' dir='ltr'><strong>ἐξ</strong></span> <span class='ocrx_word' id='word_1_35' title='bbox 1705 698 1971 767; x_wconf 81' lang='grc' dir='ltr'><strong>ὑπογυίου</strong></span> 
     </span>
     <span class='ocr_line' id='line_1_6' title="bbox 388 784 1969 858; baseline 0.004 -18"><span class='ocrx_word' id='word_1_36' title='bbox 388 785 565 841; x_wconf 77' lang='grc' dir='ltr'><strong>λαδὼν</strong></span> <span class='ocrx_word' id='word_1_37' title='bbox 612 786 852 847; x_wconf 84' lang='grc' dir='ltr'><strong>σύνεσιν,</strong></span> <span class='ocrx_word' id='word_1_38' title='bbox 882 784 1267 855; x_wconf 83' lang='grc' dir='ltr'><strong>ἀπεκρινάμην</strong></span> <span class='ocrx_word' id='word_1_39' title='bbox 1295 785 1476 857; x_wconf 77' lang='grc' dir='ltr'><strong>αὐτῷ,</strong></span> <span class='ocrx_word' id='word_1_40' title='bbox 1505 787 1708 858; x_wconf 80' lang='grc' dir='ltr'><strong>λέγων·</strong></span> <span class='ocrx_word' id='word_1_41' title='bbox 1770 792 1845 844; x_wconf 87' lang='grc' dir='ltr'><strong>Οῦ</strong></span> <span class='ocrx_word' id='word_1_42' title='bbox 1877 808 1969 845; x_wconf 88' lang='grc' dir='ltr'><strong>πι-</strong></span> 
     </span>
     <span class='ocr_line' id='line_1_7' title="bbox 390 873 1963 951; baseline 0.003 -20"><span class='ocrx_word' id='word_1_43' title='bbox 390 877 630 941; x_wconf 76' lang='grc' dir='ltr'><strong>στεόετε,</strong></span> <span class='ocrx_word' id='word_1_44' title='bbox 657 876 739 930; x_wconf 81' lang='grc' dir='ltr'><strong>ὅτι</strong></span> <span class='ocrx_word' id='word_1_45' title='bbox 766 873 1086 946; x_wconf 78' lang='grc' dir='ltr'><strong>ἐσταυρώθη</strong></span> <span class='ocrx_word' id='word_1_46' title='bbox 1121 877 1150 929; x_wconf 81' lang='grc' dir='ltr'><strong>ὁ</strong></span> <span class='ocrx_word' id='word_1_47' title='bbox 1181 876 1449 947; x_wconf 74' lang='grc' dir='ltr'><strong>Χριστόςς</strong></span> <span class='ocrx_word' id='word_1_48' title='bbox 1498 879 1556 933; x_wconf 78' lang='grc' dir='ltr'>Ὀ</span> <span class='ocrx_word' id='word_1_49' title='bbox 1582 880 1641 934; x_wconf 80' lang='grc' dir='ltr'><strong>δὲ</strong></span> <span class='ocrx_word' id='word_1_50' title='bbox 1674 880 1802 951; x_wconf 74' lang='grc' dir='ltr'><strong>ἔφη·</strong></span> <span class='ocrx_word' id='word_1_51' title='bbox 1830 883 1963 945; x_wconf 71' lang='grc' dir='ltr'><strong>Ναὶ,</strong></span> 
     </span>
     <span class='ocr_line' id='line_1_8' title="bbox 391 960 1975 1041; baseline 0.005 -22"><span class='ocrx_word' id='word_1_52' title='bbox 391 966 487 1020; x_wconf 75' lang='grc' dir='ltr'><strong>καὶ</strong></span> <span class='ocrx_word' id='word_1_53' title='bbox 513 966 617 1019; x_wconf 81' lang='grc' dir='ltr'><strong>οὐκ</strong></span> <span class='ocrx_word' id='word_1_54' title='bbox 642 966 716 1036; x_wconf 75' lang='grc' dir='ltr'><strong>ὴρ</strong></span> <span class='ocrx_word' id='word_1_55' title='bbox 786 981 932 1017; x_wconf 90' lang='grc' dir='ltr'><strong>σατο.</strong></span> <span class='ocrx_word' id='word_1_56' title='bbox 965 963 1123 1027; x_wconf 86' lang='grc' dir='ltr'><strong>Τίνες</strong></span> <span class='ocrx_word' id='word_1_57' title='bbox 1154 960 1249 1019; x_wconf 78' lang='grc' dir='ltr'><strong>οῦν</strong></span> <span class='ocrx_word' id='word_1_58' title='bbox 1282 965 1445 1020; x_wconf 80' lang='grc' dir='ltr'><strong>αὐτὸν</strong></span> <span class='ocrx_word' id='word_1_59' title='bbox 1474 967 1864 1041; x_wconf 77' lang='grc' dir='ltr'><strong>ὲσταῦρωσανς</strong></span> <span class='ocrx_word' id='word_1_60' title='bbox 1913 972 1975 1027; x_wconf 80' lang='lat'><strong>‘0</strong></span> 
     </span>
     <span class='ocr_line' id='line_1_9' title="bbox 394 1052 1971 1135; baseline 0.004 -25"><span class='ocrx_word' id='word_1_61' title='bbox 394 1058 447 1110; x_wconf 82' lang='grc' dir='ltr'><strong>δὲ</strong></span> <span class='ocrx_word' id='word_1_62' title='bbox 468 1056 593 1128; x_wconf 74' lang='grc' dir='ltr'><strong>ἔφη·</strong></span> <span class='ocrx_word' id='word_1_63' title='bbox 613 1056 934 1129; x_wconf 73' lang='grc' dir='ltr'><strong>Ἄνθρωποι.</strong></span> <span class='ocrx_word' id='word_1_64' title='bbox 959 1052 1093 1110; x_wconf 74' lang='grc' dir='ltr'><strong>Εἶτα</strong></span> <span class='ocrx_word' id='word_1_65' title='bbox 1113 1056 1250 1128; x_wconf 76' lang='grc' dir='ltr'><strong>ἔφην</strong></span> <span class='ocrx_word' id='word_1_66' title='bbox 1271 1058 1439 1129; x_wconf 76' lang='grc' dir='ltr'><strong>αὐτῷ·</strong></span> <span class='ocrx_word' id='word_1_67' title='bbox 1468 1060 1971 1135; x_wconf 30' lang='grc' dir='ltr'><strong>Τίςσδυνατώτερος,</strong></span> 
     </span>
     <span class='ocr_line' id='line_1_10' title="bbox 394 1147 1971 1222; baseline 0.004 -21"><span class='ocrx_word' id='word_1_68' title='bbox 394 1151 421 1201; x_wconf 79' lang='grc' dir='ltr'><strong>ὁ</strong></span> <span class='ocrx_word' id='word_1_69' title='bbox 457 1147 757 1219; x_wconf 74' lang='grc' dir='ltr'><strong>ἄνθρωπος,</strong></span> <span class='ocrx_word' id='word_1_70' title='bbox 788 1148 823 1219; x_wconf 74' lang='grc' dir='ltr'><strong>ἢ</strong></span> <span class='ocrx_word' id='word_1_71' title='bbox 856 1150 885 1202; x_wconf 81' lang='grc' dir='ltr'><strong>ὁ</strong></span> <span class='ocrx_word' id='word_1_72' title='bbox 929 1147 1201 1214; x_wconf 75' lang='grc' dir='ltr'><strong>διάδολος;</strong></span> <span class='ocrx_word' id='word_1_73' title='bbox 1263 1149 1322 1201; x_wconf 84' lang='grc' dir='ltr'>Ὁ</span> <span class='ocrx_word' id='word_1_74' title='bbox 1351 1149 1408 1202; x_wconf 83' lang='grc' dir='ltr'><strong>δὲ</strong></span> <span class='ocrx_word' id='word_1_75' title='bbox 1434 1149 1536 1222; x_wconf 75' lang='grc' dir='ltr'><strong>ἔφη</strong></span> <span class='ocrx_word' id='word_1_76' title='bbox 1556 1166 1571 1182; x_wconf 88' lang='grc'><em>·</em></span> <span class='ocrx_word' id='word_1_77' title='bbox 1628 1152 1687 1205; x_wconf 82' lang='lat'><strong>&#39;0</strong></span> <span class='ocrx_word' id='word_1_78' title='bbox 1728 1153 1971 1219; x_wconf 79' lang='grc' dir='ltr'><strong>διάδολος</strong></span> 
     </span>
     <span class='ocr_line' id='line_1_11' title="bbox 397 1236 1971 1314; baseline 0.005 -23"><span class='ocrx_word' id='word_1_79' title='bbox 397 1240 756 1311; x_wconf 83' lang='grc' dir='ltr'><strong>ίσχυρότερος.</strong></span> <span class='ocrx_word' id='word_1_80' title='bbox 822 1240 950 1293; x_wconf 85' lang='grc' dir='ltr'><strong>Ὅτε</strong></span> <span class='ocrx_word' id='word_1_81' title='bbox 981 1237 1140 1293; x_wconf 85' lang='grc' dir='ltr'><strong>τοῦτο</strong></span> <span class='ocrx_word' id='word_1_82' title='bbox 1183 1236 1361 1303; x_wconf 77' lang='grc' dir='ltr'><strong>εἶπεν,</strong></span> <span class='ocrx_word' id='word_1_83' title='bbox 1393 1242 1839 1314; x_wconf 77' lang='grc' dir='ltr'><strong>ἀπεκρινάμεθα·</strong></span> <span class='ocrx_word' id='word_1_84' title='bbox 1906 1245 1971 1299; x_wconf 85' lang='grc' dir='ltr'><strong>Εί</strong></span> 
     </span>
     <span class='ocr_line' id='line_1_12' title="bbox 392 1328 1970 1407; baseline 0.005 -24"><span class='ocrx_word' id='word_1_85' title='bbox 392 1333 420 1383; x_wconf 84' lang='grc' dir='ltr'><strong>ὁ</strong></span> <span class='ocrx_word' id='word_1_86' title='bbox 450 1328 696 1394; x_wconf 78' lang='grc' dir='ltr'><strong>διάὸολος</strong></span> <span class='ocrx_word' id='word_1_87' title='bbox 744 1330 1088 1402; x_wconf 86' lang='grc' dir='ltr'><strong>ίσχυρότερος</strong></span> <span class='ocrx_word' id='word_1_88' title='bbox 1127 1331 1433 1402; x_wconf 78' lang='grc' dir='ltr'><strong>ἀνθρώπων</strong></span> <span class='ocrx_word' id='word_1_89' title='bbox 1470 1335 1725 1407; x_wconf 79' lang='grc' dir='ltr'><strong>ὑπάρχει,</strong></span> <span class='ocrx_word' id='word_1_90' title='bbox 1755 1336 1970 1407; x_wconf 78' lang='grc' dir='ltr'><strong>ἀνθρω-</strong></span> 
     </span>
     <span class='ocr_line' id='line_1_13' title="bbox 389 1420 1973 1499; baseline 0.006 -26"><span class='ocrx_word' id='word_1_91' title='bbox 389 1437 478 1473; x_wconf 87' lang='grc' dir='ltr'><strong>ποι</strong></span> <span class='ocrx_word' id='word_1_92' title='bbox 497 1420 553 1473; x_wconf 86' lang='grc' dir='ltr'><strong>δὲ</strong></span> <span class='ocrx_word' id='word_1_93' title='bbox 573 1423 622 1474; x_wconf 88' lang='grc' dir='ltr'><strong>οί</strong></span> <span class='ocrx_word' id='word_1_94' title='bbox 641 1421 1018 1493; x_wconf 83' lang='grc' dir='ltr'><strong>ἀσθενέστεροι</strong></span> <span class='ocrx_word' id='word_1_95' title='bbox 1033 1422 1267 1493; x_wconf 77' lang='grc' dir='ltr'><strong>Χριστὸν</strong></span> <span class='ocrx_word' id='word_1_96' title='bbox 1286 1423 1636 1496; x_wconf 74' lang='grc' dir='ltr'><strong>ἐσταύρωσαν</strong></span> <span class='ocrx_word' id='word_1_97' title='bbox 1655 1444 1669 1457; x_wconf 91' lang='grc'><em>·</em></span> <span class='ocrx_word' id='word_1_98' title='bbox 1703 1428 1766 1481; x_wconf 70' lang='grc' dir='ltr'><strong>οὗ</strong></span> <span class='ocrx_word' id='word_1_99' title='bbox 1785 1428 1973 1499; x_wconf 84' lang='grc' dir='ltr'><strong>θαῦμα</strong></span> 
     </span>
     <span class='ocr_line' id='line_1_14' title="bbox 388 1511 1969 1591; baseline 0.007 -29"><span class='ocrx_word' id='word_1_100' title='bbox 388 1512 437 1563; x_wconf 88' lang='grc' dir='ltr'><strong>εί</strong></span> <span class='ocrx_word' id='word_1_101' title='bbox 464 1511 558 1563; x_wconf 75' lang='grc' dir='ltr'><strong>καὶ</strong></span> <span class='ocrx_word' id='word_1_102' title='bbox 586 1511 694 1565; x_wconf 76' lang='grc' dir='ltr'><strong>ὑπὸ</strong></span> <span class='ocrx_word' id='word_1_103' title='bbox 711 1511 834 1565; x_wconf 80' lang='grc' dir='ltr'><strong>-τοῦ</strong></span> <span class='ocrx_word' id='word_1_104' title='bbox 854 1511 1103 1566; x_wconf 75' lang='grc' dir='ltr'><strong>διαὸόλου</strong></span> <span class='ocrx_word' id='word_1_105' title='bbox 1129 1513 1455 1585; x_wconf 80' lang='grc' dir='ltr'><strong>ὲπειράσθη.</strong></span> <span class='ocrx_word' id='word_1_106' title='bbox 1523 1517 1706 1571; x_wconf 82' lang='grc' dir='ltr'><strong>Πάντα</strong></span> <span class='ocrx_word' id='word_1_107' title='bbox 1740 1519 1846 1591; x_wconf 84' lang='grc' dir='ltr'><strong>γὰρ</strong></span> <span class='ocrx_word' id='word_1_108' title='bbox 1877 1519 1969 1573; x_wconf 77' lang='grc' dir='ltr'><strong>θέ·</strong></span> 
     </span>
     <span class='ocr_line' id='line_1_15' title="bbox 387 1602 1973 1677; baseline 0.008 -24"><span class='ocrx_word' id='word_1_109' title='bbox 387 1602 515 1666; x_wconf 83' lang='grc' dir='ltr'><strong>λων,</strong></span> <span class='ocrx_word' id='word_1_110' title='bbox 533 1602 629 1656; x_wconf 77' lang='grc' dir='ltr'><strong>καὶ</strong></span> <span class='ocrx_word' id='word_1_111' title='bbox 649 1604 713 1656; x_wconf 85' lang='grc' dir='ltr'><strong>οὐ</strong></span> <span class='ocrx_word' id='word_1_112' title='bbox 742 1604 880 1673; x_wconf 80' lang='grc' dir='ltr'><strong>μετὰ</strong></span> <span class='ocrx_word' id='word_1_113' title='bbox 900 1604 1146 1675; x_wconf 86' lang='grc' dir='ltr'><strong>ἀνάγκης</strong></span> <span class='ocrx_word' id='word_1_114' title='bbox 1180 1606 1320 1677; x_wconf 80' lang='grc' dir='ltr'><strong>ὑπὲρ</strong></span> <span class='ocrx_word' id='word_1_115' title='bbox 1351 1609 1384 1675; x_wconf 71' lang='grc' dir='ltr'>ἡ</span> <span class='ocrx_word' id='word_1_116' title='bbox 1393 1606 1509 1677; x_wconf 85' lang='grc' dir='ltr'><strong>μῶν</strong></span> <span class='ocrx_word' id='word_1_117' title='bbox 1533 1610 1724 1662; x_wconf 78' lang='grc' dir='ltr'><strong>ἑαυτὸν</strong></span> <span class='ocrx_word' id='word_1_118' title='bbox 1743 1610 1973 1665; x_wconf 81' lang='grc' dir='ltr'><strong>δέδωκεν</strong></span> 
     </span>
     <span class='ocr_line' id='line_1_16' title="bbox 387 1694 1971 1768; baseline 0.005 -21"><span class='ocrx_word' id='word_1_119' title='bbox 387 1696 416 1747; x_wconf 74' lang='grc' dir='ltr'>ὁ</span> <span class='ocrx_word' id='word_1_120' title='bbox 435 1694 668 1766; x_wconf 80' lang='grc' dir='ltr'><strong>Χριστὸς</strong></span> <span class='ocrx_word' id='word_1_121' title='bbox 687 1695 912 1765; x_wconf 82' lang='grc' dir='ltr'><strong>πάσχων</strong></span> <span class='ocrx_word' id='word_1_122' title='bbox 931 1695 992 1749; x_wconf 84' lang='grc' dir='ltr'><strong>ὲν</strong></span> <span class='ocrx_word' id='word_1_123' title='bbox 1010 1695 1258 1765; x_wconf 71' lang='grc' dir='ltr'><strong>ἀληθείᾳ,</strong></span> <span class='ocrx_word' id='word_1_124' title='bbox 1280 1697 1342 1748; x_wconf 77' lang='grc' dir='ltr'><strong>οὐ</strong></span> <span class='ocrx_word' id='word_1_125' title='bbox 1367 1699 1487 1751; x_wconf 87' lang='grc' dir='ltr'><strong>κατ’</strong></span> <span class='ocrx_word' id='word_1_126' title='bbox 1507 1699 1813 1768; x_wconf 83' lang='grc' dir='ltr'><strong>ἀσθένειαν,</strong></span> <span class='ocrx_word' id='word_1_127' title='bbox 1834 1702 1971 1755; x_wconf 79' lang='grc' dir='ltr'><strong>ἀλλὰ</strong></span> 
     </span>
     <span class='ocr_line' id='line_1_17' title="bbox 390 1785 1974 1864; baseline 0.005 -26"><span class='ocrx_word' id='word_1_128' title='bbox 390 1785 533 1839; x_wconf 78' lang='grc' dir='ltr'><strong>κατὰ</strong></span> <span class='ocrx_word' id='word_1_129' title='bbox 560 1786 879 1858; x_wconf 88' lang='grc' dir='ltr'><strong>προαίρεσιν</strong></span> <span class='ocrx_word' id='word_1_130' title='bbox 901 1788 981 1849; x_wconf 82' lang='grc' dir='ltr'><strong>είς</strong></span> <span class='ocrx_word' id='word_1_131' title='bbox 1007 1786 1369 1857; x_wconf 76' lang='grc' dir='ltr'><strong>ὑπογραμμὸν</strong></span> <span class='ocrx_word' id='word_1_132' title='bbox 1408 1790 1591 1861; x_wconf 77' lang='grc' dir='ltr'><strong>ἡμῶν,</strong></span> <span class='ocrx_word' id='word_1_133' title='bbox 1627 1792 1722 1845; x_wconf 73' lang='grc' dir='ltr'><strong>καὶ</strong></span> <span class='ocrx_word' id='word_1_134' title='bbox 1740 1792 1809 1845; x_wconf 82' lang='grc' dir='ltr'><strong>τά</strong></span> <span class='ocrx_word' id='word_1_135' title='bbox 1834 1793 1974 1864; x_wconf 69' lang='grc' dir='ltr'><strong>πρὸς</strong></span> 
     </span>
     <span class='ocr_line' id='line_1_18' title="bbox 388 1877 1970 1955; baseline 0.006 -26"><span class='ocrx_word' id='word_1_136' title='bbox 388 1878 481 1930; x_wconf 72' lang='grc' dir='ltr'><strong>τὸν</strong></span> <span class='ocrx_word' id='word_1_137' title='bbox 502 1877 769 1945; x_wconf 78' lang='grc' dir='ltr'><strong>διάδολον,</strong></span> <span class='ocrx_word' id='word_1_138' title='bbox 795 1878 890 1932; x_wconf 76' lang='grc' dir='ltr'><strong>καὶ</strong></span> <span class='ocrx_word' id='word_1_139' title='bbox 913 1879 994 1943; x_wconf 82' lang='grc' dir='ltr'><strong>είς</strong></span> <span class='ocrx_word' id='word_1_140' title='bbox 1016 1882 1292 1952; x_wconf 80' lang='grc' dir='ltr'><strong>σωτηρίαν</strong></span> <span class='ocrx_word' id='word_1_141' title='bbox 1319 1883 1476 1954; x_wconf 70' lang='grc' dir='ltr'><strong>ἡμῶν</strong></span> <span class='ocrx_word' id='word_1_142' title='bbox 1501 1885 1558 1936; x_wconf 87' lang='grc' dir='ltr'><strong>ὲν</strong></span> <span class='ocrx_word' id='word_1_143' title='bbox 1584 1885 1662 1955; x_wconf 79' lang='grc' dir='ltr'><strong>τῷ</strong></span> <span class='ocrx_word' id='word_1_144' title='bbox 1684 1884 1848 1939; x_wconf 85' lang='grc' dir='ltr'><strong>πάθει</strong></span> <span class='ocrx_word' id='word_1_145' title='bbox 1874 1885 1970 1939; x_wconf 88' lang='grc' dir='ltr'><strong>τοῦ</strong></span> 
     </span>
    </p>
   </div>
   <div class='ocr_carea' id='block_1_6' title="bbox 2071 692 3659 1943">
    <p class='ocr_par' dir='ltr' id='par_1_6' title="bbox 2071 692 3659 1943">
     <span class='ocr_line' id='line_1_19' title="bbox 2077 692 3653 767; baseline -0.003 -16"><span class='ocrx_word' id='word_1_146' title='bbox 2077 697 2178 764; x_wconf 91' lang='lat' dir='ltr'><strong>Qui</strong></span> <span class='ocrx_word' id='word_1_147' title='bbox 2215 698 2331 751; x_wconf 84' lang='lat' dir='ltr'><strong>fieri</strong></span> <span class='ocrx_word' id='word_1_148' title='bbox 2366 705 2565 767; x_wconf 88' lang='lat' dir='ltr'><strong>potest,</strong></span> <span class='ocrx_word' id='word_1_149' title='bbox 2590 704 2648 750; x_wconf 91' lang='lat' dir='ltr'><strong>ut</strong></span> <span class='ocrx_word' id='word_1_150' title='bbox 2674 694 2909 749; x_wconf 79' lang='lat' dir='ltr'><strong>Satanas</strong></span> <span class='ocrx_word' id='word_1_151' title='bbox 2933 694 3100 747; x_wconf 74' lang='lat' dir='ltr'><strong>neum</strong></span> <span class='ocrx_word' id='word_1_152' title='bbox 3126 708 3338 753; x_wconf 76' lang='lat' dir='ltr'><strong>verum.</strong></span> <span class='ocrx_word' id='word_1_153' title='bbox 3371 707 3437 747; x_wconf 87' lang='lat' dir='ltr'><strong>ac</strong></span> <span class='ocrx_word' id='word_1_154' title='bbox 3464 692 3653 761; x_wconf 86' lang='lat' dir='ltr'><strong>seipso</strong></span> 
     </span>
     <span class='ocr_line' id='line_1_20' title="bbox 2073 780 3653 854; baseline -0.002 -17"><span class='ocrx_word' id='word_1_155' title='bbox 2073 783 2230 853; x_wconf 74' lang='lat' dir='ltr'><strong>longe</strong></span> <span class='ocrx_word' id='word_1_156' title='bbox 2265 784 2724 854; x_wconf 67' lang='lat' dir='ltr'><strong>praestantiorem,</strong></span> <span class='ocrx_word' id='word_1_157' title='bbox 2767 780 3167 851; x_wconf 71' lang='lat' dir='ltr'>Dominamque</span> <span class='ocrx_word' id='word_1_158' title='bbox 3195 796 3378 845; x_wconf 86' lang='lat' dir='ltr'><strong>suum,</strong></span> <span class='ocrx_word' id='word_1_159' title='bbox 3419 791 3478 835; x_wconf 91' lang='lat' dir='ltr'><strong>ut</strong></span> <span class='ocrx_word' id='word_1_160' title='bbox 3514 780 3653 835; x_wconf 84' lang='lat' dir='ltr'><strong>diei·</strong></span> 
     </span>
     <span class='ocr_line' id='line_1_21' title="bbox 2073 871 3654 943; baseline 0 -16"><span class='ocrx_word' id='word_1_161' title='bbox 2073 874 2164 940; x_wconf 68' lang='lat' dir='ltr'><strong>tiz,</strong></span> <span class='ocrx_word' id='word_1_162' title='bbox 2193 872 2380 930; x_wconf 64' lang='lat' dir='ltr'><strong>lesum</strong></span> <span class='ocrx_word' id='word_1_163' title='bbox 2417 874 2650 936; x_wconf 84' lang='lat' dir='ltr'><strong>scilicet,</strong></span> <span class='ocrx_word' id='word_1_164' title='bbox 2688 873 3019 928; x_wconf 71' lang='lat' dir='ltr'><strong>tentaverit?</strong></span> <span class='ocrx_word' id='word_1_165' title='bbox 3051 874 3164 943; x_wconf 80' lang='lat' dir='ltr'><strong>Ego</strong></span> <span class='ocrx_word' id='word_1_166' title='bbox 3195 887 3327 927; x_wconf 78' lang='lat' dir='ltr'><strong>vero</strong></span> <span class='ocrx_word' id='word_1_167' title='bbox 3354 871 3451 927; x_wconf 77' lang='lat' dir='ltr'><strong>nei</strong></span> <span class='ocrx_word' id='word_1_168' title='bbox 3480 871 3654 928; x_wconf 74' lang='lat' dir='ltr'><strong>fretus</strong></span> 
     </span>
     <span class='ocr_line' id='line_1_22' title="bbox 2073 963 3651 1038; baseline -0.004 -15"><span class='ocrx_word' id='word_1_169' title='bbox 2073 969 2300 1033; x_wconf 81' lang='lat' dir='ltr'><strong>auxilio.</strong></span> <span class='ocrx_word' id='word_1_170' title='bbox 2345 966 2495 1038; x_wconf 88' lang='lat' dir='ltr'><strong>quod</strong></span> <span class='ocrx_word' id='word_1_171' title='bbox 2528 983 2559 1022; x_wconf 91' lang='lat' dir='ltr'><strong>e</strong></span> <span class='ocrx_word' id='word_1_172' title='bbox 2592 981 2653 1022; x_wconf 89' lang='lat' dir='ltr'><strong>re</strong></span> <span class='ocrx_word' id='word_1_173' title='bbox 2682 971 2808 1019; x_wconf 82' lang='lat' dir='ltr'><strong>nata</strong></span> <span class='ocrx_word' id='word_1_174' title='bbox 2848 964 2981 1019; x_wconf 77' lang='lat' dir='ltr'><strong>inihi</strong></span> <span class='ocrx_word' id='word_1_175' title='bbox 3012 964 3065 1018; x_wconf 91' lang='lat' dir='ltr'><strong>in</strong></span> <span class='ocrx_word' id='word_1_176' title='bbox 3092 965 3334 1019; x_wconf 89' lang='lat' dir='ltr'><strong>animum</strong></span> <span class='ocrx_word' id='word_1_177' title='bbox 3359 963 3651 1025; x_wconf 82' lang='lat' dir='ltr'><strong>inciderat,</strong></span> 
     </span>
     <span class='ocr_line' id='line_1_23' title="bbox 2072 1055 3658 1128; baseline -0.002 -12"><span class='ocrx_word' id='word_1_178' title='bbox 2072 1064 2142 1117; x_wconf 88' lang='lat' dir='ltr'><strong>ad</strong></span> <span class='ocrx_word' id='word_1_179' title='bbox 2189 1062 2296 1116; x_wconf 87' lang='lat' dir='ltr'><strong>ista</strong></span> <span class='ocrx_word' id='word_1_180' title='bbox 2341 1059 2597 1128; x_wconf 78' lang='lat' dir='ltr'><strong>sul-jeci:</strong></span> <span class='ocrx_word' id='word_1_181' title='bbox 2643 1056 2902 1122; x_wconf 79' lang='lat' dir='ltr'>Creditis,</span> <span class='ocrx_word' id='word_1_182' title='bbox 2938 1058 3183 1127; x_wconf 86' lang='lat' dir='ltr'><strong>inquam,</strong></span> <span class='ocrx_word' id='word_1_183' title='bbox 3208 1055 3485 1111; x_wconf 85' lang='lat' dir='ltr'><strong>Christum</strong></span> <span class='ocrx_word' id='word_1_184' title='bbox 3532 1071 3658 1113; x_wconf 84' lang='lat' dir='ltr'><strong>esse</strong></span> 
     </span>
     <span class='ocr_line' id='line_1_24' title="bbox 2072 1144 3653 1219; baseline -0.003 -12"><span class='ocrx_word' id='word_1_185' title='bbox 2072 1151 2432 1208; x_wconf 78' lang='lat' dir='ltr'><strong>crucifixum?</strong></span> <span class='ocrx_word' id='word_1_186' title='bbox 2457 1150 2570 1207; x_wconf 82' lang='lat' dir='ltr'><strong>Nos</strong></span> <span class='ocrx_word' id='word_1_187' title='bbox 2601 1164 2751 1216; x_wconf 76' lang='lat' dir='ltr'><strong>vero,</strong></span> <span class='ocrx_word' id='word_1_188' title='bbox 2783 1147 2984 1219; x_wconf 78' lang='lat' dir='ltr'><strong>inquit,</strong></span> <span class='ocrx_word' id='word_1_189' title='bbox 3010 1147 3324 1214; x_wconf 86' lang='lat' dir='ltr'><strong>credimus;</strong></span> <span class='ocrx_word' id='word_1_190' title='bbox 3362 1162 3463 1202; x_wconf 90' lang='lat' dir='ltr'><strong>nec</strong></span> <span class='ocrx_word' id='word_1_191' title='bbox 3495 1144 3653 1202; x_wconf 72' lang='lat' dir='ltr'><strong>fateri</strong></span> 
     </span>
     <span class='ocr_line' id='line_1_25' title="bbox 2072 1236 3659 1312; baseline -0.002 -16"><span class='ocrx_word' id='word_1_192' title='bbox 2072 1242 2362 1299; x_wconf 85' lang='lat' dir='ltr'><strong>dubitavit.</strong></span> <span class='ocrx_word' id='word_1_193' title='bbox 2392 1240 2439 1295; x_wconf 75' lang='lat' dir='ltr'><strong>A</strong></span> <span class='ocrx_word' id='word_1_194' title='bbox 2465 1241 2667 1312; x_wconf 88' lang='lat' dir='ltr'><strong>quibus</strong></span> <span class='ocrx_word' id='word_1_195' title='bbox 2694 1255 2826 1310; x_wconf 76' lang='lat' dir='ltr'><strong>ergo</strong></span> <span class='ocrx_word' id='word_1_196' title='bbox 2855 1239 3153 1294; x_wconf 77' lang='lat' dir='ltr'><strong>crucifixus</strong></span> <span class='ocrx_word' id='word_1_197' title='bbox 3172 1236 3295 1294; x_wconf 74' lang='grc' dir='ltr'><strong>εειῖ</strong></span> <span class='ocrx_word' id='word_1_198' title='bbox 3331 1238 3540 1309; x_wconf 80' lang='lat' dir='ltr'><strong>rogavi.</strong></span> <span class='ocrx_word' id='word_1_199' title='bbox 3572 1236 3659 1293; x_wconf 76' lang='lat' dir='ltr'><strong>Ab</strong></span> 
     </span>
     <span class='ocr_line' id='line_1_26' title="bbox 2071 1328 3656 1403; baseline -0.003 -14"><span class='ocrx_word' id='word_1_200' title='bbox 2071 1334 2406 1399; x_wconf 80' lang='lat' dir='ltr'><strong>hominibus,</strong></span> <span class='ocrx_word' id='word_1_201' title='bbox 2461 1332 2764 1403; x_wconf 84' lang='lat' dir='ltr'><strong>respondit.</strong></span> <span class='ocrx_word' id='word_1_202' title='bbox 2819 1330 2959 1385; x_wconf 79' lang='lat' dir='ltr'><strong>Tum</strong></span> <span class='ocrx_word' id='word_1_203' title='bbox 3008 1343 3109 1401; x_wconf 73' lang='lat' dir='ltr'><strong>ego</strong></span> <span class='ocrx_word' id='word_1_204' title='bbox 3136 1349 3150 1385; x_wconf 87' lang='lat'>:</span> <span class='ocrx_word' id='word_1_205' title='bbox 3192 1329 3330 1396; x_wconf 87' lang='lat' dir='ltr'><strong>Quis</strong></span> <span class='ocrx_word' id='word_1_206' title='bbox 3365 1328 3656 1385; x_wconf 84' lang='lat' dir='ltr'><strong>amborum</strong></span> 
     </span>
     <span class='ocr_line' id='line_1_27' title="bbox 2072 1419 3656 1498; baseline -0.003 -19"><span class='ocrx_word' id='word_1_207' title='bbox 2072 1426 2353 1498; x_wconf 89' lang='lat' dir='ltr'><strong>potentior</strong></span> <span class='ocrx_word' id='word_1_208' title='bbox 2381 1432 2488 1491; x_wconf 86' lang='lat' dir='ltr'><strong>est,</strong></span> <span class='ocrx_word' id='word_1_209' title='bbox 2522 1424 2708 1488; x_wconf 83' lang='lat' dir='ltr'><strong>homo,</strong></span> <span class='ocrx_word' id='word_1_210' title='bbox 2736 1438 2804 1477; x_wconf 89' lang='lat' dir='ltr'><strong>an</strong></span> <span class='ocrx_word' id='word_1_211' title='bbox 2837 1421 3129 1477; x_wconf 70' lang='lat' dir='ltr'><strong>diabolus?</strong></span> <span class='ocrx_word' id='word_1_212' title='bbox 3159 1419 3445 1487; x_wconf 85' lang='lat' dir='ltr'><strong>Diabolus,</strong></span> <span class='ocrx_word' id='word_1_213' title='bbox 3477 1419 3656 1489; x_wconf 86' lang='lat' dir='ltr'><strong>inquit</strong></span> 
     </span>
     <span class='ocr_line' id='line_1_28' title="bbox 2072 1509 3655 1585; baseline -0.003 -15"><span class='ocrx_word' id='word_1_214' title='bbox 2072 1518 2184 1580; x_wconf 87' lang='lat' dir='ltr'><strong>ille,</strong></span> <span class='ocrx_word' id='word_1_215' title='bbox 2217 1518 2377 1585; x_wconf 79' lang='lat' dir='ltr'><strong>longe</strong></span> <span class='ocrx_word' id='word_1_216' title='bbox 2403 1522 2629 1585; x_wconf 80' lang='lat' dir='ltr'><strong>praestat</strong></span> <span class='ocrx_word' id='word_1_217' title='bbox 2656 1512 2990 1569; x_wconf 85' lang='lat' dir='ltr'><strong>bominibus.</strong></span> <span class='ocrx_word' id='word_1_218' title='bbox 3023 1509 3132 1581; x_wconf 79' lang='lat' dir='ltr'><strong>Ego</strong></span> <span class='ocrx_word' id='word_1_219' title='bbox 3158 1526 3289 1566; x_wconf 80' lang='lat' dir='ltr'><strong>vero</strong></span> <span class='ocrx_word' id='word_1_220' title='bbox 3313 1510 3381 1565; x_wconf 86' lang='lat' dir='ltr'><strong>ad</strong></span> <span class='ocrx_word' id='word_1_221' title='bbox 3404 1510 3522 1565; x_wconf 76' lang='lat' dir='ltr'><strong>baec</strong></span> <span class='ocrx_word' id='word_1_222' title='bbox 3545 1509 3655 1567; x_wconf 88' lang='lat' dir='ltr'><strong>ista</strong></span> 
     </span>
     <span class='ocr_line' id='line_1_29' title="bbox 2072 1598 3656 1679; baseline -0.004 -16"><span class='ocrx_word' id='word_1_223' title='bbox 2072 1607 2281 1679; x_wconf 84' lang='lat' dir='ltr'><strong>subjeci</strong></span> <span class='ocrx_word' id='word_1_224' title='bbox 2313 1622 2328 1660; x_wconf 78' lang='grc' dir='ltr'><strong>ι</strong></span> <span class='ocrx_word' id='word_1_225' title='bbox 2365 1604 2425 1660; x_wconf 81' lang='lat' dir='ltr'><strong>Si</strong></span> <span class='ocrx_word' id='word_1_226' title='bbox 2458 1604 2529 1658; x_wconf 86' lang='lat' dir='ltr'><strong>ab</strong></span> <span class='ocrx_word' id='word_1_227' title='bbox 2562 1601 2899 1670; x_wconf 87' lang='lat' dir='ltr'><strong>bominibus,</strong></span> <span class='ocrx_word' id='word_1_228' title='bbox 2929 1604 3023 1672; x_wconf 83' lang='lat' dir='ltr'><strong>qui</strong></span> <span class='ocrx_word' id='word_1_229' title='bbox 3067 1601 3228 1672; x_wconf 80' lang='lat' dir='ltr'><strong>longe</strong></span> <span class='ocrx_word' id='word_1_230' title='bbox 3265 1598 3656 1657; x_wconf 75' lang='lat' dir='ltr'><strong>imbecilliores</strong></span> 
     </span>
     <span class='ocr_line' id='line_1_30' title="bbox 2073 1689 3658 1764; baseline -0.005 -11"><span class='ocrx_word' id='word_1_231' title='bbox 2073 1705 2224 1764; x_wconf 89' lang='lat' dir='ltr'><strong>sunt,</strong></span> <span class='ocrx_word' id='word_1_232' title='bbox 2255 1696 2557 1751; x_wconf 76' lang='lat' dir='ltr'><strong>crucifixus</strong></span> <span class='ocrx_word' id='word_1_233' title='bbox 2584 1701 2670 1750; x_wconf 91' lang='lat' dir='ltr'><strong>est</strong></span> <span class='ocrx_word' id='word_1_234' title='bbox 2697 1691 2971 1757; x_wconf 67' lang='lat' dir='ltr'><strong>Christus,</strong></span> <span class='ocrx_word' id='word_1_235' title='bbox 3001 1689 3134 1761; x_wconf 85' lang='lat' dir='ltr'><strong>qnid</strong></span> <span class='ocrx_word' id='word_1_236' title='bbox 3165 1690 3366 1745; x_wconf 90' lang='lat' dir='ltr'><strong>mirum</strong></span> <span class='ocrx_word' id='word_1_237' title='bbox 3390 1698 3476 1746; x_wconf 88' lang='lat' dir='ltr'><strong>est</strong></span> <span class='ocrx_word' id='word_1_238' title='bbox 3502 1705 3658 1746; x_wconf 88' lang='lat' dir='ltr'><strong>eum-</strong></span> 
     </span>
     <span class='ocr_line' id='line_1_31' title="bbox 2073 1781 3656 1844; baseline -0.004 0"><span class='ocrx_word' id='word_1_239' title='bbox 2073 1789 2198 1844; x_wconf 88' lang='lat' dir='ltr'><strong>dem</strong></span> <span class='ocrx_word' id='word_1_240' title='bbox 2226 1802 2256 1843; x_wconf 83' lang='lat' dir='ltr'><strong>a</strong></span> <span class='ocrx_word' id='word_1_241' title='bbox 2287 1786 2510 1842; x_wconf 86' lang='lat' dir='ltr'><strong>diabolo</strong></span> <span class='ocrx_word' id='word_1_242' title='bbox 2541 1800 2666 1842; x_wconf 86' lang='lat' dir='ltr'><strong>esse</strong></span> <span class='ocrx_word' id='word_1_243' title='bbox 2693 1783 3004 1839; x_wconf 74' lang='lat' dir='ltr'><strong>tentatum?</strong></span> <span class='ocrx_word' id='word_1_244' title='bbox 3038 1783 3118 1837; x_wconf 74' lang='lat' dir='ltr'><strong>Ad</strong></span> <span class='ocrx_word' id='word_1_245' title='bbox 3150 1781 3266 1836; x_wconf 84' lang='lat' dir='ltr'><strong>haec</strong></span> <span class='ocrx_word' id='word_1_246' title='bbox 3294 1781 3440 1837; x_wconf 89' lang='lat' dir='ltr'><strong>enim</strong></span> <span class='ocrx_word' id='word_1_247' title='bbox 3468 1782 3656 1837; x_wconf 88' lang='lat' dir='ltr'><strong>omnia</strong></span> 
     </span>
     <span class='ocr_line' id='line_1_32' title="bbox 2076 1872 3655 1943; baseline -0.004 -9"><span class='ocrx_word' id='word_1_248' title='bbox 2076 1894 2203 1935; x_wconf 83' lang='lat' dir='ltr'><strong>vere</strong></span> <span class='ocrx_word' id='word_1_249' title='bbox 2222 1894 2288 1935; x_wconf 86' lang='lat' dir='ltr'><strong>ac</strong></span> <span class='ocrx_word' id='word_1_250' title='bbox 2316 1886 2510 1933; x_wconf 85' lang='lat' dir='ltr'><strong>nostra</strong></span> <span class='ocrx_word' id='word_1_251' title='bbox 2535 1891 2703 1932; x_wconf 85' lang='lat' dir='ltr'><strong>causa</strong></span> <span class='ocrx_word' id='word_1_252' title='bbox 2729 1874 3034 1941; x_wconf 85' lang='lat' dir='ltr'><strong>toleranda,</strong></span> <span class='ocrx_word' id='word_1_253' title='bbox 3064 1872 3311 1943; x_wconf 76' lang='lat' dir='ltr'>adeoque</span> <span class='ocrx_word' id='word_1_254' title='bbox 3342 1873 3492 1927; x_wconf 88' lang='lat' dir='ltr'><strong>illum</strong></span> <span class='ocrx_word' id='word_1_255' title='bbox 3525 1888 3655 1928; x_wconf 89' lang='lat' dir='ltr'><strong>cum</strong></span> 
     </span>
    </p>
   </div>
   <div class='ocr_carea' id='block_1_7' title="bbox 389 1960 3655 2046">
    <p class='ocr_par' dir='ltr' id='par_1_7' title="bbox 389 1960 3655 2046">
     <span class='ocr_line' id='line_1_33' title="bbox 389 1960 3655 2046; baseline 0 -26"><span class='ocrx_word' id='word_1_256' title='bbox 389 1966 646 2038; x_wconf 85' lang='grc' dir='ltr'><strong>σταυροῦ,</strong></span> <span class='ocrx_word' id='word_1_257' title='bbox 679 1970 762 2032; x_wconf 84' lang='grc' dir='ltr'><strong>είς</strong></span> <span class='ocrx_word' id='word_1_258' title='bbox 793 1967 1115 2041; x_wconf 83' lang='grc' dir='ltr'><strong>κατάκρισιν</strong></span> <span class='ocrx_word' id='word_1_259' title='bbox 1135 1972 1436 2044; x_wconf 79' lang='grc' dir='ltr'><strong>ἁμαρτίας,</strong></span> <span class='ocrx_word' id='word_1_260' title='bbox 1466 1973 1559 2027; x_wconf 75' lang='grc' dir='ltr'><strong>καὶ</strong></span> <span class='ocrx_word' id='word_1_261' title='bbox 1586 1974 1839 2046; x_wconf 77' lang='grc' dir='ltr'><strong>ἀθέτησιν</strong></span> <span class='ocrx_word' id='word_1_262' title='bbox 1867 1974 1964 2027; x_wconf 86' lang='grc' dir='ltr'><strong>τοῦ</strong></span> <span class='ocrx_word' id='word_1_263' title='bbox 1999 1960 2041 2018; x_wconf 83' lang='grc' dir='ltr'><strong>Β</strong></span> <span class='ocrx_word' id='word_1_264' title='bbox 2068 1971 2288 2029; x_wconf 82' lang='lat' dir='ltr'><strong>diabolo</strong></span> <span class='ocrx_word' id='word_1_265' title='bbox 2317 1983 2677 2040; x_wconf 81' lang='lat' dir='ltr'><strong>congressum</strong></span> <span class='ocrx_word' id='word_1_266' title='bbox 2725 1980 2836 2021; x_wconf 88' lang='lat' dir='ltr'><strong>non</strong></span> <span class='ocrx_word' id='word_1_267' title='bbox 2885 1978 3115 2020; x_wconf 81' lang='lat' dir='ltr'><strong>coactus</strong></span> <span class='ocrx_word' id='word_1_268' title='bbox 3159 1979 3192 2019; x_wconf 86' lang='lat' dir='ltr'><strong>a</strong></span> <span class='ocrx_word' id='word_1_269' title='bbox 3230 1968 3510 2035; x_wconf 82' lang='lat' dir='ltr'><strong>quopiam,</strong></span> <span class='ocrx_word' id='word_1_270' title='bbox 3557 1965 3655 2021; x_wconf 85' lang='lat' dir='ltr'><strong>sed</strong></span> 
     </span>
    </p>
   </div>
   <div class='ocr_carea' id='block_1_8' title="bbox 389 2058 641 2113">
    <p class='ocr_par' dir='ltr' id='par_1_8' title="bbox 389 2058 641 2113">
     <span class='ocr_line' id='line_1_34' title="bbox 389 2058 641 2113; baseline 0.008 -2"><span class='ocrx_word' id='word_1_271' title='bbox 389 2058 641 2113; x_wconf 80' lang='grc' dir='ltr'><strong>θανάτου.</strong></span> 
     </span>
    </p>
   </div>
   <div class='ocr_carea' id='block_1_9' title="bbox 2071 2054 3654 2128">
    <p class='ocr_par' dir='ltr' id='par_1_9' title="bbox 2071 2054 3654 2128">
     <span class='ocr_line' id='line_1_35' title="bbox 2071 2054 3654 2128; baseline -0.006 -10"><span class='ocrx_word' id='word_1_272' title='bbox 2071 2065 2219 2118; x_wconf 87' lang='lat' dir='ltr'><strong>ultro</strong></span> <span class='ocrx_word' id='word_1_273' title='bbox 2248 2076 2308 2117; x_wconf 87' lang='lat' dir='ltr'><strong>se</strong></span> <span class='ocrx_word' id='word_1_274' title='bbox 2335 2060 2590 2116; x_wconf 82' lang='lat' dir='ltr'><strong>Christus</strong></span> <span class='ocrx_word' id='word_1_275' title='bbox 2622 2057 2867 2128; x_wconf 80' lang='lat' dir='ltr'><strong>objecit:</strong></span> <span class='ocrx_word' id='word_1_276' title='bbox 2932 2056 3077 2126; x_wconf 88' lang='lat' dir='ltr'><strong>quod</strong></span> <span class='ocrx_word' id='word_1_277' title='bbox 3123 2054 3345 2126; x_wconf 88' lang='lat' dir='ltr'><strong>quidem</strong></span> <span class='ocrx_word' id='word_1_278' title='bbox 3391 2070 3501 2109; x_wconf 91' lang='lat' dir='ltr'><strong>non</strong></span> <span class='ocrx_word' id='word_1_279' title='bbox 3542 2054 3654 2110; x_wconf 90' lang='lat' dir='ltr'><strong>ulla</strong></span> 
     </span>
    </p>
   </div>
   <div class='ocr_carea' id='block_1_10' title="bbox 388 2145 3656 2315">
    <p class='ocr_par' dir='ltr' id='par_1_10' title="bbox 388 2145 3656 2315">
     <span class='ocr_line' id='line_1_36' title="bbox 388 2145 3656 2223; baseline 0 -22"><span class='ocrx_word' id='word_1_280' title='bbox 388 2148 506 2219; x_wconf 69' lang='lat' dir='ltr'><strong>ejus</strong></span> <span class='ocrx_word' id='word_1_281' title='bbox 529 2149 901 2205; x_wconf 69' lang='lat' dir='ltr'><strong>imbeciuitate</strong></span> <span class='ocrx_word' id='word_1_282' title='bbox 935 2150 1161 2215; x_wconf 83' lang='lat' dir='ltr'><strong>sactum,</strong></span> <span class='ocrx_word' id='word_1_283' title='bbox 1181 2154 1276 2207; x_wconf 81' lang='lat' dir='ltr'><strong>sed</strong></span> <span class='ocrx_word' id='word_1_284' title='bbox 1301 2153 1581 2207; x_wconf 82' lang='lat' dir='ltr'><strong>voluntate</strong></span> <span class='ocrx_word' id='word_1_285' title='bbox 1604 2163 1959 2223; x_wconf 66' lang='lat' dir='ltr'><strong>susceptumg</strong></span> <span class='ocrx_word' id='word_1_286' title='bbox 1997 2170 2099 2211; x_wconf 89' lang='lat' dir='ltr'><strong>suo</strong></span> <span class='ocrx_word' id='word_1_287' title='bbox 2130 2160 2191 2208; x_wconf 91' lang='lat' dir='ltr'><strong>ut</strong></span> <span class='ocrx_word' id='word_1_288' title='bbox 2216 2166 2317 2207; x_wconf 91' lang='lat' dir='ltr'><strong>nos</strong></span> <span class='ocrx_word' id='word_1_289' title='bbox 2342 2151 2595 2220; x_wconf 82' lang='lat' dir='ltr'><strong>exemplo</strong></span> <span class='ocrx_word' id='word_1_290' title='bbox 2624 2145 3100 2213; x_wconf 84' lang='lat' dir='ltr'><strong>condocel&#39;aceret,</strong></span> <span class='ocrx_word' id='word_1_291' title='bbox 3167 2146 3459 2214; x_wconf 81' lang='lat' dir='ltr'><strong>crucisque</strong></span> <span class='ocrx_word' id='word_1_292' title='bbox 3522 2161 3656 2218; x_wconf 90' lang='lat' dir='ltr'><strong>sup—</strong></span> 
     </span>
     <span class='ocr_line' id='line_1_37' title="bbox 389 2239 2879 2315; baseline 0 -22"><span class='ocrx_word' id='word_1_293' title='bbox 389 2240 550 2309; x_wconf 74' lang='lat' dir='ltr'><strong>plicio</strong></span> <span class='ocrx_word' id='word_1_294' title='bbox 580 2240 813 2297; x_wconf 86' lang='lat' dir='ltr'><strong>salutem</strong></span> <span class='ocrx_word' id='word_1_295' title='bbox 848 2243 1012 2299; x_wconf 87' lang='lat' dir='ltr'><strong>uobis</strong></span> <span class='ocrx_word' id='word_1_296' title='bbox 1043 2243 1282 2308; x_wconf 77' lang='lat' dir='ltr'><strong>afferret,</strong></span> <span class='ocrx_word' id='word_1_297' title='bbox 1318 2246 1604 2300; x_wconf 82' lang='lat' dir='ltr'><strong>damnaret</strong></span> <span class='ocrx_word' id='word_1_298' title='bbox 1655 2256 1967 2315; x_wconf 69' lang='lat' dir='ltr'><strong>peccatum,</strong></span> <span class='ocrx_word' id='word_1_299' title='bbox 2005 2255 2239 2302; x_wconf 86' lang='lat' dir='ltr'><strong>mortem</strong></span> <span class='ocrx_word' id='word_1_300' title='bbox 2275 2241 2514 2312; x_wconf 86' lang='lat' dir='ltr'><strong>denique</strong></span> <span class='ocrx_word' id='word_1_301' title='bbox 2541 2239 2879 2310; x_wconf 80' lang='lat' dir='ltr'><strong>profligaret.</strong></span> 
     </span>
    </p>
   </div>
   <div class='ocr_carea' id='block_1_11' title="bbox 385 2332 1980 3232">
    <p class='ocr_par' dir='ltr' id='par_1_11' title="bbox 397 2332 1971 2504">
     <span class='ocr_line' id='line_1_38' title="bbox 454 2332 1971 2409; baseline 0.007 -24"><span class='ocrx_word' id='word_1_302' title='bbox 454 2332 608 2404; x_wconf 85' lang='grc' dir='ltr'><strong>Σχόλ.</strong></span> <span class='ocrx_word' id='word_1_303' title='bbox 643 2333 742 2399; x_wconf 82' lang='grc' dir='ltr'><strong>ξα’.</strong></span> <span class='ocrx_word' id='word_1_304' title='bbox 762 2338 872 2391; x_wconf 81' lang='grc' dir='ltr'><strong>Καί</strong></span> <span class='ocrx_word' id='word_1_305' title='bbox 902 2333 1033 2390; x_wconf 73' lang='grc' dir='ltr'><strong>εἷπε</strong></span> <span class='ocrx_word' id='word_1_306' title='bbox 1060 2335 1141 2403; x_wconf 86' lang='grc' dir='ltr'><strong>τῷ</strong></span> <span class='ocrx_word' id='word_1_307' title='bbox 1170 2337 1396 2406; x_wconf 83' lang='grc' dir='ltr'><strong>Πέτρῳ,</strong></span> <span class='ocrx_word' id='word_1_308' title='bbox 1430 2338 1676 2405; x_wconf 77' lang='grc' dir='ltr'><strong>καὶτοῖς</strong></span> <span class='ocrx_word' id='word_1_309' title='bbox 1702 2340 1971 2409; x_wconf 71' lang='grc' dir='ltr'><strong>λοιποῖς·</strong></span> 
     </span>
     <span class='ocr_line' id='line_1_39' title="bbox 397 2427 1968 2504; baseline 0.004 -21"><span class='ocrx_word' id='word_1_310' title='bbox 397 2429 777 2495; x_wconf 67' lang='grc' dir='ltr'><strong>Ἀπελθόντες</strong></span> <span class='ocrx_word' id='word_1_311' title='bbox 798 2427 1150 2497; x_wconf 76' lang='grc' dir='ltr'><strong>ἑτοιμάσατε</strong></span> <span class='ocrx_word' id='word_1_312' title='bbox 1179 2428 1283 2481; x_wconf 79' lang='grc' dir='ltr'><strong>ἵνα</strong></span> <span class='ocrx_word' id='word_1_313' title='bbox 1313 2428 1596 2500; x_wconf 68' lang='grc' dir='ltr'><strong>φάγωμεν</strong></span> <span class='ocrx_word' id='word_1_314' title='bbox 1628 2430 1695 2485; x_wconf 83' lang='grc' dir='ltr'><strong>τὸ</strong></span> <span class='ocrx_word' id='word_1_315' title='bbox 1728 2432 1968 2504; x_wconf 81' lang='grc' dir='ltr'><strong>Πάσχα.</strong></span> 
     </span>
    </p>

    <p class='ocr_par' dir='ltr' id='par_1_12' title="bbox 385 2517 1980 3232">
     <span class='ocr_line' id='line_1_40' title="bbox 459 2517 1972 2596; baseline 0.003 -23"><span class='ocrx_word' id='word_1_316' title='bbox 459 2517 680 2591; x_wconf 53' lang='lat' dir='ltr'><strong>&#39;Eum</strong></span> <span class='ocrx_word' id='word_1_317' title='bbox 716 2520 815 2586; x_wconf 82' lang='grc' dir='ltr'><strong>ξα’.</strong></span> <span class='ocrx_word' id='word_1_318' title='bbox 849 2520 1029 2588; x_wconf 81' lang='grc' dir='ltr'><strong>Νὲφος</strong></span> <span class='ocrx_word' id='word_1_319' title='bbox 1060 2517 1228 2588; x_wconf 80' lang='grc' dir='ltr'><strong>βελῶν</strong></span> <span class='ocrx_word' id='word_1_320' title='bbox 1254 2520 1397 2573; x_wconf 71' lang='grc' dir='ltr'><strong>κατὰ</strong></span> <span class='ocrx_word' id='word_1_321' title='bbox 1428 2520 1523 2575; x_wconf 90' lang='grc' dir='ltr'><strong>σοῦ</strong></span> <span class='ocrx_word' id='word_1_322' title='bbox 1543 2524 1603 2576; x_wconf 83' lang='grc' dir='ltr'><strong>ὲν</strong></span> <span class='ocrx_word' id='word_1_323' title='bbox 1634 2525 1734 2595; x_wconf 76' lang='grc' dir='ltr'><strong>μιᾷ</strong></span> <span class='ocrx_word' id='word_1_324' title='bbox 1761 2542 1972 2596; x_wconf 81' lang='grc' dir='ltr'><strong>μαρτυ·</strong></span> 
     </span>
     <span class='ocr_line' id='line_1_41' title="bbox 390 2602 1973 2685; baseline 0.004 -21"><span class='ocrx_word' id='word_1_325' title='bbox 390 2612 481 2684; x_wconf 78' lang='grc' dir='ltr'><strong>ρίᾳ</strong></span> <span class='ocrx_word' id='word_1_326' title='bbox 499 2611 560 2664; x_wconf 75' lang='grc' dir='ltr'><strong>τὸ</strong></span> <span class='ocrx_word' id='word_1_327' title='bbox 575 2611 737 2682; x_wconf 77' lang='grc' dir='ltr'><strong>ῥητὸν</strong></span> <span class='ocrx_word' id='word_1_328' title='bbox 755 2611 1022 2682; x_wconf 81' lang='grc' dir='ltr'><strong>περιέχει,</strong></span> <span class='ocrx_word' id='word_1_329' title='bbox 1044 2602 1090 2662; x_wconf 82' lang='grc' dir='ltr'>ὦ</span> <span class='ocrx_word' id='word_1_330' title='bbox 1114 2609 1401 2679; x_wconf 81' lang='grc' dir='ltr'><strong>Μαρκίων.</strong></span> <span class='ocrx_word' id='word_1_331' title='bbox 1423 2613 1488 2666; x_wconf 83' lang='lat' dir='ltr'><strong>Ei</strong></span> <span class='ocrx_word' id='word_1_332' title='bbox 1504 2614 1615 2685; x_wconf 79' lang='grc' dir='ltr'><strong>γὰρ</strong></span> <span class='ocrx_word' id='word_1_333' title='bbox 1640 2618 1973 2685; x_wconf 83' lang='grc' dir='ltr'><strong>προστάσσει</strong></span> 
     </span>
     <span class='ocr_line' id='line_1_42' title="bbox 388 2701 1974 2779; baseline 0.002 -23"><span class='ocrx_word' id='word_1_334' title='bbox 388 2701 764 2775; x_wconf 64' lang='grc' dir='ltr'><strong>ἕτοιμάζεσθαι</strong></span> <span class='ocrx_word' id='word_1_335' title='bbox 798 2702 947 2772; x_wconf 80' lang='grc' dir='ltr'><strong>αὐτῷ</strong></span> <span class='ocrx_word' id='word_1_336' title='bbox 983 2706 1175 2771; x_wconf 79' lang='grc' dir='ltr'><strong>φαγεῖν</strong></span> <span class='ocrx_word' id='word_1_337' title='bbox 1202 2702 1267 2755; x_wconf 82' lang='grc' dir='ltr'><strong>τὸ</strong></span> <span class='ocrx_word' id='word_1_338' title='bbox 1299 2703 1523 2773; x_wconf 78' lang='grc' dir='ltr'><strong>Πάσχα,</strong></span> <span class='ocrx_word' id='word_1_339' title='bbox 1555 2704 1747 2775; x_wconf 86' lang='grc' dir='ltr'><strong>Πάσχα</strong></span> <span class='ocrx_word' id='word_1_340' title='bbox 1773 2705 1832 2759; x_wconf 85' lang='grc' dir='ltr'><strong>δὲ</strong></span> <span class='ocrx_word' id='word_1_341' title='bbox 1864 2706 1974 2779; x_wconf 82' lang='grc' dir='ltr'><strong>πρὸ</strong></span> 
     </span>
     <span class='ocr_line' id='line_1_43' title="bbox 391 2792 1976 2864; baseline 0.004 -18"><span class='ocrx_word' id='word_1_342' title='bbox 391 2792 477 2846; x_wconf 73' lang='grc' dir='ltr'><strong>τοῦ</strong></span> <span class='ocrx_word' id='word_1_343' title='bbox 509 2793 701 2848; x_wconf 83' lang='grc' dir='ltr'><strong>παθεῖν</strong></span> <span class='ocrx_word' id='word_1_344' title='bbox 736 2795 827 2847; x_wconf 82' lang='grc' dir='ltr'><strong>τὸν</strong></span> <span class='ocrx_word' id='word_1_345' title='bbox 850 2794 1088 2864; x_wconf 75' lang='grc' dir='ltr'><strong>Χριστὸν</strong></span> <span class='ocrx_word' id='word_1_346' title='bbox 1113 2794 1456 2849; x_wconf 74' lang='grc' dir='ltr'><strong>ἀπετελεῖτο·</strong></span> <span class='ocrx_word' id='word_1_347' title='bbox 1495 2796 1715 2860; x_wconf 81' lang='grc' dir='ltr'><strong>πάντως</strong></span> <span class='ocrx_word' id='word_1_348' title='bbox 1752 2798 1834 2851; x_wconf 85' lang='grc' dir='ltr'><strong>ὅτι</strong></span> <span class='ocrx_word' id='word_1_349' title='bbox 1864 2798 1976 2852; x_wconf 79' lang='grc' dir='ltr'><strong>ἀπὸ</strong></span> 
     </span>
     <span class='ocr_line' id='line_1_44' title="bbox 391 2868 1977 2956; baseline 0.001 -19"><span class='ocrx_word' id='word_1_350' title='bbox 391 2883 556 2952; x_wconf 82' lang='grc' dir='ltr'><strong>νόμου</strong></span> <span class='ocrx_word' id='word_1_351' title='bbox 581 2884 681 2953; x_wconf 83' lang='grc' dir='ltr'><strong>τὴν</strong></span> <span class='ocrx_word' id='word_1_352' title='bbox 706 2882 967 2938; x_wconf 78' lang='grc' dir='ltr'><strong>σύστασιν</strong></span> <span class='ocrx_word' id='word_1_353' title='bbox 997 2868 1134 2955; x_wconf 69' lang='grc' dir='ltr'><strong>εἷχε.</strong></span> <span class='ocrx_word' id='word_1_354' title='bbox 1165 2882 1325 2937; x_wconf 81' lang='grc' dir='ltr'><strong>Κατὰ</strong></span> <span class='ocrx_word' id='word_1_355' title='bbox 1352 2884 1516 2953; x_wconf 89' lang='grc' dir='ltr'><strong>νόμον</strong></span> <span class='ocrx_word' id='word_1_356' title='bbox 1535 2883 1594 2937; x_wconf 82' lang='grc' dir='ltr'><strong>δὲ</strong></span> <span class='ocrx_word' id='word_1_357' title='bbox 1617 2884 1712 2937; x_wconf 88' lang='grc' dir='ltr'><strong>τοῦ</strong></span> <span class='ocrx_word' id='word_1_358' title='bbox 1737 2885 1977 2956; x_wconf 84' lang='grc' dir='ltr'><strong>Χριστοῦ</strong></span> 
     </span>
     <span class='ocr_line' id='line_1_45' title="bbox 390 2972 1978 3049; baseline 0 -17"><span class='ocrx_word' id='word_1_359' title='bbox 390 2976 834 3049; x_wconf 82' lang='grc' dir='ltr'><strong>πολιτευομένου,</strong></span> <span class='ocrx_word' id='word_1_360' title='bbox 847 2977 1018 3047; x_wconf 78' lang='grc' dir='ltr'><strong>σαφὲς</strong></span> <span class='ocrx_word' id='word_1_361' title='bbox 1037 2973 1128 3049; x_wconf 84' lang='grc' dir='ltr'><strong>ἦν,</strong></span> <span class='ocrx_word' id='word_1_362' title='bbox 1149 2978 1230 3031; x_wconf 85' lang='grc' dir='ltr'><strong>ὅτι</strong></span> <span class='ocrx_word' id='word_1_363' title='bbox 1247 2977 1311 3030; x_wconf 82' lang='grc' dir='ltr'><strong>οὐ</strong></span> <span class='ocrx_word' id='word_1_364' title='bbox 1328 2977 1492 3047; x_wconf 87' lang='grc' dir='ltr'><strong>νόμον</strong></span> <span class='ocrx_word' id='word_1_365' title='bbox 1502 2972 1636 3047; x_wconf 81' lang='grc' dir='ltr'><strong>ἦλθε</strong></span> <span class='ocrx_word' id='word_1_366' title='bbox 1653 2977 1978 3045; x_wconf 89' lang='grc' dir='ltr'><strong>καταλῦσαι,</strong></span> 
     </span>
     <span class='ocr_line' id='line_1_46' title="bbox 387 3067 1976 3139; baseline -0.001 -16"><span class='ocrx_word' id='word_1_367' title='bbox 387 3067 522 3123; x_wconf 76' lang='grc' dir='ltr'><strong>ἀλλὰ</strong></span> <span class='ocrx_word' id='word_1_368' title='bbox 562 3067 871 3139; x_wconf 77' lang='grc' dir='ltr'><strong>πληρῶσαι.</strong></span> <span class='ocrx_word' id='word_1_369' title='bbox 903 3070 971 3124; x_wconf 78' lang='lat' dir='ltr'><strong>Et</strong></span> <span class='ocrx_word' id='word_1_370' title='bbox 1005 3069 1062 3127; x_wconf 81' lang='grc' dir='ltr'><strong>δὲ</strong></span> <span class='ocrx_word' id='word_1_371' title='bbox 1100 3070 1268 3138; x_wconf 75' lang='grc' dir='ltr'><strong>νόμον</strong></span> <span class='ocrx_word' id='word_1_372' title='bbox 1298 3067 1556 3137; x_wconf 82' lang='grc' dir='ltr'><strong>βασιλεὺς</strong></span> <span class='ocrx_word' id='word_1_373' title='bbox 1589 3068 1652 3121; x_wconf 77' lang='grc' dir='ltr'><strong>οὐ</strong></span> <span class='ocrx_word' id='word_1_374' title='bbox 1692 3069 1976 3134; x_wconf 77' lang='grc' dir='ltr'><strong>καταλύει,</strong></span> 
     </span>
     <span class='ocr_line' id='line_1_47' title="bbox 385 3158 1980 3232; baseline -0.002 -16"><span class='ocrx_word' id='word_1_375' title='bbox 385 3158 447 3219; x_wconf 75' lang='grc' dir='ltr'><strong>οὗ</strong></span> <span class='ocrx_word' id='word_1_376' title='bbox 472 3158 803 3227; x_wconf 79' lang='grc' dir='ltr'><strong>καθοσίωτος</strong></span> <span class='ocrx_word' id='word_1_377' title='bbox 819 3162 837 3194; x_wconf 84' lang='lat'><strong>¹</strong></span> <span class='ocrx_word' id='word_1_378' title='bbox 885 3162 919 3232; x_wconf 82' lang='grc' dir='ltr'>ὴ</span> <span class='ocrx_word' id='word_1_379' title='bbox 942 3161 1000 3213; x_wconf 81' lang='grc' dir='ltr'><strong>ὲν</strong></span> <span class='ocrx_word' id='word_1_380' title='bbox 1026 3159 1106 3230; x_wconf 81' lang='grc' dir='ltr'><strong>τῷ</strong></span> <span class='ocrx_word' id='word_1_381' title='bbox 1135 3159 1285 3230; x_wconf 85' lang='grc' dir='ltr'><strong>νόμῳ</strong></span> <span class='ocrx_word' id='word_1_382' title='bbox 1307 3159 1421 3230; x_wconf 81' lang='lat'>(76)</span> <span class='ocrx_word' id='word_1_383' title='bbox 1464 3159 1729 3226; x_wconf 79' lang='grc' dir='ltr'><strong>διάταξις,</strong></span> <span class='ocrx_word' id='word_1_384' title='bbox 1757 3160 1882 3213; x_wconf 82' lang='grc' dir='ltr'><strong>οῦδὲ</strong></span> <span class='ocrx_word' id='word_1_385' title='bbox 1899 3159 1980 3231; x_wconf 81' lang='grc' dir='ltr'><strong>τῷ</strong></span> 
     </span>
    </p>
   </div>
   <div class='ocr_carea' id='block_1_12' title="bbox 456 3335 1972 3406">
    <p class='ocr_par' dir='ltr' id='par_1_13' title="bbox 456 3335 1972 3406">
     <span class='ocr_line' id='line_1_48' title="bbox 456 3335 1972 3406; baseline -0.003 -13"><span class='ocrx_word' id='word_1_386' title='bbox 456 3338 474 3373; x_wconf 85' lang='lat'><strong>¹</strong></span> <span class='ocrx_word' id='word_1_387' title='bbox 513 3338 637 3396; x_wconf 79' lang='lat' dir='ltr'><strong>For.</strong></span> <span class='ocrx_word' id='word_1_388' title='bbox 671 3336 1066 3401; x_wconf 84' lang='grc' dir='ltr'><strong>εὐκαθοσίωτος</strong></span> <span class='ocrx_word' id='word_1_389' title='bbox 1100 3346 1158 3393; x_wconf 93' lang='grc' dir='ltr'><strong>ιιι</strong></span> <span class='ocrx_word' id='word_1_390' title='bbox 1181 3352 1333 3392; x_wconf 83' lang='lat' dir='ltr'><strong>mox.</strong></span> <span class='ocrx_word' id='word_1_391' title='bbox 1405 3339 1427 3369; x_wconf 87' lang='lat'><strong>¹¹</strong></span> <span class='ocrx_word' id='word_1_392' title='bbox 1456 3335 1646 3391; x_wconf 75' lang='lat' dir='ltr'><strong>Mattli.</strong></span> <span class='ocrx_word' id='word_1_393' title='bbox 1684 3352 1757 3400; x_wconf 80' lang='lat' dir='ltr'><strong>iv,</strong></span> <span class='ocrx_word' id='word_1_394' title='bbox 1797 3335 1972 3406; x_wconf 78' lang='lat' dir='ltr'><strong>lsqq.</strong></span> 
     </span>
    </p>
   </div>
   <div class='ocr_carea' id='block_1_13' title="bbox 2143 2330 3656 2403">
    <p class='ocr_par' dir='ltr' id='par_1_14' title="bbox 2143 2330 3656 2403">
     <span class='ocr_line' id='line_1_49' title="bbox 2143 2330 3656 2403; baseline -0.005 -9"><span class='ocrx_word' id='word_1_395' title='bbox 2143 2337 2331 2394; x_wconf 84' lang='lat' dir='ltr'><strong>Schol.</strong></span> <span class='ocrx_word' id='word_1_396' title='bbox 2372 2336 2462 2391; x_wconf 87' lang='grc'><strong>61.</strong></span> <span class='ocrx_word' id='word_1_397' title='bbox 2501 2334 2571 2388; x_wconf 86' lang='grc' dir='ltr'><strong>Ει</strong></span> <span class='ocrx_word' id='word_1_398' title='bbox 2611 2334 2752 2387; x_wconf 78' lang='lat' dir='ltr'><strong>dixit</strong></span> <span class='ocrx_word' id='word_1_399' title='bbox 2799 2332 2982 2397; x_wconf 75' lang='lat' dir='ltr'><strong>Petro,</strong></span> <span class='ocrx_word' id='word_1_400' title='bbox 3036 2340 3087 2385; x_wconf 85' lang='lat' dir='ltr'><strong>et</strong></span> <span class='ocrx_word' id='word_1_401' title='bbox 3140 2330 3356 2403; x_wconf 72' lang='lat' dir='ltr'><strong>reliquia</strong></span> <span class='ocrx_word' id='word_1_402' title='bbox 3385 2346 3405 2385; x_wconf 91' lang='lat'><strong>.·</strong></span> <span class='ocrx_word' id='word_1_403' title='bbox 3434 2330 3656 2398; x_wconf 71' lang='lat' dir='ltr'><strong>Euntea.</strong></span> 
     </span>
    </p>
   </div>
   <div class='ocr_carea' id='block_1_14' title="bbox 2069 2422 3168 2503">
    <p class='ocr_par' dir='ltr' id='par_1_15' title="bbox 2069 2422 3168 2503">
     <span class='ocr_line' id='line_1_50' title="bbox 2069 2422 3168 2503; baseline -0.004 -22"><span class='ocrx_word' id='word_1_404' title='bbox 2069 2438 2367 2503; x_wconf 79' lang='lat' dir='ltr'><strong>proeparate</strong></span> <span class='ocrx_word' id='word_1_405' title='bbox 2399 2437 2456 2480; x_wconf 85' lang='grc' dir='ltr'><strong>ιιι</strong></span> <span class='ocrx_word' id='word_1_406' title='bbox 2482 2424 2860 2479; x_wconf 69' lang='lat' dir='ltr'><strong>manducemus</strong></span> <span class='ocrx_word' id='word_1_407' title='bbox 2893 2422 3103 2477; x_wconf 74' lang='lat' dir='ltr'><strong>Pascha</strong></span> <span class='ocrx_word' id='word_1_408' title='bbox 3125 2423 3168 2477; x_wconf 83' lang='lat'><strong>⁸.</strong></span> 
     </span>
    </p>
   </div>
   <div class='ocr_carea' id='block_1_15' title="bbox 2072 2512 3662 3232">
    <p class='ocr_par' dir='ltr' id='par_1_16' title="bbox 2072 2512 3662 3232">
     <span class='ocr_line' id='line_1_51' title="bbox 2140 2512 3657 2588; baseline -0.004 -13"><span class='ocrx_word' id='word_1_409' title='bbox 2140 2521 2327 2577; x_wconf 79' lang='lat' dir='ltr'><strong>Resut.</strong></span> <span class='ocrx_word' id='word_1_410' title='bbox 2363 2518 2452 2574; x_wconf 82' lang='lat'><strong>6¹.</strong></span> <span class='ocrx_word' id='word_1_411' title='bbox 2512 2516 2794 2588; x_wconf 78' lang='lat' dir='ltr'><strong>lugentem</strong></span> <span class='ocrx_word' id='word_1_412' title='bbox 2843 2520 3040 2569; x_wconf 80' lang='lat' dir='ltr'><strong>contra</strong></span> <span class='ocrx_word' id='word_1_413' title='bbox 3093 2522 3147 2569; x_wconf 90' lang='lat' dir='ltr'><strong>te</strong></span> <span class='ocrx_word' id='word_1_414' title='bbox 3186 2512 3421 2569; x_wconf 87' lang='lat' dir='ltr'><strong>telorum</strong></span> <span class='ocrx_word' id='word_1_415' title='bbox 3456 2513 3657 2569; x_wconf 86' lang='lat' dir='ltr'><strong>nubem</strong></span> 
     </span>
     <span class='ocr_line' id='line_1_52' title="bbox 2074 2603 3658 2680; baseline -0.006 -12"><span class='ocrx_word' id='word_1_416' title='bbox 2074 2614 2237 2668; x_wconf 88' lang='lat' dir='ltr'><strong>unius</strong></span> <span class='ocrx_word' id='word_1_417' title='bbox 2270 2610 2503 2680; x_wconf 81' lang='lat' dir='ltr'><strong>hujusce</strong></span> <span class='ocrx_word' id='word_1_418' title='bbox 2536 2606 2837 2663; x_wconf 84' lang='lat' dir='ltr'><strong>testimonii</strong></span> <span class='ocrx_word' id='word_1_419' title='bbox 2873 2604 3178 2660; x_wconf 72' lang='lat' dir='ltr'><strong>auctoritas</strong></span> <span class='ocrx_word' id='word_1_420' title='bbox 3207 2605 3477 2666; x_wconf 85' lang='lat' dir='ltr'><strong>continet,</strong></span> <span class='ocrx_word' id='word_1_421' title='bbox 3515 2603 3658 2658; x_wconf 75' lang='lat' dir='ltr'><strong>Mar·</strong></span> 
     </span>
     <span class='ocr_line' id='line_1_53' title="bbox 2073 2689 3659 2770; baseline -0.005 -10"><span class='ocrx_word' id='word_1_422' title='bbox 2073 2705 2181 2761; x_wconf 89' lang='lat' dir='ltr'><strong>cio.</strong></span> <span class='ocrx_word' id='word_1_423' title='bbox 2211 2702 2348 2759; x_wconf 89' lang='lat' dir='ltr'><strong>Cum</strong></span> <span class='ocrx_word' id='word_1_424' title='bbox 2384 2701 2530 2757; x_wconf 88' lang='lat' dir='ltr'><strong>enim</strong></span> <span class='ocrx_word' id='word_1_425' title='bbox 2560 2698 2860 2770; x_wconf 68' lang='lat' dir='ltr'><strong>praeparari</strong></span> <span class='ocrx_word' id='word_1_426' title='bbox 2886 2696 2992 2753; x_wconf 85' lang='lat' dir='ltr'><strong>sibi</strong></span> <span class='ocrx_word' id='word_1_427' title='bbox 3019 2694 3232 2751; x_wconf 83' lang='lat' dir='ltr'><strong>Pascha</strong></span> <span class='ocrx_word' id='word_1_428' title='bbox 3253 2689 3659 2767; x_wconf 78' lang='lat' dir='ltr'><strong>jubeat,&#39;idque</strong></span> 
     </span>
     <span class='ocr_line' id='line_1_54' title="bbox 2072 2788 3660 2863; baseline -0.003 -16"><span class='ocrx_word' id='word_1_429' title='bbox 2072 2804 2362 2863; x_wconf 81' lang='lat' dir='ltr'><strong>antequam</strong></span> <span class='ocrx_word' id='word_1_430' title='bbox 2401 2790 2656 2847; x_wconf 80' lang='lat' dir='ltr'><strong>Christus</strong></span> <span class='ocrx_word' id='word_1_431' title='bbox 2696 2797 2977 2860; x_wconf 87' lang='lat' dir='ltr'><strong>pateretur</strong></span> <span class='ocrx_word' id='word_1_432' title='bbox 3023 2795 3108 2843; x_wconf 89' lang='lat' dir='ltr'><strong>est</strong></span> <span class='ocrx_word' id='word_1_433' title='bbox 3140 2788 3498 2851; x_wconf 81' lang='lat' dir='ltr'><strong>celebratum,</strong></span> <span class='ocrx_word' id='word_1_434' title='bbox 3535 2803 3660 2859; x_wconf 89' lang='lat' dir='ltr'><strong>pro-</strong></span> 
     </span>
     <span class='ocr_line' id='line_1_55' title="bbox 2073 2878 3660 2955; baseline -0.004 -15"><span class='ocrx_word' id='word_1_435' title='bbox 2073 2885 2218 2941; x_wconf 79' lang='lat' dir='ltr'><strong>t&#39;ecto</strong></span> <span class='ocrx_word' id='word_1_436' title='bbox 2249 2886 2367 2955; x_wconf 81' lang='lat' dir='ltr'><strong>lege</strong></span> <span class='ocrx_word' id='word_1_437' title='bbox 2413 2884 2562 2940; x_wconf 87' lang='lat' dir='ltr'><strong>istud</strong></span> <span class='ocrx_word' id='word_1_438' title='bbox 2597 2882 2777 2952; x_wconf 89' lang='lat' dir='ltr'><strong>ipsum</strong></span> <span class='ocrx_word' id='word_1_439' title='bbox 2817 2878 3211 2951; x_wconf 79' lang='lat' dir='ltr'><strong>praescriptum</strong></span> <span class='ocrx_word' id='word_1_440' title='bbox 3237 2880 3434 2936; x_wconf 80' lang='lat' dir='ltr'><strong>suerat.</strong></span> <span class='ocrx_word' id='word_1_441' title='bbox 3476 2880 3660 2948; x_wconf 79' lang='lat' dir='ltr'><strong>Quare</strong></span> 
     </span>
     <span class='ocr_line' id='line_1_56' title="bbox 2075 2971 3659 3047; baseline -0.002 -15"><span class='ocrx_word' id='word_1_442' title='bbox 2075 2992 2204 3032; x_wconf 91' lang='lat' dir='ltr'><strong>cum</strong></span> <span class='ocrx_word' id='word_1_443' title='bbox 2241 2992 2309 3030; x_wconf 84' lang='lat' dir='ltr'><strong>ex</strong></span> <span class='ocrx_word' id='word_1_444' title='bbox 2351 2976 2486 3047; x_wconf 81' lang='lat' dir='ltr'><strong>legis</strong></span> <span class='ocrx_word' id='word_1_445' title='bbox 2517 2973 2778 3030; x_wconf 85' lang='lat' dir='ltr'><strong>mandato</strong></span> <span class='ocrx_word' id='word_1_446' title='bbox 2807 2971 3070 3027; x_wconf 84' lang='lat' dir='ltr'><strong>Christus</strong></span> <span class='ocrx_word' id='word_1_447' title='bbox 3095 2971 3220 3026; x_wconf 74' lang='lat' dir='ltr'><strong>vitae</strong></span> <span class='ocrx_word' id='word_1_448' title='bbox 3248 2986 3363 3028; x_wconf 82' lang='lat' dir='ltr'><strong>suae</strong></span> <span class='ocrx_word' id='word_1_449' title='bbox 3392 2975 3659 3029; x_wconf 83' lang='lat' dir='ltr'><strong>rationem</strong></span> 
     </span>
     <span class='ocr_line' id='line_1_57' title="bbox 2075 3062 3661 3153; baseline -0.002 -30"><span class='ocrx_word' id='word_1_450' title='bbox 2075 3077 2447 3140; x_wconf 75' lang='lat' dir='ltr'><strong>componeret,</strong></span> <span class='ocrx_word' id='word_1_451' title='bbox 2497 3066 2850 3153; x_wconf 48' lang='lat' dir='ltr'><strong>manifestim</strong></span> <span class='ocrx_word' id='word_1_452' title='bbox 2901 3069 2986 3118; x_wconf 88' lang='lat' dir='ltr'><strong>est</strong></span> <span class='ocrx_word' id='word_1_453' title='bbox 3034 3075 3146 3117; x_wconf 88' lang='lat' dir='ltr'><strong>non</strong></span> <span class='ocrx_word' id='word_1_454' title='bbox 3187 3062 3341 3117; x_wconf 88' lang='lat' dir='ltr'><strong>illum</strong></span> <span class='ocrx_word' id='word_1_455' title='bbox 3380 3065 3661 3120; x_wconf 65' lang='lat' dir='ltr'><strong>solvendae</strong></span> 
     </span>
     <span class='ocr_line' id='line_1_58' title="bbox 2076 3151 3662 3232; baseline -0.001 -17"><span class='ocrx_word' id='word_1_456' title='bbox 2076 3162 2236 3231; x_wconf 76' lang='lat' dir='ltr'><strong>legis,</strong></span> <span class='ocrx_word' id='word_1_457' title='bbox 2268 3164 2363 3215; x_wconf 80' lang='lat' dir='ltr'><strong>sed</strong></span> <span class='ocrx_word' id='word_1_458' title='bbox 2398 3161 2686 3232; x_wconf 67' lang='lat' dir='ltr'><strong>impu-ndae</strong></span> <span class='ocrx_word' id='word_1_459' title='bbox 2713 3159 2887 3228; x_wconf 80' lang='lat' dir='ltr'><strong>gratia</strong></span> <span class='ocrx_word' id='word_1_460' title='bbox 2920 3155 3159 3210; x_wconf 84' lang='lat' dir='ltr'><strong>venisse.</strong></span> <span class='ocrx_word' id='word_1_461' title='bbox 3186 3151 3309 3209; x_wconf 69' lang='lat' dir='ltr'><strong>«lam</strong></span> <span class='ocrx_word' id='word_1_462' title='bbox 3341 3158 3559 3227; x_wconf 86' lang='lat' dir='ltr'><strong>quoties</strong></span> <span class='ocrx_word' id='word_1_463' title='bbox 3582 3158 3662 3214; x_wconf 90' lang='lat' dir='ltr'><strong>le-</strong></span> 
     </span>
    </p>
   </div>
   <div class='ocr_carea' id='block_1_16' title="bbox 2048 3334 2623 3406">
    <p class='ocr_par' dir='ltr' id='par_1_17' title="bbox 2048 3334 2623 3406">
     <span class='ocr_line' id='line_1_59' title="bbox 2048 3334 2623 3406; baseline -0.002 -16"><span class='ocrx_word' id='word_1_464' title='bbox 2048 3335 2071 3368; x_wconf 84' lang='lat'>⁸</span> <span class='ocrx_word' id='word_1_465' title='bbox 2097 3334 2231 3392; x_wconf 85' lang='lat' dir='ltr'><strong>Luc.</strong></span> <span class='ocrx_word' id='word_1_466' title='bbox 2271 3351 2410 3403; x_wconf 78' lang='lat' dir='ltr'><strong>xxu,</strong></span> <span class='ocrx_word' id='word_1_467' title='bbox 2437 3335 2472 3391; x_wconf 84' lang='lat'><strong>8</strong></span> <span class='ocrx_word' id='word_1_468' title='bbox 2500 3351 2623 3406; x_wconf 83' lang='lat' dir='ltr'><strong>sqq.</strong></span> 
     </span>
    </p>
   </div>
   <div class='ocr_carea' id='block_1_17' title="bbox 388 3484 3662 3638">
    <p class='ocr_par' dir='ltr' id='par_1_18' title="bbox 388 3484 3662 3638">
     <span class='ocr_line' id='line_1_60' title="bbox 388 3484 3662 3638; baseline 0.001 -89"><span class='ocrx_word' id='word_1_469' title='bbox 388 3493 573 3638; x_wconf 58' lang='grc' dir='ltr'><strong>Ε,ςῖιῆ</strong></span> <span class='ocrx_word' id='word_1_470' title='bbox 604 3498 691 3552; x_wconf 75' lang='grc' dir='ltr'><strong>Οὐ</strong></span> <span class='ocrx_word' id='word_1_471' title='bbox 716 3496 1084 3562; x_wconf 75' lang='grc' dir='ltr'><strong>καθοσίωτος</strong></span> <span class='ocrx_word' id='word_1_472' title='bbox 1129 3496 1169 3564; x_wconf 78' lang='grc' dir='ltr'><strong><em>ἠ</em></strong></span> <span class='ocrx_word' id='word_1_473' title='bbox 1199 3495 1273 3549; x_wconf 84' lang='grc' dir='ltr'><strong>ὲν</strong></span> <span class='ocrx_word' id='word_1_474' title='bbox 1320 3493 1399 3561; x_wconf 85' lang='grc' dir='ltr'><strong>τῷ</strong></span> <span class='ocrx_word' id='word_1_475' title='bbox 1425 3496 1607 3564; x_wconf 84' lang='grc' dir='ltr'><strong>νόμῳ.</strong></span> <span class='ocrx_word' id='word_1_476' title='bbox 1661 3495 1970 3566; x_wconf 63' lang='lat' dir='ltr'><strong>Antequam</strong></span> <span class='ocrx_word' id='word_1_477' title='bbox 1995 3497 2041 3555; x_wconf 84' lang='lat' dir='ltr'>C</span> <span class='ocrx_word' id='word_1_478' title='bbox 2074 3502 2128 3549; x_wconf 91' lang='lat' dir='ltr'><strong>et</strong></span> <span class='ocrx_word' id='word_1_479' title='bbox 2156 3494 2283 3548; x_wconf 89' lang='lat' dir='ltr'><strong>alibi</strong></span> <span class='ocrx_word' id='word_1_480' title='bbox 2315 3509 2477 3563; x_wconf 85' lang='lat' dir='ltr'><strong>saepe.</strong></span> <span class='ocrx_word' id='word_1_481' title='bbox 2501 3494 2645 3562; x_wconf 90' lang='lat' dir='ltr'><strong>Quin</strong></span> <span class='ocrx_word' id='word_1_482' title='bbox 2672 3495 2839 3551; x_wconf 87' lang='lat' dir='ltr'><strong>etiam</strong></span> <span class='ocrx_word' id='word_1_483' title='bbox 2864 3484 2919 3549; x_wconf 86' lang='lat' dir='ltr'><strong>in</strong></span> <span class='ocrx_word' id='word_1_484' title='bbox 2937 3493 3129 3550; x_wconf 87' lang='lat' dir='ltr'><strong>eodem</strong></span> <span class='ocrx_word' id='word_1_485' title='bbox 3148 3491 3662 3555; x_wconf 77' lang='lat' dir='ltr'><strong>concilioClialced.</strong></span> 
     </span>
    </p>
   </div>
   <div class='ocr_carea' id='block_1_18' title="bbox 384 3565 1978 4828">
    <p class='ocr_par' dir='ltr' id='par_1_19' title="bbox 384 3565 1978 4828">
     <span class='ocr_line' id='line_1_61' title="bbox 487 3565 1970 3637; baseline -0.004 -16"><span class='ocrx_word' id='word_1_486' title='bbox 487 3566 671 3637; x_wconf 81' lang='lat' dir='ltr'><strong>phanii</strong></span> <span class='ocrx_word' id='word_1_487' title='bbox 701 3568 882 3622; x_wconf 85' lang='lat' dir='ltr'><strong>locum</strong></span> <span class='ocrx_word' id='word_1_488' title='bbox 911 3566 1057 3623; x_wconf 79' lang='lat' dir='ltr'><strong>hunc</strong></span> <span class='ocrx_word' id='word_1_489' title='bbox 1082 3572 1366 3636; x_wconf 80' lang='lat' dir='ltr'><strong>attingam,</strong></span> <span class='ocrx_word' id='word_1_490' title='bbox 1399 3579 1573 3634; x_wconf 76' lang='lat' dir='ltr'><strong>pauca</strong></span> <span class='ocrx_word' id='word_1_491' title='bbox 1604 3565 1670 3618; x_wconf 87' lang='lat' dir='ltr'><strong>de</strong></span> <span class='ocrx_word' id='word_1_492' title='bbox 1700 3568 1749 3618; x_wconf 83' lang='lat' dir='ltr'><strong>vi</strong></span> <span class='ocrx_word' id='word_1_493' title='bbox 1784 3579 1848 3618; x_wconf 88' lang='lat' dir='ltr'><strong>ac</strong></span> <span class='ocrx_word' id='word_1_494' title='bbox 1873 3579 1970 3633; x_wconf 88' lang='lat' dir='ltr'><strong>po-</strong></span> 
     </span>
     <span class='ocr_line' id='line_1_62' title="bbox 386 3633 1975 3708; baseline -0.002 -19"><span class='ocrx_word' id='word_1_495' title='bbox 386 3643 580 3694; x_wconf 70' lang='lat' dir='ltr'><strong>testate</strong></span> <span class='ocrx_word' id='word_1_496' title='bbox 602 3638 849 3693; x_wconf 78' lang='lat' dir='ltr'><strong>vocabuli</strong></span> <span class='ocrx_word' id='word_1_497' title='bbox 874 3636 975 3708; x_wconf 79' lang='grc' dir='ltr'><strong>τῆς</strong></span> <span class='ocrx_word' id='word_1_498' title='bbox 1001 3635 1386 3697; x_wconf 80' lang='grc' dir='ltr'><strong>καθοσιώσεως</strong></span> <span class='ocrx_word' id='word_1_499' title='bbox 1420 3634 1651 3689; x_wconf 87' lang='lat' dir='ltr'><strong>dicenda</strong></span> <span class='ocrx_word' id='word_1_500' title='bbox 1687 3642 1837 3687; x_wconf 91' lang='lat' dir='ltr'><strong>sunt.</strong></span> <span class='ocrx_word' id='word_1_501' title='bbox 1872 3633 1975 3687; x_wconf 78' lang='lat' dir='ltr'><strong>Est</strong></span> 
     </span>
     <span class='ocr_line' id='line_1_63' title="bbox 384 3703 1978 3777; baseline -0.001 -19"><span class='ocrx_word' id='word_1_502' title='bbox 384 3706 547 3777; x_wconf 77' lang='lat' dir='ltr'><strong>igitur</strong></span> <span class='ocrx_word' id='word_1_503' title='bbox 582 3707 916 3761; x_wconf 84' lang='grc' dir='ltr'><strong>καθοσιῶσαι</strong></span> <span class='ocrx_word' id='word_1_504' title='bbox 953 3706 1097 3760; x_wconf 90' lang='lat' dir='ltr'><strong>idem</strong></span> <span class='ocrx_word' id='word_1_505' title='bbox 1130 3721 1564 3773; x_wconf 66' lang='lat' dir='ltr'><strong>accenset-rare,</strong></span> <span class='ocrx_word' id='word_1_506' title='bbox 1598 3703 1801 3758; x_wconf 83' lang='lat' dir='ltr'><strong>dicare.</strong></span> <span class='ocrx_word' id='word_1_507' title='bbox 1836 3704 1978 3757; x_wconf 78' lang='lat' dir='ltr'><strong>Hinc</strong></span> 
     </span>
     <span class='ocr_line' id='line_1_64' title="bbox 388 3774 1976 3840; baseline -0.003 -10"><span class='ocrx_word' id='word_1_508' title='bbox 388 3776 743 3838; x_wconf 63' lang='grc' dir='ltr'><strong>καθοσίωσις,</strong></span> <span class='ocrx_word' id='word_1_509' title='bbox 775 3777 1000 3835; x_wconf 81' lang='lat' dir='ltr'><strong>devotio,</strong></span> <span class='ocrx_word' id='word_1_510' title='bbox 1024 3774 1533 3840; x_wconf 83' lang='grc' dir='ltr'><strong>εικαθωσιωμένος,</strong></span> <span class='ocrx_word' id='word_1_511' title='bbox 1569 3774 1807 3827; x_wconf 73' lang='lat' dir='ltr'><strong>devotus.</strong></span> <span class='ocrx_word' id='word_1_512' title='bbox 1850 3790 1976 3826; x_wconf 81' lang='lat' dir='ltr'><strong>con·</strong></span> 
     </span>
     <span class='ocr_line' id='line_1_65' title="bbox 389 3843 1976 3912; baseline -0.003 -12"><span class='ocrx_word' id='word_1_513' title='bbox 389 3862 685 3900; x_wconf 66' lang='lat' dir='ltr'><strong>scaranem.</strong></span> <span class='ocrx_word' id='word_1_514' title='bbox 721 3843 902 3908; x_wconf 83' lang='lat' dir='ltr'><strong>Quare</strong></span> <span class='ocrx_word' id='word_1_515' title='bbox 938 3844 1030 3910; x_wconf 80' lang='lat' dir='ltr'><strong>qui</strong></span> <span class='ocrx_word' id='word_1_516' title='bbox 1061 3857 1121 3895; x_wconf 83' lang='lat' dir='ltr'><strong>se</strong></span> <span class='ocrx_word' id='word_1_517' title='bbox 1151 3843 1385 3912; x_wconf 82' lang='lat' dir='ltr'><strong>principi</strong></span> <span class='ocrx_word' id='word_1_518' title='bbox 1430 3845 1717 3905; x_wconf 80' lang='lat' dir='ltr'><strong>devovent,</strong></span> <span class='ocrx_word' id='word_1_519' title='bbox 1751 3859 1815 3897; x_wconf 85' lang='lat' dir='ltr'><strong>ac</strong></span> <span class='ocrx_word' id='word_1_520' title='bbox 1849 3844 1976 3897; x_wconf 84' lang='lat' dir='ltr'><strong>reli-</strong></span> 
     </span>
     <span class='ocr_line' id='line_1_66' title="bbox 390 3911 1972 3983; baseline -0.001 -17"><span class='ocrx_word' id='word_1_521' title='bbox 390 3917 553 3983; x_wconf 80' lang='lat' dir='ltr'><strong>gione</strong></span> <span class='ocrx_word' id='word_1_522' title='bbox 593 3915 771 3981; x_wconf 79' lang='lat' dir='ltr'><strong>aliqua</strong></span> <span class='ocrx_word' id='word_1_523' title='bbox 803 3920 1152 3974; x_wconf 64' lang='lat' dir='ltr'><strong>consecrant,</strong></span> <span class='ocrx_word' id='word_1_524' title='bbox 1175 3911 1589 3983; x_wconf 82' lang='grc' dir='ltr'><strong>καθωσιωμένοι</strong></span> <span class='ocrx_word' id='word_1_525' title='bbox 1628 3913 1972 3976; x_wconf 78' lang='lat' dir='ltr'><strong>dicebantur,</strong></span> 
     </span>
     <span class='ocr_line' id='line_1_67' title="bbox 390 3980 1976 4051; baseline -0.001 -12"><span class='ocrx_word' id='word_1_526' title='bbox 390 3994 452 4039; x_wconf 87' lang='grc' dir='ltr'><strong>ιιι</strong></span> <span class='ocrx_word' id='word_1_527' title='bbox 481 3983 701 4037; x_wconf 77' lang='lat' dir='ltr'><strong>milites.</strong></span> <span class='ocrx_word' id='word_1_528' title='bbox 734 3980 1074 4051; x_wconf 87' lang='lat' dir='ltr'><strong>Capitolinus</strong></span> <span class='ocrx_word' id='word_1_529' title='bbox 1113 3983 1167 4035; x_wconf 91' lang='lat' dir='ltr'><strong>in</strong></span> <span class='ocrx_word' id='word_1_530' title='bbox 1211 3980 1504 4036; x_wconf 74' lang='lat' dir='ltr'><strong>Maximino</strong></span> <span class='ocrx_word' id='word_1_531' title='bbox 1533 3998 1551 4035; x_wconf 88' lang='lat'><em>:</em></span> <span class='ocrx_word' id='word_1_532' title='bbox 1581 3981 1976 4038; x_wconf 75' lang='lat' dir='ltr'><strong>commilitones</strong></span> 
     </span>
     <span class='ocr_line' id='line_1_68' title="bbox 391 4052 1974 4122; baseline 0.001 -17"><span class='ocrx_word' id='word_1_533' title='bbox 391 4054 630 4114; x_wconf 70' lang='lat' dir='ltr'><strong>sacrun,-</strong></span> <span class='ocrx_word' id='word_1_534' title='bbox 659 4054 764 4104; x_wconf 85' lang='lat' dir='ltr'><strong>imo</strong></span> <span class='ocrx_word' id='word_1_535' title='bbox 797 4066 916 4106; x_wconf 70' lang='lat' dir='ltr'><strong>uero</strong></span> <span class='ocrx_word' id='word_1_536' title='bbox 960 4053 1317 4110; x_wconf 73' lang='lat' dir='ltr'><strong>consecranei.</strong></span> <span class='ocrx_word' id='word_1_537' title='bbox 1352 4052 1635 4122; x_wconf 80' lang='lat' dir='ltr'><strong>Ejusmodi</strong></span> <span class='ocrx_word' id='word_1_538' title='bbox 1666 4054 1817 4109; x_wconf 82' lang='lat' dir='ltr'><strong>sucre</strong></span> <span class='ocrx_word' id='word_1_539' title='bbox 1845 4053 1974 4106; x_wconf 90' lang='lat' dir='ltr'><strong>Gal-</strong></span> 
     </span>
     <span class='ocr_line' id='line_1_69' title="bbox 395 4120 1976 4193; baseline 0.002 -19"><span class='ocrx_word' id='word_1_540' title='bbox 395 4122 569 4175; x_wconf 87' lang='lat' dir='ltr'><strong>lorum</strong></span> <span class='ocrx_word' id='word_1_541' title='bbox 608 4130 851 4176; x_wconf 81' lang='lat' dir='ltr'><strong>veterum</strong></span> <span class='ocrx_word' id='word_1_542' title='bbox 893 4120 1084 4185; x_wconf 78' lang='lat' dir='ltr'><strong>devoti,</strong></span> <span class='ocrx_word' id='word_1_543' title='bbox 1115 4138 1246 4191; x_wconf 78' lang='lat' dir='ltr'><strong>quos</strong></span> <span class='ocrx_word' id='word_1_544' title='bbox 1296 4122 1377 4176; x_wconf 76' lang='lat' dir='ltr'><strong>im</strong></span> <span class='ocrx_word' id='word_1_545' title='bbox 1419 4123 1686 4177; x_wconf 72' lang='lat' dir='ltr'><strong>soldurios</strong></span> <span class='ocrx_word' id='word_1_546' title='bbox 1734 4123 1976 4193; x_wconf 80' lang='lat' dir='ltr'><strong>appella-</strong></span> 
     </span>
     <span class='ocr_line' id='line_1_70' title="bbox 394 4188 1978 4257; baseline 0.002 -13"><span class='ocrx_word' id='word_1_547' title='bbox 394 4192 539 4253; x_wconf 74' lang='lat' dir='ltr'><strong>bant,</strong></span> <span class='ocrx_word' id='word_1_548' title='bbox 563 4192 639 4244; x_wconf 81' lang='lat' dir='ltr'><strong>ait</strong></span> <span class='ocrx_word' id='word_1_549' title='bbox 670 4191 854 4245; x_wconf 78' lang='lat' dir='ltr'><strong>Caesar</strong></span> <span class='ocrx_word' id='word_1_550' title='bbox 892 4190 984 4246; x_wconf 85' lang='lat' dir='ltr'><strong>lib.</strong></span> <span class='ocrx_word' id='word_1_551' title='bbox 1020 4206 1033 4244; x_wconf 91' lang='grc' dir='ltr'><strong>ι</strong></span> <span class='ocrx_word' id='word_1_552' title='bbox 1077 4188 1393 4257; x_wconf 61' lang='lat' dir='ltr'><strong>Commeat„</strong></span> <span class='ocrx_word' id='word_1_553' title='bbox 1435 4193 1536 4247; x_wconf 85' lang='lat' dir='ltr'><strong>boc</strong></span> <span class='ocrx_word' id='word_1_554' title='bbox 1579 4203 1662 4248; x_wconf 88' lang='grc' dir='ltr'><strong>εει</strong></span> <span class='ocrx_word' id='word_1_555' title='bbox 1696 4195 1978 4248; x_wconf 83' lang='grc' dir='ltr'><strong>καθωσιω-</strong></span> 
     </span>
     <span class='ocr_line' id='line_1_71' title="bbox 393 4261 1977 4333; baseline 0.004 -20"><span class='ocrx_word' id='word_1_556' title='bbox 393 4262 548 4331; x_wconf 87' lang='grc' dir='ltr'><strong>μένοι</strong></span> <span class='ocrx_word' id='word_1_557' title='bbox 564 4276 578 4290; x_wconf 85' lang='grc'><em>·</em></span> <span class='ocrx_word' id='word_1_558' title='bbox 602 4261 746 4330; x_wconf 84' lang='lat' dir='ltr'><strong>quod</strong></span> <span class='ocrx_word' id='word_1_559' title='bbox 778 4270 955 4328; x_wconf 78' lang='lat' dir='ltr'><strong>aptius</strong></span> <span class='ocrx_word' id='word_1_560' title='bbox 977 4262 1109 4315; x_wconf 77' lang='lat' dir='ltr'><strong>milii</strong></span> <span class='ocrx_word' id='word_1_561' title='bbox 1128 4263 1368 4322; x_wconf 78' lang='lat' dir='ltr'><strong>videtur,</strong></span> <span class='ocrx_word' id='word_1_562' title='bbox 1390 4279 1554 4333; x_wconf 88' lang='lat' dir='ltr'><strong>quam</strong></span> <span class='ocrx_word' id='word_1_563' title='bbox 1577 4268 1722 4333; x_wconf 78' lang='lat' dir='ltr'><strong>quod</strong></span> <span class='ocrx_word' id='word_1_564' title='bbox 1752 4263 1977 4320; x_wconf 80' lang='lat' dir='ltr'><strong>Gra-cus</strong></span> 
     </span>
     <span class='ocr_line' id='line_1_72' title="bbox 391 4331 1971 4402; baseline 0 -15"><span class='ocrx_word' id='word_1_565' title='bbox 391 4333 662 4401; x_wconf 84' lang='lat' dir='ltr'><strong>interpres</strong></span> <span class='ocrx_word' id='word_1_566' title='bbox 682 4331 935 4393; x_wconf 83' lang='lat' dir='ltr'><strong>reddidit,</strong></span> <span class='ocrx_word' id='word_1_567' title='bbox 962 4332 1271 4402; x_wconf 75' lang='grc' dir='ltr'><strong>συνωμόται</strong></span> <span class='ocrx_word' id='word_1_568' title='bbox 1296 4349 1310 4363; x_wconf 88' lang='grc'><em>·</em></span> <span class='ocrx_word' id='word_1_569' title='bbox 1336 4337 1551 4389; x_wconf 83' lang='lat' dir='ltr'><strong>tametsi</strong></span> <span class='ocrx_word' id='word_1_570' title='bbox 1573 4335 1712 4390; x_wconf 87' lang='lat' dir='ltr'><strong>idem</strong></span> <span class='ocrx_word' id='word_1_571' title='bbox 1740 4335 1851 4390; x_wconf 83' lang='lat' dir='ltr'><strong>sere</strong></span> <span class='ocrx_word' id='word_1_572' title='bbox 1866 4347 1971 4396; x_wconf 83' lang='lat' dir='ltr'><strong>est,</strong></span> 
     </span>
     <span class='ocr_line' id='line_1_73' title="bbox 389 4401 1976 4476; baseline 0.002 -20"><span class='ocrx_word' id='word_1_573' title='bbox 389 4402 520 4470; x_wconf 78' lang='lat' dir='ltr'><strong>quia</strong></span> <span class='ocrx_word' id='word_1_574' title='bbox 559 4402 613 4455; x_wconf 89' lang='lat' dir='ltr'><strong>in</strong></span> <span class='ocrx_word' id='word_1_575' title='bbox 648 4401 1035 4471; x_wconf 70' lang='lat' dir='ltr'><strong>iusiurandum</strong></span> <span class='ocrx_word' id='word_1_576' title='bbox 1070 4404 1213 4473; x_wconf 80' lang='lat' dir='ltr'><strong>adigi</strong></span> <span class='ocrx_word' id='word_1_577' title='bbox 1250 4403 1518 4458; x_wconf 86' lang='lat' dir='ltr'><strong>solebant.</strong></span> <span class='ocrx_word' id='word_1_578' title='bbox 1559 4404 1847 4476; x_wconf 77' lang='lat' dir='ltr'><strong>Egregium</strong></span> <span class='ocrx_word' id='word_1_579' title='bbox 1878 4405 1976 4470; x_wconf 75' lang='grc' dir='ltr'><strong>τῆς</strong></span> 
     </span>
     <span class='ocr_line' id='line_1_74' title="bbox 392 4470 1969 4542; baseline 0.001 -15"><span class='ocrx_word' id='word_1_580' title='bbox 392 4470 776 4533; x_wconf 80' lang='grc' dir='ltr'><strong>καθοσιιὶισεως</strong></span> <span class='ocrx_word' id='word_1_581' title='bbox 808 4473 1114 4542; x_wconf 85' lang='lat' dir='ltr'><strong>exemplum</strong></span> <span class='ocrx_word' id='word_1_582' title='bbox 1156 4473 1322 4529; x_wconf 74' lang='lat' dir='ltr'><strong>refert</strong></span> <span class='ocrx_word' id='word_1_583' title='bbox 1353 4472 1451 4528; x_wconf 87' lang='lat' dir='ltr'><strong>Dio</strong></span> <span class='ocrx_word' id='word_1_584' title='bbox 1481 4474 1575 4529; x_wconf 90' lang='lat' dir='ltr'><strong>lib.</strong></span> <span class='ocrx_word' id='word_1_585' title='bbox 1618 4491 1736 4538; x_wconf 80' lang='grc' dir='ltr'><strong>ιιιι,</strong></span> <span class='ocrx_word' id='word_1_586' title='bbox 1773 4476 1838 4528; x_wconf 86' lang='lat' dir='ltr'><strong>ad</strong></span> <span class='ocrx_word' id='word_1_587' title='bbox 1876 4492 1969 4528; x_wconf 84' lang='lat' dir='ltr'><strong>au·</strong></span> 
     </span>
     <span class='ocr_line' id='line_1_75' title="bbox 390 4540 1973 4614; baseline 0.001 -18"><span class='ocrx_word' id='word_1_588' title='bbox 390 4557 521 4596; x_wconf 88' lang='lat' dir='ltr'><strong>num</strong></span> <span class='ocrx_word' id='word_1_589' title='bbox 556 4540 719 4596; x_wconf 86' lang='lat' dir='ltr'><strong>Urbis</strong></span> <span class='ocrx_word' id='word_1_590' title='bbox 750 4541 872 4597; x_wconf 74' lang='lat'><strong>725.</strong></span> <span class='ocrx_word' id='word_1_591' title='bbox 909 4540 1013 4596; x_wconf 86' lang='lat' dir='ltr'><strong>Ubi</strong></span> <span class='ocrx_word' id='word_1_592' title='bbox 1054 4543 1281 4598; x_wconf 79' lang='lat' dir='ltr'><strong>Sextum</strong></span> <span class='ocrx_word' id='word_1_593' title='bbox 1323 4543 1617 4614; x_wconf 80' lang='lat' dir='ltr'><strong>quemdam</strong></span> <span class='ocrx_word' id='word_1_594' title='bbox 1654 4545 1973 4609; x_wconf 83' lang='lat' dir='ltr'><strong>Pacuvium,</strong></span> 
     </span>
     <span class='ocr_line' id='line_1_76' title="bbox 392 4612 1976 4686; baseline 0 -19"><span class='ocrx_word' id='word_1_595' title='bbox 392 4612 508 4667; x_wconf 82' lang='lat' dir='ltr'><strong>sive</strong></span> <span class='ocrx_word' id='word_1_596' title='bbox 530 4612 807 4682; x_wconf 82' lang='lat' dir='ltr'><strong>Apudium</strong></span> <span class='ocrx_word' id='word_1_597' title='bbox 844 4613 973 4667; x_wconf 86' lang='lat' dir='ltr'><strong>trib.</strong></span> <span class='ocrx_word' id='word_1_598' title='bbox 1019 4612 1193 4682; x_wconf 88' lang='lat' dir='ltr'><strong>plebis</strong></span> <span class='ocrx_word' id='word_1_599' title='bbox 1235 4621 1425 4667; x_wconf 88' lang='lat' dir='ltr'><strong>narrat</strong></span> <span class='ocrx_word' id='word_1_600' title='bbox 1464 4616 1820 4686; x_wconf 83' lang='lat' dir='ltr'><strong>semetipsum</strong></span> <span class='ocrx_word' id='word_1_601' title='bbox 1862 4618 1976 4673; x_wconf 82' lang='lat' dir='ltr'><strong>Au·</strong></span> 
     </span>
     <span class='ocr_line' id='line_1_77' title="bbox 391 4682 1971 4753; baseline 0.003 -19"><span class='ocrx_word' id='word_1_602' title='bbox 391 4689 553 4753; x_wconf 79' lang='lat' dir='ltr'><strong>gusto</strong></span> <span class='ocrx_word' id='word_1_603' title='bbox 575 4684 638 4735; x_wconf 89' lang='lat' dir='ltr'><strong>in&#39;</strong></span> <span class='ocrx_word' id='word_1_604' title='bbox 664 4692 855 4737; x_wconf 83' lang='lat' dir='ltr'><strong>senatu</strong></span> <span class='ocrx_word' id='word_1_605' title='bbox 888 4682 1194 4746; x_wconf 77' lang='lat' dir='ltr'><strong>devovisse,</strong></span> <span class='ocrx_word' id='word_1_606' title='bbox 1228 4682 1481 4751; x_wconf 83' lang='lat' dir='ltr'><strong>idemque</strong></span> <span class='ocrx_word' id='word_1_607' title='bbox 1529 4694 1585 4736; x_wconf 93' lang='lat' dir='ltr'><strong>ut</strong></span> <span class='ocrx_word' id='word_1_608' title='bbox 1622 4688 1712 4738; x_wconf 84' lang='lat' dir='ltr'><strong>alii</strong></span> <span class='ocrx_word' id='word_1_609' title='bbox 1754 4694 1971 4740; x_wconf 84' lang='lat' dir='ltr'><strong>senato·</strong></span> 
     </span>
     <span class='ocr_line' id='line_1_78' title="bbox 390 4749 1974 4828; baseline 0 -22"><span class='ocrx_word' id='word_1_610' title='bbox 390 4766 482 4807; x_wconf 86' lang='lat' dir='ltr'><strong>res</strong></span> <span class='ocrx_word' id='word_1_611' title='bbox 517 4749 761 4807; x_wconf 76' lang='lat' dir='ltr'><strong>facerent</strong></span> <span class='ocrx_word' id='word_1_612' title='bbox 800 4760 1078 4806; x_wconf 80' lang='lat' dir='ltr'><strong>auctorem</strong></span> <span class='ocrx_word' id='word_1_613' title='bbox 1116 4750 1328 4808; x_wconf 72' lang='lat' dir='ltr'><strong>suisset</strong></span> <span class='ocrx_word' id='word_1_614' title='bbox 1371 4754 1585 4828; x_wconf 82' lang='grc' dir='ltr'><strong>Ἐνγὰρ</strong></span> <span class='ocrx_word' id='word_1_615' title='bbox 1605 4755 1684 4826; x_wconf 83' lang='grc' dir='ltr'><strong>τῷ</strong></span> <span class='ocrx_word' id='word_1_616' title='bbox 1712 4753 1974 4826; x_wconf 79' lang='grc' dir='ltr'><strong>συνεδρίῳ</strong></span> 
     </span>
    </p>
   </div>
   <div class='ocr_carea' id='block_1_19' title="bbox 2075 3563 3667 4825">
    <p class='ocr_par' dir='ltr' id='par_1_20' title="bbox 2075 3563 3667 4825">
     <span class='ocr_line' id='line_1_79' title="bbox 2077 3563 3660 3636; baseline 0.001 -19"><span class='ocrx_word' id='word_1_617' title='bbox 2077 3575 2183 3618; x_wconf 85' lang='lat' dir='ltr'><strong>act.</strong></span> <span class='ocrx_word' id='word_1_618' title='bbox 2210 3566 2265 3619; x_wconf 83' lang='lat'><strong>5.</strong></span> <span class='ocrx_word' id='word_1_619' title='bbox 2293 3566 2327 3636; x_wconf 82' lang='grc' dir='ltr'>ὴ</span> <span class='ocrx_word' id='word_1_620' title='bbox 2382 3565 2546 3636; x_wconf 81' lang='grc' dir='ltr'><strong>σχολὴ</strong></span> <span class='ocrx_word' id='word_1_621' title='bbox 2582 3565 2693 3625; x_wconf 84' lang='grc' dir='ltr'><strong>τῶν</strong></span> <span class='ocrx_word' id='word_1_622' title='bbox 2741 3563 3183 3635; x_wconf 82' lang='grc' dir='ltr'><strong>καθωσιωμὲνων</strong></span> <span class='ocrx_word' id='word_1_623' title='bbox 3227 3563 3660 3634; x_wconf 84' lang='grc' dir='ltr'><strong>μαγιστριανῶν.</strong></span> 
     </span>
     <span class='ocr_line' id='line_1_80' title="bbox 2076 3632 3664 3703; baseline 0.001 -16"><span class='ocrx_word' id='word_1_624' title='bbox 2076 3632 2210 3689; x_wconf 83' lang='grc' dir='ltr'><strong>1ιειιι</strong></span> <span class='ocrx_word' id='word_1_625' title='bbox 2248 3632 2643 3690; x_wconf 72' lang='lat' dir='ltr'><strong>veronicianus</strong></span> <span class='ocrx_word' id='word_1_626' title='bbox 2676 3635 2874 3689; x_wconf 85' lang='lat' dir='ltr'><strong>ibidem</strong></span> <span class='ocrx_word' id='word_1_627' title='bbox 2896 3638 2925 3688; x_wconf 79' lang='grc' dir='ltr'><strong>ὀ</strong></span> <span class='ocrx_word' id='word_1_628' title='bbox 2943 3633 3364 3702; x_wconf 85' lang='grc' dir='ltr'><strong>καθωσιωμένος</strong></span> <span class='ocrx_word' id='word_1_629' title='bbox 3391 3634 3664 3703; x_wconf 86' lang='grc' dir='ltr'><strong>Σηκριτά-</strong></span> 
     </span>
     <span class='ocr_line' id='line_1_81' title="bbox 2078 3704 3665 3774; baseline 0.003 -19"><span class='ocrx_word' id='word_1_630' title='bbox 2078 3721 2194 3772; x_wconf 92' lang='grc' dir='ltr'><strong>ριος</strong></span> <span class='ocrx_word' id='word_1_631' title='bbox 2236 3705 2332 3757; x_wconf 89' lang='grc' dir='ltr'><strong>τοῦ</strong></span> <span class='ocrx_word' id='word_1_632' title='bbox 2372 3704 2517 3758; x_wconf 86' lang='grc' dir='ltr'><strong>θείου</strong></span> <span class='ocrx_word' id='word_1_633' title='bbox 2562 3704 2982 3774; x_wconf 78' lang='grc' dir='ltr'><strong>Κονσιστωρίου.</strong></span> <span class='ocrx_word' id='word_1_634' title='bbox 3029 3704 3100 3755; x_wconf 79' lang='lat' dir='ltr'><strong>At</strong></span> <span class='ocrx_word' id='word_1_635' title='bbox 3146 3716 3275 3756; x_wconf 78' lang='lat' dir='ltr'><strong>vero</strong></span> <span class='ocrx_word' id='word_1_636' title='bbox 3320 3716 3351 3756; x_wconf 87' lang='lat' dir='ltr'><strong>e</strong></span> <span class='ocrx_word' id='word_1_637' title='bbox 3384 3706 3665 3760; x_wconf 81' lang='lat' dir='ltr'><strong>contrario</strong></span> 
     </span>
     <span class='ocr_line' id='line_1_82' title="bbox 2078 3771 3665 3844; baseline 0.003 -18"><span class='ocrx_word' id='word_1_638' title='bbox 2078 3772 2499 3844; x_wconf 80' lang='grc' dir='ltr'><strong>καθωσιωμένος</strong></span> <span class='ocrx_word' id='word_1_639' title='bbox 2533 3774 2586 3827; x_wconf 92' lang='lat' dir='ltr'><strong>iu</strong></span> <span class='ocrx_word' id='word_1_640' title='bbox 2617 3774 2855 3828; x_wconf 89' lang='lat' dir='ltr'><strong>concilio</strong></span> <span class='ocrx_word' id='word_1_641' title='bbox 2883 3772 3097 3827; x_wconf 77' lang='lat' dir='ltr'><strong>Sat-dic.</strong></span> <span class='ocrx_word' id='word_1_642' title='bbox 3134 3786 3258 3826; x_wconf 88' lang='lat' dir='ltr'><strong>can.</strong></span> <span class='ocrx_word' id='word_1_643' title='bbox 3291 3771 3380 3834; x_wconf 81' lang='grc'><strong>17,</strong></span> <span class='ocrx_word' id='word_1_644' title='bbox 3411 3771 3552 3827; x_wconf 88' lang='lat' dir='ltr'><strong>idem</strong></span> <span class='ocrx_word' id='word_1_645' title='bbox 3579 3782 3665 3829; x_wconf 87' lang='lat' dir='ltr'><strong>est</strong></span> 
     </span>
     <span class='ocr_line' id='line_1_83' title="bbox 2078 3839 3665 3907; baseline 0 -11"><span class='ocrx_word' id='word_1_646' title='bbox 2078 3857 2142 3896; x_wconf 90' lang='lat' dir='ltr'><strong>ac</strong></span> <span class='ocrx_word' id='word_1_647' title='bbox 2180 3844 2578 3907; x_wconf 73' lang='lat' dir='ltr'><strong>condemnatus,</strong></span> <span class='ocrx_word' id='word_1_648' title='bbox 2621 3853 3020 3906; x_wconf 73' lang='lat' dir='ltr'><strong>exauctoratus,</strong></span> <span class='ocrx_word' id='word_1_649' title='bbox 3062 3839 3389 3896; x_wconf 86' lang='lat' dir='ltr'><strong>utZonaras</strong></span> <span class='ocrx_word' id='word_1_650' title='bbox 3433 3847 3487 3896; x_wconf 89' lang='lat' dir='ltr'><strong>et</strong></span> <span class='ocrx_word' id='word_1_651' title='bbox 3539 3840 3665 3896; x_wconf 87' lang='lat' dir='ltr'><strong>Bal-</strong></span> 
     </span>
     <span class='ocr_line' id='line_1_84' title="bbox 2079 3912 3664 3982; baseline 0.001 -17"><span class='ocrx_word' id='word_1_652' title='bbox 2079 3927 2232 3965; x_wconf 84' lang='lat' dir='ltr'><strong>samo</strong></span> <span class='ocrx_word' id='word_1_653' title='bbox 2288 3915 2430 3967; x_wconf 89' lang='lat' dir='ltr'><strong>inter</strong></span> <span class='ocrx_word' id='word_1_654' title='bbox 2472 3922 2736 3968; x_wconf 80' lang='lat' dir='ltr'><strong>retautnr.</strong></span> <span class='ocrx_word' id='word_1_655' title='bbox 2794 3912 3261 3980; x_wconf 84' lang='lat' dir='ltr'><strong>Quemadmodum</strong></span> <span class='ocrx_word' id='word_1_656' title='bbox 3319 3926 3470 3965; x_wconf 77' lang='lat' dir='ltr'><strong>sacer</strong></span> <span class='ocrx_word' id='word_1_657' title='bbox 3517 3912 3664 3982; x_wconf 86' lang='lat' dir='ltr'><strong>apud</strong></span> 
     </span>
     <span class='ocr_line' id='line_1_85' title="bbox 2077 3978 3665 4053; baseline 0.001 -17"><span class='ocrx_word' id='word_1_658' title='bbox 2077 3982 2304 4038; x_wconf 80' lang='lat' dir='ltr'><strong>Latinos</strong></span> <span class='ocrx_word' id='word_1_659' title='bbox 2343 3998 2428 4038; x_wconf 88' lang='lat' dir='ltr'><strong>me</strong></span> <span class='ocrx_word' id='word_1_660' title='bbox 2470 3984 2534 4038; x_wconf 84' lang='lat' dir='ltr'><strong>iae</strong></span> <span class='ocrx_word' id='word_1_661' title='bbox 2567 3984 2986 4053; x_wconf 72' lang='lat' dir='ltr'><strong>significationis</strong></span> <span class='ocrx_word' id='word_1_662' title='bbox 3019 3990 3125 4037; x_wconf 89' lang='lat' dir='ltr'><strong>est.</strong></span> <span class='ocrx_word' id='word_1_663' title='bbox 3161 3979 3334 4047; x_wconf 86' lang='lat' dir='ltr'><strong>Quem</strong></span> <span class='ocrx_word' id='word_1_664' title='bbox 3373 3980 3441 4034; x_wconf 90' lang='lat' dir='ltr'><strong>ad</strong></span> <span class='ocrx_word' id='word_1_665' title='bbox 3471 3978 3665 4036; x_wconf 84' lang='lat' dir='ltr'><strong>Sardi·</strong></span> 
     </span>
     <span class='ocr_line' id='line_1_86' title="bbox 2079 4052 3659 4124; baseline 0.001 -18"><span class='ocrx_word' id='word_1_666' title='bbox 2079 4068 2301 4107; x_wconf 78' lang='lat' dir='ltr'><strong>censem</strong></span> <span class='ocrx_word' id='word_1_667' title='bbox 2319 4068 2585 4109; x_wconf 90' lang='lat' dir='ltr'><strong>canonem</strong></span> <span class='ocrx_word' id='word_1_668' title='bbox 2613 4057 2845 4110; x_wconf 76' lang='lat' dir='ltr'><strong>tortasse</strong></span> <span class='ocrx_word' id='word_1_669' title='bbox 2866 4052 3066 4124; x_wconf 74' lang='lat' dir='ltr'><strong>Suidas</strong></span> <span class='ocrx_word' id='word_1_670' title='bbox 3090 4052 3354 4121; x_wconf 78' lang='lat' dir='ltr'><strong>respexit,</strong></span> <span class='ocrx_word' id='word_1_671' title='bbox 3379 4052 3509 4105; x_wconf 88' lang='lat' dir='ltr'><strong>dum</strong></span> <span class='ocrx_word' id='word_1_672' title='bbox 3528 4052 3659 4107; x_wconf 83' lang='grc' dir='ltr'><strong>καθ-</strong></span> 
     </span>
     <span class='ocr_line' id='line_1_87' title="bbox 2076 4120 3667 4193; baseline 0.002 -19"><span class='ocrx_word' id='word_1_673' title='bbox 2076 4122 2296 4176; x_wconf 87' lang='grc' dir='ltr'><strong>οσίωσιν</strong></span> <span class='ocrx_word' id='word_1_674' title='bbox 2344 4125 2422 4177; x_wconf 84' lang='lat' dir='ltr'><strong>ait</strong></span> <span class='ocrx_word' id='word_1_675' title='bbox 2472 4138 2596 4179; x_wconf 81' lang='lat' dir='ltr'><strong>esse</strong></span> <span class='ocrx_word' id='word_1_676' title='bbox 2648 4124 2949 4186; x_wconf 84' lang='grc' dir='ltr'><strong>δικαίωσιν,</strong></span> <span class='ocrx_word' id='word_1_677' title='bbox 3004 4122 3361 4193; x_wconf 80' lang='grc' dir='ltr'><strong>κατάκρισιν,</strong></span> <span class='ocrx_word' id='word_1_678' title='bbox 3406 4136 3486 4174; x_wconf 88' lang='grc' dir='ltr'><strong>πα</strong></span> <span class='ocrx_word' id='word_1_679' title='bbox 3524 4120 3561 4174; x_wconf 81' lang='grc' dir='ltr'><strong>ἀ</strong></span> <span class='ocrx_word' id='word_1_680' title='bbox 3602 4121 3667 4177; x_wconf 74' lang='grc' dir='ltr'><strong>τὸ</strong></span> 
     </span>
     <span class='ocr_line' id='line_1_88' title="bbox 2078 4189 3663 4264; baseline 0.001 -17"><span class='ocrx_word' id='word_1_681' title='bbox 2078 4193 2221 4247; x_wconf 72' lang='grc' dir='ltr'><strong>κατὰ</strong></span> <span class='ocrx_word' id='word_1_682' title='bbox 2245 4192 2340 4247; x_wconf 85' lang='grc' dir='ltr'><strong>τοῦ</strong></span> <span class='ocrx_word' id='word_1_683' title='bbox 2366 4193 2512 4248; x_wconf 80' lang='grc' dir='ltr'><strong>ὁσίου</strong></span> <span class='ocrx_word' id='word_1_684' title='bbox 2539 4194 2804 4264; x_wconf 82' lang='grc' dir='ltr'><strong>γίνεσθαι,</strong></span> <span class='ocrx_word' id='word_1_685' title='bbox 2840 4193 2959 4264; x_wconf 72' lang='grc' dir='ltr'><strong>ἦτοι</strong></span> <span class='ocrx_word' id='word_1_686' title='bbox 3008 4191 3104 4245; x_wconf 89' lang='grc' dir='ltr'><strong>τοῦ</strong></span> <span class='ocrx_word' id='word_1_687' title='bbox 3140 4189 3432 4256; x_wconf 82' lang='grc' dir='ltr'><strong>Βασιλέως.</strong></span> <span class='ocrx_word' id='word_1_688' title='bbox 3469 4224 3487 4244; x_wconf 71' lang='lat'><strong>.</strong></span> <span class='ocrx_word' id='word_1_689' title='bbox 3607 4193 3663 4248; x_wconf 83' lang='lat' dir='ltr'><strong>in</strong></span> 
     </span>
     <span class='ocr_line' id='line_1_89' title="bbox 2078 4260 3666 4332; baseline -0.001 -14"><span class='ocrx_word' id='word_1_690' title='bbox 2078 4279 2144 4318; x_wconf 87' lang='lat' dir='ltr'><strong>eo</strong></span> <span class='ocrx_word' id='word_1_691' title='bbox 2176 4264 2331 4320; x_wconf 66' lang='lat' dir='ltr'><strong>valde</strong></span> <span class='ocrx_word' id='word_1_692' title='bbox 2385 4272 2469 4319; x_wconf 86' lang='lat' dir='ltr'><strong>est</strong></span> <span class='ocrx_word' id='word_1_693' title='bbox 2523 4264 2909 4321; x_wconf 80' lang='lat' dir='ltr'><strong>hallucinatus.</strong></span> <span class='ocrx_word' id='word_1_694' title='bbox 2970 4261 3100 4316; x_wconf 82' lang='lat' dir='ltr'><strong>Nam</strong></span> <span class='ocrx_word' id='word_1_695' title='bbox 3153 4273 3209 4317; x_wconf 89' lang='lat' dir='ltr'><strong>et</strong></span> <span class='ocrx_word' id='word_1_696' title='bbox 3255 4262 3502 4332; x_wconf 85' lang='lat' dir='ltr'><strong>exempla</strong></span> <span class='ocrx_word' id='word_1_697' title='bbox 3552 4260 3666 4316; x_wconf 90' lang='lat' dir='ltr'><strong>duo</strong></span> 
     </span>
     <span class='ocr_line' id='line_1_90' title="bbox 2079 4331 3667 4405; baseline 0.001 -19"><span class='ocrx_word' id='word_1_698' title='bbox 2079 4334 2306 4403; x_wconf 77' lang='lat' dir='ltr'><strong>profert.</strong></span> <span class='ocrx_word' id='word_1_699' title='bbox 2342 4350 2464 4405; x_wconf 82' lang='lat' dir='ltr'><strong>quae</strong></span> <span class='ocrx_word' id='word_1_700' title='bbox 2492 4350 2602 4390; x_wconf 90' lang='lat' dir='ltr'><strong>non</strong></span> <span class='ocrx_word' id='word_1_701' title='bbox 2639 4336 2911 4405; x_wconf 83' lang='lat' dir='ltr'><strong>intelligit.</strong></span> <span class='ocrx_word' id='word_1_702' title='bbox 2940 4331 3184 4399; x_wconf 87' lang='lat' dir='ltr'><strong>Quorum</strong></span> <span class='ocrx_word' id='word_1_703' title='bbox 3215 4331 3444 4386; x_wconf 87' lang='lat' dir='ltr'><strong>alterum</strong></span> <span class='ocrx_word' id='word_1_704' title='bbox 3470 4348 3536 4387; x_wconf 85' lang='lat' dir='ltr'><strong>ex</strong></span> <span class='ocrx_word' id='word_1_705' title='bbox 3562 4331 3667 4387; x_wconf 91' lang='lat' dir='ltr'><strong>So-</strong></span> 
     </span>
     <span class='ocr_line' id='line_1_91' title="bbox 2077 4401 3665 4476; baseline 0 -19"><span class='ocrx_word' id='word_1_706' title='bbox 2077 4413 2230 4459; x_wconf 84' lang='lat' dir='ltr'><strong>crate</strong></span> <span class='ocrx_word' id='word_1_707' title='bbox 2261 4405 2643 4476; x_wconf 78' lang='lat' dir='ltr'><strong>depromptum</strong></span> <span class='ocrx_word' id='word_1_708' title='bbox 2671 4413 2778 4468; x_wconf 78' lang='lat' dir='ltr'><strong>est,</strong></span> <span class='ocrx_word' id='word_1_709' title='bbox 2801 4406 2898 4461; x_wconf 86' lang='lat' dir='ltr'><strong>lib.</strong></span> <span class='ocrx_word' id='word_1_710' title='bbox 2923 4420 2974 4464; x_wconf 80' lang='lat' dir='ltr'><strong>v,</strong></span> <span class='ocrx_word' id='word_1_711' title='bbox 3009 4417 3061 4455; x_wconf 83' lang='lat' dir='ltr'><strong>c.</strong></span> <span class='ocrx_word' id='word_1_712' title='bbox 3099 4402 3159 4455; x_wconf 83' lang='grc' dir='ltr'><strong>ιδ’</strong></span> <span class='ocrx_word' id='word_1_713' title='bbox 3182 4419 3196 4455; x_wconf 74' lang='lat'>2</span> <span class='ocrx_word' id='word_1_714' title='bbox 3237 4402 3360 4454; x_wconf 75' lang='grc' dir='ltr'><strong>Ἐπὶ</strong></span> <span class='ocrx_word' id='word_1_715' title='bbox 3380 4401 3665 4457; x_wconf 83' lang='grc' dir='ltr'><strong>Θεοδοσίου</strong></span> 
     </span>
     <span class='ocr_line' id='line_1_92' title="bbox 2079 4471 3667 4576; baseline -0.001 -49"><span class='ocrx_word' id='word_1_716' title='bbox 2079 4473 2344 4543; x_wconf 80' lang='grc' dir='ltr'><strong>βασιλέως</strong></span> <span class='ocrx_word' id='word_1_717' title='bbox 2377 4475 2664 4576; x_wconf 53' lang='grc' dir='ltr'><strong>Ῥωμαίων</strong></span> <span class='ocrx_word' id='word_1_718' title='bbox 2709 4475 2779 4528; x_wconf 79' lang='grc' dir='ltr'><strong>Σύ</strong></span> <span class='ocrx_word' id='word_1_719' title='bbox 2832 4490 3006 4544; x_wconf 81' lang='grc' dir='ltr'><strong>μαχος</strong></span> <span class='ocrx_word' id='word_1_720' title='bbox 3047 4472 3155 4526; x_wconf 81' lang='grc' dir='ltr'><strong>ἀπὸ</strong></span> <span class='ocrx_word' id='word_1_721' title='bbox 3198 4471 3423 4525; x_wconf 81' lang='grc' dir='ltr'><strong>ὑπάτων</strong></span> <span class='ocrx_word' id='word_1_722' title='bbox 3465 4474 3545 4535; x_wconf 85' lang='grc' dir='ltr'><strong>είς</strong></span> <span class='ocrx_word' id='word_1_723' title='bbox 3573 4472 3667 4525; x_wconf 74' lang='grc' dir='ltr'><strong>τὸν</strong></span> 
     </span>
     <span class='ocr_line' id='line_1_93' title="bbox 2075 4540 3665 4631; baseline 0 -35"><span class='ocrx_word' id='word_1_724' title='bbox 2075 4544 2340 4613; x_wconf 79' lang='grc' dir='ltr'><strong>τύραννον</strong></span> <span class='ocrx_word' id='word_1_725' title='bbox 2385 4543 2530 4609; x_wconf 64' lang='lat' dir='ltr'><strong>hid-,t</strong></span> <span class='ocrx_word' id='word_1_726' title='bbox 2576 4561 2635 4597; x_wconf 83' lang='grc' dir='ltr'><strong>ον</strong></span> <span class='ocrx_word' id='word_1_727' title='bbox 2661 4543 2784 4631; x_wconf 84' lang='grc' dir='ltr'><strong>βασι</strong></span> <span class='ocrx_word' id='word_1_728' title='bbox 2823 4544 2934 4596; x_wconf 78' lang='grc' dir='ltr'><strong>ικδν</strong></span> <span class='ocrx_word' id='word_1_729' title='bbox 2960 4541 3118 4611; x_wconf 82' lang='grc' dir='ltr'><strong>λόγον</strong></span> <span class='ocrx_word' id='word_1_730' title='bbox 3159 4540 3424 4614; x_wconf 81' lang='grc' dir='ltr'><strong>διεξῆλθε,</strong></span> <span class='ocrx_word' id='word_1_731' title='bbox 3460 4543 3553 4596; x_wconf 73' lang='grc' dir='ltr'><strong>καί</strong></span> <span class='ocrx_word' id='word_1_732' title='bbox 3575 4542 3665 4596; x_wconf 83' lang='grc' dir='ltr'><strong>δε-</strong></span> 
     </span>
     <span class='ocr_line' id='line_1_94' title="bbox 2077 4562 3664 4693; baseline 0 -28"><span class='ocrx_word' id='word_1_733' title='bbox 2077 4612 2202 4676; x_wconf 75' lang='grc' dir='ltr'><strong>διὼς</strong></span> <span class='ocrx_word' id='word_1_734' title='bbox 2234 4612 2294 4665; x_wconf 78' lang='grc' dir='ltr'><strong>τὸ</strong></span> <span class='ocrx_word' id='word_1_735' title='bbox 2316 4612 2418 4681; x_wconf 82' lang='grc' dir='ltr'><strong>τῆς</strong></span> <span class='ocrx_word' id='word_1_736' title='bbox 2452 4562 2831 4677; x_wconf 48' lang='grc' dir='ltr'><strong>καθὀσιωσεως</strong></span> <span class='ocrx_word' id='word_1_737' title='bbox 2861 4614 2973 4675; x_wconf 86' lang='grc' dir='ltr'><strong>τοῖς</strong></span> <span class='ocrx_word' id='word_1_738' title='bbox 3007 4613 3116 4666; x_wconf 86' lang='grc' dir='ltr'><strong>τῶν</strong></span> <span class='ocrx_word' id='word_1_739' title='bbox 3137 4613 3443 4679; x_wconf 76' lang='grc' dir='ltr'><strong>ἐκκλησιῶν</strong></span> <span class='ocrx_word' id='word_1_740' title='bbox 3474 4616 3664 4693; x_wconf 80' lang='grc' dir='ltr'><strong>σηκοῖς</strong></span> 
     </span>
     <span class='ocr_line' id='line_1_95' title="bbox 2079 4682 3665 4768; baseline 0.001 -33"><span class='ocrx_word' id='word_1_741' title='bbox 2079 4682 2578 4753; x_wconf 80' lang='grc' dir='ltr'><strong>προσκαταφεύγει.</strong></span> <span class='ocrx_word' id='word_1_742' title='bbox 2601 4685 2847 4738; x_wconf 79' lang='lat' dir='ltr'><strong>Alterum</strong></span> <span class='ocrx_word' id='word_1_743' title='bbox 2880 4684 3068 4737; x_wconf 86' lang='lat' dir='ltr'><strong>nescio</strong></span> <span class='ocrx_word' id='word_1_744' title='bbox 3097 4682 3256 4749; x_wconf 80' lang='lat' dir='ltr'><strong>cujus</strong></span> <span class='ocrx_word' id='word_1_745' title='bbox 3283 4682 3570 4768; x_wconf 76' lang='lat' dir='ltr'><strong>scriptoris</strong></span> <span class='ocrx_word' id='word_1_746' title='bbox 3594 4682 3665 4737; x_wconf 90' lang='lat' dir='ltr'><strong>de</strong></span> 
     </span>
     <span class='ocr_line' id='line_1_96' title="bbox 2077 4750 3666 4825; baseline -0.004 -16"><span class='ocrx_word' id='word_1_747' title='bbox 2077 4754 2330 4809; x_wconf 77' lang='lat' dir='ltr'><strong>Christo:</strong></span> <span class='ocrx_word' id='word_1_748' title='bbox 2353 4752 2479 4817; x_wconf 84' lang='grc' dir='ltr'><strong>Τοῖς</strong></span> <span class='ocrx_word' id='word_1_749' title='bbox 2491 4754 2599 4825; x_wconf 83' lang='grc' dir='ltr'><strong>γὰρ</strong></span> <span class='ocrx_word' id='word_1_750' title='bbox 2619 4752 2923 4823; x_wconf 76' lang='grc' dir='ltr'><strong>γινομένοις</strong></span> <span class='ocrx_word' id='word_1_751' title='bbox 2939 4760 3104 4817; x_wconf 85' lang='lat' dir='ltr'><strong>(corr.</strong></span> <span class='ocrx_word' id='word_1_752' title='bbox 3121 4750 3327 4820; x_wconf 87' lang='grc' dir='ltr'><strong>νόμοις)</strong></span> <span class='ocrx_word' id='word_1_753' title='bbox 3347 4750 3510 4804; x_wconf 82' lang='grc' dir='ltr'><strong>αυτὸν</strong></span> <span class='ocrx_word' id='word_1_754' title='bbox 3530 4766 3666 4823; x_wconf 88' lang='grc' dir='ltr'><strong>παρ-</strong></span> 
     </span>
    </p>
   </div>
   <div class='ocr_carea' id='block_1_20' title="bbox 391 4819 3664 4902">
    <p class='ocr_par' dir='ltr' id='par_1_21' title="bbox 391 4819 3664 4902">
     <span class='ocr_line' id='line_1_97' title="bbox 391 4819 3664 4902; baseline 0 -25"><span class='ocrx_word' id='word_1_755' title='bbox 391 4822 583 4877; x_wconf 79' lang='grc' dir='ltr'><strong>ὲαυτόν</strong></span> <span class='ocrx_word' id='word_1_756' title='bbox 607 4838 666 4875; x_wconf 91' lang='grc' dir='ltr'><strong>τε</strong></span> <span class='ocrx_word' id='word_1_757' title='bbox 690 4824 739 4875; x_wconf 87' lang='grc' dir='ltr'><strong>οί</strong></span> <span class='ocrx_word' id='word_1_758' title='bbox 772 4821 865 4875; x_wconf 75' lang='grc' dir='ltr'><strong>τὸν</strong></span> <span class='ocrx_word' id='word_1_759' title='bbox 888 4822 997 4874; x_wconf 86' lang='grc' dir='ltr'><strong>τῶν</strong></span> <span class='ocrx_word' id='word_1_760' title='bbox 1041 4821 1264 4902; x_wconf 68' lang='grc' dir='ltr'><strong>Ἰὸήρων</strong></span> <span class='ocrx_word' id='word_1_761' title='bbox 1285 4822 1488 4893; x_wconf 84' lang='grc' dir='ltr'><strong>τρόπον</strong></span> <span class='ocrx_word' id='word_1_762' title='bbox 1511 4825 1851 4887; x_wconf 84' lang='grc' dir='ltr'><strong>καθωσίωσε,</strong></span> <span class='ocrx_word' id='word_1_763' title='bbox 1883 4825 1978 4879; x_wconf 79' lang='grc' dir='ltr'><strong>καὶ</strong></span> <span class='ocrx_word' id='word_1_764' title='bbox 2010 4838 2055 4893; x_wconf 81' lang='lat'><strong>1)</strong></span> <span class='ocrx_word' id='word_1_765' title='bbox 2081 4822 2367 4895; x_wconf 82' lang='grc' dir='ltr'><strong>εδώκαμεν</strong></span> <span class='ocrx_word' id='word_1_766' title='bbox 2417 4824 2513 4877; x_wconf 79' lang='grc' dir='ltr'><strong>καὶ</strong></span> <span class='ocrx_word' id='word_1_767' title='bbox 2562 4825 2642 4888; x_wconf 85' lang='grc' dir='ltr'><strong>είς</strong></span> <span class='ocrx_word' id='word_1_768' title='bbox 2685 4822 3012 4876; x_wconf 83' lang='grc' dir='ltr'><strong>καθοσίωσιν</strong></span> <span class='ocrx_word' id='word_1_769' title='bbox 3054 4822 3152 4891; x_wconf 82' lang='grc' dir='ltr'><strong>οὐχ</strong></span> <span class='ocrx_word' id='word_1_770' title='bbox 3181 4822 3515 4902; x_wconf 69' lang='grc' dir='ltr'><strong>ἡμάρτομεν.</strong></span> <span class='ocrx_word' id='word_1_771' title='bbox 3557 4819 3664 4877; x_wconf 85' lang='lat' dir='ltr'><strong>Ve-</strong></span> 
     </span>
    </p>
   </div>
   <div class='ocr_carea' id='block_1_21' title="bbox 391 4891 1982 5945">
    <p class='ocr_par' dir='ltr' id='par_1_22' title="bbox 391 4891 1982 5945">
     <span class='ocr_line' id='line_1_98' title="bbox 392 4891 1979 4964; baseline 0.003 -19"><span class='ocrx_word' id='word_1_772' title='bbox 392 4894 504 4955; x_wconf 88' lang='grc' dir='ltr'><strong>τοῖς</strong></span> <span class='ocrx_word' id='word_1_773' title='bbox 534 4891 716 4954; x_wconf 77' lang='grc' dir='ltr'><strong>ἀλλοις</strong></span> <span class='ocrx_word' id='word_1_774' title='bbox 754 4892 1106 4945; x_wconf 76' lang='grc' dir='ltr'><strong>συνεόούλευε</strong></span> <span class='ocrx_word' id='word_1_775' title='bbox 1120 4908 1279 4947; x_wconf 90' lang='grc' dir='ltr'><strong>τουτο</strong></span> <span class='ocrx_word' id='word_1_776' title='bbox 1310 4893 1553 4964; x_wconf 81' lang='grc' dir='ltr'><strong>ποιῆσαι.</strong></span> <span class='ocrx_word' id='word_1_777' title='bbox 1591 4894 1697 4951; x_wconf 88' lang='lat' dir='ltr'><strong>Sed</strong></span> <span class='ocrx_word' id='word_1_778' title='bbox 1728 4897 1809 4950; x_wconf 81' lang='lat' dir='ltr'><strong>Au</strong></span> <span class='ocrx_word' id='word_1_779' title='bbox 1853 4904 1979 4950; x_wconf 87' lang='lat' dir='ltr'><strong>usto</strong></span> 
     </span>
     <span class='ocr_line' id='line_1_99' title="bbox 391 4961 1980 5034; baseline 0.002 -16"><span class='ocrx_word' id='word_1_780' title='bbox 391 4964 747 5027; x_wconf 82' lang='lat' dir='ltr'><strong>reclamante,</strong></span> <span class='ocrx_word' id='word_1_781' title='bbox 778 4961 907 5016; x_wconf 86' lang='lat' dir='ltr'><strong>trib.</strong></span> <span class='ocrx_word' id='word_1_782' title='bbox 941 4962 1016 5033; x_wconf 88' lang='lat' dir='ltr'><strong>pl.</strong></span> <span class='ocrx_word' id='word_1_783' title='bbox 1052 4962 1342 5032; x_wconf 85' lang='lat' dir='ltr'><strong>prosiliens</strong></span> <span class='ocrx_word' id='word_1_784' title='bbox 1386 4965 1454 5019; x_wconf 85' lang='lat' dir='ltr'><strong>ad</strong></span> <span class='ocrx_word' id='word_1_785' title='bbox 1486 4966 1746 5034; x_wconf 86' lang='lat' dir='ltr'><strong>populum</strong></span> <span class='ocrx_word' id='word_1_786' title='bbox 1784 4981 1817 5018; x_wconf 88' lang='lat' dir='ltr'><strong>o</strong></span> <span class='ocrx_word' id='word_1_787' title='bbox 1861 4966 1980 5022; x_wconf 85' lang='lat' dir='ltr'><strong>vios</strong></span> 
     </span>
     <span class='ocr_line' id='line_1_100' title="bbox 393 5032 1980 5106; baseline 0.003 -21"><span class='ocrx_word' id='word_1_788' title='bbox 393 5047 662 5103; x_wconf 73' lang='lat' dir='ltr'><strong>quosque,</strong></span> <span class='ocrx_word' id='word_1_789' title='bbox 690 5046 752 5086; x_wconf 77' lang='lat' dir='ltr'><strong>ac</strong></span> <span class='ocrx_word' id='word_1_790' title='bbox 783 5041 1011 5086; x_wconf 60' lang='lat' dir='ltr'><strong>cst-teres</strong></span> <span class='ocrx_word' id='word_1_791' title='bbox 1048 5033 1245 5087; x_wconf 85' lang='lat' dir='ltr'><strong>deinde</strong></span> <span class='ocrx_word' id='word_1_792' title='bbox 1266 5032 1415 5088; x_wconf 82' lang='lat' dir='ltr'><strong>cives</strong></span> <span class='ocrx_word' id='word_1_793' title='bbox 1443 5037 1619 5105; x_wconf 82' lang='lat' dir='ltr'><strong>coegit</strong></span> <span class='ocrx_word' id='word_1_794' title='bbox 1641 5034 1980 5106; x_wconf 84' lang='grc' dir='ltr'><strong>καθιερῶσαι</strong></span> 
     </span>
     <span class='ocr_line' id='line_1_101' title="bbox 394 5096 1982 5176; baseline 0.001 -19"><span class='ocrx_word' id='word_1_795' title='bbox 394 5104 539 5173; x_wconf 74' lang='grc' dir='ltr'><strong>σφᾶς</strong></span> <span class='ocrx_word' id='word_1_796' title='bbox 567 5101 649 5172; x_wconf 85' lang='grc' dir='ltr'><strong>τῷ</strong></span> <span class='ocrx_word' id='word_1_797' title='bbox 687 5100 1005 5172; x_wconf 78' lang='grc' dir='ltr'><strong>Αὐγούστῳ.</strong></span> <span class='ocrx_word' id='word_1_798' title='bbox 1053 5102 1168 5170; x_wconf 82' lang='grc' dir='ltr'><strong>Ἀφ’</strong></span> <span class='ocrx_word' id='word_1_799' title='bbox 1196 5096 1370 5174; x_wconf 74' lang='grc' dir='ltr'><strong>οὗπερ</strong></span> <span class='ocrx_word' id='word_1_800' title='bbox 1408 5104 1505 5158; x_wconf 79' lang='grc' dir='ltr'><strong>καὶ</strong></span> <span class='ocrx_word' id='word_1_801' title='bbox 1533 5104 1630 5158; x_wconf 90' lang='grc' dir='ltr'><strong>νῦν</strong></span> <span class='ocrx_word' id='word_1_802' title='bbox 1673 5106 1982 5176; x_wconf 72' lang='grc' dir='ltr'><strong>προτρεπό-</strong></span> 
     </span>
     <span class='ocr_line' id='line_1_102' title="bbox 399 5171 1979 5254; baseline 0.003 -29"><span class='ocrx_word' id='word_1_803' title='bbox 399 5189 552 5244; x_wconf 78' lang='grc' dir='ltr'><strong>μενοι</strong></span> <span class='ocrx_word' id='word_1_804' title='bbox 572 5172 664 5226; x_wconf 85' lang='grc' dir='ltr'><strong>τὸν</strong></span> <span class='ocrx_word' id='word_1_805' title='bbox 694 5171 1017 5254; x_wconf 85' lang='grc' dir='ltr'><strong>κρατοῦντα,</strong></span> <span class='ocrx_word' id='word_1_806' title='bbox 1048 5171 1227 5241; x_wconf 78' lang='grc' dir='ltr'><strong>λέγειν</strong></span> <span class='ocrx_word' id='word_1_807' title='bbox 1252 5171 1544 5244; x_wconf 81' lang='grc' dir='ltr'><strong>είώθαμεν,</strong></span> <span class='ocrx_word' id='word_1_808' title='bbox 1570 5175 1654 5228; x_wconf 83' lang='grc' dir='ltr'><strong>ὅτι</strong></span> <span class='ocrx_word' id='word_1_809' title='bbox 1684 5192 1768 5229; x_wconf 88' lang='grc' dir='ltr'><strong>τοι</strong></span> <span class='ocrx_word' id='word_1_810' title='bbox 1800 5175 1979 5229; x_wconf 84' lang='grc' dir='ltr'><strong>καθω-</strong></span> 
     </span>
     <span class='ocr_line' id='line_1_103' title="bbox 400 5241 1979 5313; baseline 0.003 -18"><span class='ocrx_word' id='word_1_811' title='bbox 400 5241 662 5312; x_wconf 84' lang='grc' dir='ltr'><strong>σιώμεθα.</strong></span> <span class='ocrx_word' id='word_1_812' title='bbox 686 5241 823 5296; x_wconf 76' lang='lat' dir='ltr'><strong>Hinc</strong></span> <span class='ocrx_word' id='word_1_813' title='bbox 856 5242 1295 5312; x_wconf 83' lang='grc' dir='ltr'><strong>καθωσιωμένων</strong></span> <span class='ocrx_word' id='word_1_814' title='bbox 1327 5244 1621 5313; x_wconf 86' lang='lat' dir='ltr'><strong>appellatio</strong></span> <span class='ocrx_word' id='word_1_815' title='bbox 1650 5246 1979 5310; x_wconf 84' lang='grc' dir='ltr'><strong>ὲπιθετικῶς</strong></span> 
     </span>
     <span class='ocr_line' id='line_1_104' title="bbox 395 5311 1980 5382; baseline 0.002 -15"><span class='ocrx_word' id='word_1_816' title='bbox 395 5328 464 5367; x_wconf 83' lang='lat' dir='ltr'><strong>cx</strong></span> <span class='ocrx_word' id='word_1_817' title='bbox 500 5312 731 5367; x_wconf 75' lang='lat' dir='ltr'><strong>[orniuia</strong></span> <span class='ocrx_word' id='word_1_818' title='bbox 764 5311 1043 5382; x_wconf 80' lang='lat' dir='ltr'><strong>plerisque</strong></span> <span class='ocrx_word' id='word_1_819' title='bbox 1089 5313 1461 5381; x_wconf 86' lang='lat' dir='ltr'><strong>imperialibus</strong></span> <span class='ocrx_word' id='word_1_820' title='bbox 1491 5315 1681 5371; x_wconf 83' lang='lat' dir='ltr'><strong>ofliciis</strong></span> <span class='ocrx_word' id='word_1_821' title='bbox 1722 5331 1786 5369; x_wconf 92' lang='lat' dir='ltr'><strong>ac</strong></span> <span class='ocrx_word' id='word_1_822' title='bbox 1816 5317 1980 5370; x_wconf 88' lang='lat' dir='ltr'><strong>mini·</strong></span> 
     </span>
     <span class='ocr_line' id='line_1_105' title="bbox 399 5382 1975 5448; baseline 0.003 -11"><span class='ocrx_word' id='word_1_823' title='bbox 399 5382 531 5437; x_wconf 81' lang='lat' dir='ltr'><strong>stris</strong></span> <span class='ocrx_word' id='word_1_824' title='bbox 551 5382 848 5448; x_wconf 86' lang='lat' dir='ltr'><strong>attributa;</strong></span> <span class='ocrx_word' id='word_1_825' title='bbox 871 5383 1125 5445; x_wconf 83' lang='lat' dir='ltr'><strong>maxime,</strong></span> <span class='ocrx_word' id='word_1_826' title='bbox 1156 5382 1236 5436; x_wconf 88' lang='lat' dir='ltr'><strong>uti</strong></span> <span class='ocrx_word' id='word_1_827' title='bbox 1254 5384 1457 5438; x_wconf 89' lang='lat' dir='ltr'><strong>dictum</strong></span> <span class='ocrx_word' id='word_1_828' title='bbox 1485 5394 1589 5448; x_wconf 89' lang='lat' dir='ltr'><strong>est,</strong></span> <span class='ocrx_word' id='word_1_829' title='bbox 1623 5387 1975 5446; x_wconf 77' lang='lat' dir='ltr'><strong>militaribnS.</strong></span> 
     </span>
     <span class='ocr_line' id='line_1_106' title="bbox 398 5451 1980 5524; baseline 0.004 -19"><span class='ocrx_word' id='word_1_830' title='bbox 398 5451 756 5521; x_wconf 68' lang='lat' dir='ltr'><strong>Augustinus,</strong></span> <span class='ocrx_word' id='word_1_831' title='bbox 791 5453 829 5508; x_wconf 90' lang='grc' dir='ltr'><strong>Ι.</strong></span> <span class='ocrx_word' id='word_1_832' title='bbox 855 5468 890 5506; x_wconf 93' lang='grc' dir='ltr'><strong>ιι</strong></span> <span class='ocrx_word' id='word_1_833' title='bbox 924 5463 1110 5507; x_wconf 73' lang='lat' dir='ltr'><strong>contra</strong></span> <span class='ocrx_word' id='word_1_834' title='bbox 1146 5454 1297 5522; x_wconf 74' lang='lat' dir='ltr'><strong>epist.</strong></span> <span class='ocrx_word' id='word_1_835' title='bbox 1329 5452 1579 5508; x_wconf 74' lang='lat' dir='ltr'><strong>Pau-men.</strong></span> <span class='ocrx_word' id='word_1_836' title='bbox 1605 5470 1625 5508; x_wconf 93' lang='lat'><strong>.·</strong></span> <span class='ocrx_word' id='word_1_837' title='bbox 1647 5453 1828 5524; x_wconf 77' lang='lat' dir='ltr'><strong>Neque</strong></span> <span class='ocrx_word' id='word_1_838' title='bbox 1870 5457 1980 5511; x_wconf 79' lang='lat' dir='ltr'><strong>ullo</strong></span> 
     </span>
     <span class='ocr_line' id='line_1_107' title="bbox 396 5521 1975 5592; baseline 0.004 -18"><span class='ocrx_word' id='word_1_839' title='bbox 396 5523 554 5575; x_wconf 74' lang='grc' dir='ltr'><strong>ιιιυάο</strong></span> <span class='ocrx_word' id='word_1_840' title='bbox 581 5535 672 5589; x_wconf 77' lang='grc' dir='ltr'><strong>ρετ</strong></span> <span class='ocrx_word' id='word_1_841' title='bbox 699 5521 937 5576; x_wconf 76' lang='lat' dir='ltr'><strong>devotum</strong></span> <span class='ocrx_word' id='word_1_842' title='bbox 984 5522 1227 5585; x_wconf 65' lang='lat' dir='ltr'><strong>militem,</strong></span> <span class='ocrx_word' id='word_1_843' title='bbox 1258 5522 1396 5591; x_wconf 74' lang='lat' dir='ltr'><strong>quod</strong></span> <span class='ocrx_word' id='word_1_844' title='bbox 1426 5540 1459 5575; x_wconf 83' lang='lat' dir='ltr'><strong>a</strong></span> <span class='ocrx_word' id='word_1_845' title='bbox 1490 5525 1710 5592; x_wconf 73' lang='lat' dir='ltr'><strong>privatis</strong></span> <span class='ocrx_word' id='word_1_846' title='bbox 1747 5541 1975 5592; x_wconf 73' lang='lat' dir='ltr'><strong>usurpa·</strong></span> 
     </span>
     <span class='ocr_line' id='line_1_108' title="bbox 397 5591 1971 5678; baseline 0.003 -34"><span class='ocrx_word' id='word_1_847' title='bbox 397 5602 508 5645; x_wconf 77' lang='grc' dir='ltr'><strong>ιιιηι</strong></span> <span class='ocrx_word' id='word_1_848' title='bbox 532 5601 632 5655; x_wconf 78' lang='lat' dir='ltr'><strong>eat,</strong></span> <span class='ocrx_word' id='word_1_849' title='bbox 658 5594 865 5665; x_wconf 69' lang='lat' dir='ltr'><strong>siquam</strong></span> <span class='ocrx_word' id='word_1_850' title='bbox 906 5593 1078 5678; x_wconf 53' lang='lat' dir='ltr'><strong>regule</strong></span> <span class='ocrx_word' id='word_1_851' title='bbox 1102 5594 1406 5646; x_wconf 76' lang='lat' dir='ltr'><strong>violabitur.</strong></span> <span class='ocrx_word' id='word_1_852' title='bbox 1457 5591 1806 5649; x_wconf 81' lang='lat' dir='ltr'><strong>Protectores</strong></span> <span class='ocrx_word' id='word_1_853' title='bbox 1842 5595 1971 5650; x_wconf 85' lang='lat' dir='ltr'><strong>item</strong></span> 
     </span>
     <span class='ocr_line' id='line_1_109' title="bbox 396 5660 1970 5731; baseline 0 -16"><span class='ocrx_word' id='word_1_854' title='bbox 396 5664 683 5717; x_wconf 74' lang='lat' dir='ltr'><strong>‹loniestici</strong></span> <span class='ocrx_word' id='word_1_855' title='bbox 713 5666 768 5716; x_wconf 89' lang='lat' dir='ltr'><strong>in</strong></span> <span class='ocrx_word' id='word_1_856' title='bbox 800 5661 926 5717; x_wconf 88' lang='lat' dir='ltr'><strong>cod.</strong></span> <span class='ocrx_word' id='word_1_857' title='bbox 968 5661 1165 5716; x_wconf 81' lang='lat' dir='ltr'><strong>l&#39;beod.</strong></span> <span class='ocrx_word' id='word_1_858' title='bbox 1204 5660 1278 5717; x_wconf 80' lang='lat' dir='ltr'><strong>De</strong></span> <span class='ocrx_word' id='word_1_859' title='bbox 1310 5661 1616 5716; x_wconf 69' lang='lat' dir='ltr'><strong>domesticis</strong></span> <span class='ocrx_word' id='word_1_860' title='bbox 1639 5672 1687 5717; x_wconf 85' lang='lat' dir='ltr'><strong>et</strong></span> <span class='ocrx_word' id='word_1_861' title='bbox 1725 5674 1970 5731; x_wconf 56' lang='lat' dir='ltr'><strong>protect„</strong></span> 
     </span>
     <span class='ocr_line' id='line_1_110' title="bbox 396 5730 1978 5804; baseline 0.003 -19"><span class='ocrx_word' id='word_1_862' title='bbox 396 5730 736 5787; x_wconf 80' lang='lat' dir='ltr'><strong>devotissimi</strong></span> <span class='ocrx_word' id='word_1_863' title='bbox 770 5732 1135 5786; x_wconf 88' lang='lat' dir='ltr'><strong>nominantur.</strong></span> <span class='ocrx_word' id='word_1_864' title='bbox 1171 5731 1228 5785; x_wconf 90' lang='lat' dir='ltr'><strong>ln</strong></span> <span class='ocrx_word' id='word_1_865' title='bbox 1258 5732 1493 5788; x_wconf 88' lang='lat' dir='ltr'><strong>coneilio</strong></span> <span class='ocrx_word' id='word_1_866' title='bbox 1536 5730 1809 5803; x_wconf 75' lang='lat' dir='ltr'><strong>Epinesino</strong></span> <span class='ocrx_word' id='word_1_867' title='bbox 1851 5749 1978 5804; x_wconf 87' lang='lat' dir='ltr'><strong>par·</strong></span> 
     </span>
     <span class='ocr_line' id='line_1_111' title="bbox 397 5800 1978 5872; baseline 0.001 -16"><span class='ocrx_word' id='word_1_868' title='bbox 397 5810 453 5856; x_wconf 84' lang='lat' dir='ltr'><strong>tc</strong></span> <span class='ocrx_word' id='word_1_869' title='bbox 483 5816 544 5864; x_wconf 89' lang='grc' dir='ltr'><strong>ιι,</strong></span> <span class='ocrx_word' id='word_1_870' title='bbox 576 5810 682 5855; x_wconf 88' lang='lat' dir='ltr'><strong>act.</strong></span> <span class='ocrx_word' id='word_1_871' title='bbox 725 5801 779 5867; x_wconf 76' lang='lat'><strong>1,</strong></span> <span class='ocrx_word' id='word_1_872' title='bbox 808 5800 1184 5856; x_wconf 79' lang='lat' dir='ltr'><strong>candidianus</strong></span> <span class='ocrx_word' id='word_1_873' title='bbox 1216 5810 1443 5856; x_wconf 79' lang='lat' dir='ltr'><strong>vocatur</strong></span> <span class='ocrx_word' id='word_1_874' title='bbox 1474 5802 1667 5872; x_wconf 73' lang='grc' dir='ltr'><strong>Κύμης</strong></span> <span class='ocrx_word' id='word_1_875' title='bbox 1697 5802 1805 5858; x_wconf 79' lang='grc' dir='ltr'><strong>τῶν</strong></span> <span class='ocrx_word' id='word_1_876' title='bbox 1839 5805 1978 5858; x_wconf 83' lang='grc' dir='ltr'><strong>καθ-</strong></span> 
     </span>
     <span class='ocr_line' id='line_1_112' title="bbox 397 5870 1975 5945; baseline 0.002 -17"><span class='ocrx_word' id='word_1_877' title='bbox 397 5871 726 5941; x_wconf 69' lang='grc' dir='ltr'><strong>ωσιωμένων</strong></span> <span class='ocrx_word' id='word_1_878' title='bbox 774 5870 1107 5942; x_wconf 76' lang='grc' dir='ltr'><strong>δομεστίκων</strong></span> <span class='ocrx_word' id='word_1_879' title='bbox 1130 5909 1145 5938; x_wconf 88' lang='grc'><strong>,</strong></span> <span class='ocrx_word' id='word_1_880' title='bbox 1198 5878 1259 5926; x_wconf 83' lang='grc' dir='ltr'><strong>ιιι</strong></span> <span class='ocrx_word' id='word_1_881' title='bbox 1299 5878 1354 5926; x_wconf 91' lang='lat' dir='ltr'><strong>ct</strong></span> <span class='ocrx_word' id='word_1_882' title='bbox 1385 5871 1440 5927; x_wconf 88' lang='lat' dir='ltr'><strong>in</strong></span> <span class='ocrx_word' id='word_1_883' title='bbox 1479 5871 1727 5931; x_wconf 67' lang='lat' dir='ltr'><strong>Chaired.</strong></span> <span class='ocrx_word' id='word_1_884' title='bbox 1778 5881 1885 5929; x_wconf 79' lang='lat' dir='ltr'><strong>act.</strong></span> <span class='ocrx_word' id='word_1_885' title='bbox 1921 5875 1975 5945; x_wconf 71' lang='grc'><strong>1,</strong></span> 
     </span>
    </p>
   </div>
   <div class='ocr_carea' id='block_1_22' title="bbox 2079 4890 3675 5961">
    <p class='ocr_par' dir='ltr' id='par_1_23' title="bbox 2079 4890 3675 5961">
     <span class='ocr_line' id='line_1_113' title="bbox 2082 4890 3664 4964; baseline -0.003 -15"><span class='ocrx_word' id='word_1_886' title='bbox 2082 4910 2203 4949; x_wconf 86' lang='lat' dir='ltr'><strong>rum</strong></span> <span class='ocrx_word' id='word_1_887' title='bbox 2237 4894 2527 4964; x_wconf 82' lang='lat' dir='ltr'><strong>utrobique</strong></span> <span class='ocrx_word' id='word_1_888' title='bbox 2541 4892 2868 4957; x_wconf 86' lang='grc' dir='ltr'><strong>καθοσίωσις</strong></span> <span class='ocrx_word' id='word_1_889' title='bbox 2898 4892 3197 4961; x_wconf 69' lang='lat' dir='ltr'><strong>maiestatis</strong></span> <span class='ocrx_word' id='word_1_890' title='bbox 3217 4905 3423 4945; x_wconf 71' lang='lat' dir='ltr'><strong>crimen</strong></span> <span class='ocrx_word' id='word_1_891' title='bbox 3453 4890 3664 4960; x_wconf 74' lang='lat' dir='ltr'><strong>signifi-</strong></span> 
     </span>
     <span class='ocr_line' id='line_1_114' title="bbox 2080 4960 3659 5029; baseline -0.004 -9"><span class='ocrx_word' id='word_1_892' title='bbox 2080 4974 2191 5021; x_wconf 88' lang='lat' dir='ltr'><strong>cat.</strong></span> <span class='ocrx_word' id='word_1_893' title='bbox 2225 4964 2406 5020; x_wconf 84' lang='lat' dir='ltr'><strong>Closs.</strong></span> <span class='ocrx_word' id='word_1_894' title='bbox 2461 4964 2664 5021; x_wconf 83' lang='lat' dir='ltr'><strong>Vetus:</strong></span> <span class='ocrx_word' id='word_1_895' title='bbox 2722 4962 3096 5027; x_wconf 80' lang='grc' dir='ltr'><strong>Καθοσίωσις,</strong></span> <span class='ocrx_word' id='word_1_896' title='bbox 3144 4960 3383 5022; x_wconf 68' lang='lat' dir='ltr'><strong>Decetia,</strong></span> <span class='ocrx_word' id='word_1_897' title='bbox 3433 4960 3659 5029; x_wconf 75' lang='lat' dir='ltr'><strong>dicatio,</strong></span> 
     </span>
     <span class='ocr_line' id='line_1_115' title="bbox 2083 5029 3665 5105; baseline -0.001 -16"><span class='ocrx_word' id='word_1_898' title='bbox 2083 5035 2358 5105; x_wconf 69' lang='lat' dir='ltr'><strong>majestas.</strong></span> <span class='ocrx_word' id='word_1_899' title='bbox 2409 5032 2502 5089; x_wconf 83' lang='lat' dir='ltr'><strong>Sic</strong></span> <span class='ocrx_word' id='word_1_900' title='bbox 2530 5035 2586 5088; x_wconf 89' lang='lat' dir='ltr'><strong>in</strong></span> <span class='ocrx_word' id='word_1_901' title='bbox 2629 5034 2885 5089; x_wconf 76' lang='lat' dir='ltr'><strong>chalced.</strong></span> <span class='ocrx_word' id='word_1_902' title='bbox 2917 5048 3078 5088; x_wconf 87' lang='lat' dir='ltr'><strong>conc.</strong></span> <span class='ocrx_word' id='word_1_903' title='bbox 3123 5039 3231 5087; x_wconf 81' lang='lat' dir='ltr'><strong>act.</strong></span> <span class='ocrx_word' id='word_1_904' title='bbox 3281 5029 3336 5095; x_wconf 77' lang='lat'><strong>3,</strong></span> <span class='ocrx_word' id='word_1_905' title='bbox 3374 5030 3428 5083; x_wconf 92' lang='lat' dir='ltr'><strong>in</strong></span> <span class='ocrx_word' id='word_1_906' title='bbox 3480 5030 3665 5087; x_wconf 88' lang='lat' dir='ltr'><strong>libello</strong></span> 
     </span>
     <span class='ocr_line' id='line_1_116' title="bbox 2083 5100 3667 5175; baseline -0.002 -16"><span class='ocrx_word' id='word_1_907' title='bbox 2083 5104 2359 5161; x_wconf 77' lang='lat' dir='ltr'><strong>Theodori</strong></span> <span class='ocrx_word' id='word_1_908' title='bbox 2386 5103 2738 5159; x_wconf 81' lang='lat' dir='ltr'><strong>Alexandrini</strong></span> <span class='ocrx_word' id='word_1_909' title='bbox 2770 5104 3024 5159; x_wconf 69' lang='lat' dir='ltr'><strong>adversus</strong></span> <span class='ocrx_word' id='word_1_910' title='bbox 3053 5101 3368 5155; x_wconf 73' lang='lat' dir='ltr'><strong>mascarum</strong></span> <span class='ocrx_word' id='word_1_911' title='bbox 3387 5113 3407 5153; x_wconf 92' lang='lat'><strong>.·</strong></span> <span class='ocrx_word' id='word_1_912' title='bbox 3435 5100 3516 5154; x_wconf 86' lang='grc' dir='ltr'><strong>Τὰ</strong></span> <span class='ocrx_word' id='word_1_913' title='bbox 3553 5102 3667 5175; x_wconf 78' lang='grc' dir='ltr'><strong>γὰρ</strong></span> 
     </span>
     <span class='ocr_line' id='line_1_117' title="bbox 2082 5169 3664 5246; baseline -0.003 -16"><span class='ocrx_word' id='word_1_914' title='bbox 2082 5178 2164 5239; x_wconf 86' lang='grc' dir='ltr'><strong>είς</strong></span> <span class='ocrx_word' id='word_1_915' title='bbox 2205 5174 2376 5245; x_wconf 75' lang='grc' dir='ltr'><strong>αὐτὴν</strong></span> <span class='ocrx_word' id='word_1_916' title='bbox 2421 5174 2523 5246; x_wconf 80' lang='grc' dir='ltr'><strong>τὴν</strong></span> <span class='ocrx_word' id='word_1_917' title='bbox 2559 5173 2888 5228; x_wconf 88' lang='grc' dir='ltr'><strong>καθοσίωσιν</strong></span> <span class='ocrx_word' id='word_1_918' title='bbox 2927 5172 3056 5244; x_wconf 82' lang='grc' dir='ltr'><strong>παρ’</strong></span> <span class='ocrx_word' id='word_1_919' title='bbox 3102 5169 3267 5224; x_wconf 81' lang='grc' dir='ltr'><strong>αὐτοῦ</strong></span> <span class='ocrx_word' id='word_1_920' title='bbox 3318 5185 3664 5225; x_wconf 81' lang='grc' dir='ltr'><strong>κατασκευα-</strong></span> 
     </span>
     <span class='ocr_line' id='line_1_118' title="bbox 2084 5239 3664 5318; baseline -0.003 -18"><span class='ocrx_word' id='word_1_921' title='bbox 2084 5245 2302 5311; x_wconf 80' lang='grc' dir='ltr'><strong>σθέντα,</strong></span> <span class='ocrx_word' id='word_1_922' title='bbox 2328 5244 2399 5299; x_wconf 83' lang='grc' dir='ltr'><strong>τά</strong></span> <span class='ocrx_word' id='word_1_923' title='bbox 2445 5245 2810 5318; x_wconf 79' lang='grc' dir='ltr'><strong>πεπραγμένα</strong></span> <span class='ocrx_word' id='word_1_924' title='bbox 2842 5244 2936 5298; x_wconf 75' lang='grc' dir='ltr'><strong>ἐπὶ</strong></span> <span class='ocrx_word' id='word_1_925' title='bbox 2971 5240 3243 5312; x_wconf 83' lang='grc' dir='ltr'><strong>διαφόρων</strong></span> <span class='ocrx_word' id='word_1_926' title='bbox 3276 5239 3552 5310; x_wconf 84' lang='grc' dir='ltr'><strong>ἀρχόντων</strong></span> <span class='ocrx_word' id='word_1_927' title='bbox 3581 5242 3664 5297; x_wconf 70' lang='grc' dir='ltr'><strong>δι·</strong></span> 
     </span>
     <span class='ocr_line' id='line_1_119' title="bbox 2082 5312 3663 5388; baseline -0.002 -18"><span class='ocrx_word' id='word_1_928' title='bbox 2082 5316 2232 5381; x_wconf 80' lang='grc' dir='ltr'><strong>δάξει</strong></span> <span class='ocrx_word' id='word_1_929' title='bbox 2279 5314 2377 5387; x_wconf 83' lang='grc' dir='ltr'><strong>τὴν</strong></span> <span class='ocrx_word' id='word_1_930' title='bbox 2424 5315 2455 5369; x_wconf 82' lang='grc' dir='ltr'><strong>ὑ</strong></span> <span class='ocrx_word' id='word_1_931' title='bbox 2532 5317 2697 5388; x_wconf 81' lang='grc' dir='ltr'><strong>τέραν</strong></span> <span class='ocrx_word' id='word_1_932' title='bbox 2753 5313 3027 5383; x_wconf 83' lang='grc' dir='ltr'><strong>ὁσιότητα.</strong></span> <span class='ocrx_word' id='word_1_933' title='bbox 3085 5312 3226 5365; x_wconf 84' lang='lat' dir='ltr'><strong>idem</strong></span> <span class='ocrx_word' id='word_1_934' title='bbox 3277 5320 3332 5364; x_wconf 90' lang='lat' dir='ltr'><strong>et</strong></span> <span class='ocrx_word' id='word_1_935' title='bbox 3386 5314 3438 5364; x_wconf 89' lang='lat' dir='ltr'><strong>in</strong></span> <span class='ocrx_word' id='word_1_936' title='bbox 3480 5312 3663 5367; x_wconf 77' lang='lat' dir='ltr'><strong>libello</strong></span> 
     </span>
     <span class='ocr_line' id='line_1_120' title="bbox 2085 5378 3663 5457; baseline -0.003 -16"><span class='ocrx_word' id='word_1_937' title='bbox 2085 5385 2421 5457; x_wconf 76' lang='lat' dir='ltr'><strong>iscnyrionis</strong></span> <span class='ocrx_word' id='word_1_938' title='bbox 2487 5387 2661 5442; x_wconf 88' lang='lat' dir='ltr'><strong>iaconi</strong></span> <span class='ocrx_word' id='word_1_939' title='bbox 2695 5404 2708 5439; x_wconf 78' lang='grc' dir='ltr'><strong>ε</strong></span> <span class='ocrx_word' id='word_1_940' title='bbox 2745 5386 2867 5439; x_wconf 85' lang='grc' dir='ltr'><strong>Ὂτι</strong></span> <span class='ocrx_word' id='word_1_941' title='bbox 2898 5383 3007 5453; x_wconf 77' lang='grc' dir='ltr'><strong>γὰρ</strong></span> <span class='ocrx_word' id='word_1_942' title='bbox 3036 5380 3131 5435; x_wconf 73' lang='grc' dir='ltr'><strong>καὶ</strong></span> <span class='ocrx_word' id='word_1_943' title='bbox 3175 5382 3254 5444; x_wconf 85' lang='grc' dir='ltr'><strong>εἰς</strong></span> <span class='ocrx_word' id='word_1_944' title='bbox 3287 5378 3456 5453; x_wconf 70' lang='grc' dir='ltr'><strong>αὐτὴν</strong></span> <span class='ocrx_word' id='word_1_945' title='bbox 3499 5381 3663 5436; x_wconf 84' lang='grc' dir='ltr'><strong>καθο-</strong></span> 
     </span>
     <span class='ocr_line' id='line_1_121' title="bbox 2089 5450 3663 5529; baseline -0.003 -19"><span class='ocrx_word' id='word_1_946' title='bbox 2089 5457 2278 5510; x_wconf 92' lang='grc' dir='ltr'><strong>σίωσιν</strong></span> <span class='ocrx_word' id='word_1_947' title='bbox 2299 5456 2617 5529; x_wconf 85' lang='grc' dir='ltr'><strong>άμαρτῆσαι</strong></span> <span class='ocrx_word' id='word_1_948' title='bbox 2642 5455 2714 5509; x_wconf 78' lang='grc' dir='ltr'><strong>τὰ</strong></span> <span class='ocrx_word' id='word_1_949' title='bbox 2741 5455 2973 5526; x_wconf 76' lang='grc' dir='ltr'><strong>μέγιστα</strong></span> <span class='ocrx_word' id='word_1_950' title='bbox 3003 5452 3066 5506; x_wconf 85' lang='grc' dir='ltr'><strong>οὐ</strong></span> <span class='ocrx_word' id='word_1_951' title='bbox 3087 5450 3462 5525; x_wconf 78' lang='grc' dir='ltr'><strong>παρῃτήσατο.</strong></span> <span class='ocrx_word' id='word_1_952' title='bbox 3493 5451 3663 5509; x_wconf 82' lang='lat' dir='ltr'><strong>luter·</strong></span> 
     </span>
     <span class='ocr_line' id='line_1_122' title="bbox 2082 5519 3664 5599; baseline -0.002 -19"><span class='ocrx_word' id='word_1_953' title='bbox 2082 5543 2231 5599; x_wconf 80' lang='lat' dir='ltr'><strong>pres.</strong></span> <span class='ocrx_word' id='word_1_954' title='bbox 2259 5528 2604 5581; x_wconf 74' lang='lat' dir='ltr'><strong>devotionem.</strong></span> <span class='ocrx_word' id='word_1_955' title='bbox 2632 5525 2824 5581; x_wconf 76' lang='lat' dir='ltr'><strong>Melius</strong></span> <span class='ocrx_word' id='word_1_956' title='bbox 2846 5523 3072 5579; x_wconf 88' lang='lat' dir='ltr'><strong>omnino</strong></span> <span class='ocrx_word' id='word_1_957' title='bbox 3099 5524 3452 5590; x_wconf 62' lang='lat' dir='ltr'><strong>”najestatem</strong></span> <span class='ocrx_word' id='word_1_958' title='bbox 3488 5519 3664 5577; x_wconf 73' lang='lat' dir='ltr'><strong>&#39;rucu-</strong></span> 
     </span>
     <span class='ocr_line' id='line_1_123' title="bbox 2079 5590 3662 5663; baseline -0.004 -10"><span class='ocrx_word' id='word_1_959' title='bbox 2079 5599 2305 5653; x_wconf 83' lang='lat' dir='ltr'><strong>doretus</strong></span> <span class='ocrx_word' id='word_1_960' title='bbox 2336 5597 2391 5649; x_wconf 89' lang='lat' dir='ltr'><strong>in</strong></span> <span class='ocrx_word' id='word_1_961' title='bbox 2420 5602 2717 5651; x_wconf 89' lang='lat' dir='ltr'><strong>comment.</strong></span> <span class='ocrx_word' id='word_1_962' title='bbox 2758 5595 2813 5650; x_wconf 84' lang='lat' dir='ltr'><strong>in</strong></span> <span class='ocrx_word' id='word_1_963' title='bbox 2843 5591 3138 5657; x_wconf 80' lang='lat' dir='ltr'><strong>Danielem,</strong></span> <span class='ocrx_word' id='word_1_964' title='bbox 3171 5606 3294 5663; x_wconf 87' lang='lat' dir='ltr'><strong>cap.</strong></span> <span class='ocrx_word' id='word_1_965' title='bbox 3334 5607 3407 5655; x_wconf 77' lang='lat' dir='ltr'><strong>vi,</strong></span> <span class='ocrx_word' id='word_1_966' title='bbox 3449 5594 3516 5645; x_wconf 86' lang='lat' dir='ltr'><strong>ad</strong></span> <span class='ocrx_word' id='word_1_967' title='bbox 3543 5590 3662 5647; x_wconf 82' lang='lat' dir='ltr'><strong>baee</strong></span> 
     </span>
     <span class='ocr_line' id='line_1_124' title="bbox 2079 5660 3662 5732; baseline -0.003 -10"><span class='ocrx_word' id='word_1_968' title='bbox 2079 5666 2244 5722; x_wconf 73' lang='lat' dir='ltr'><strong>verba</strong></span> <span class='ocrx_word' id='word_1_969' title='bbox 2275 5679 2419 5722; x_wconf 87' lang='lat' dir='ltr'><strong>com.</strong></span> <span class='ocrx_word' id='word_1_970' title='bbox 2461 5665 2517 5731; x_wconf 78' lang='lat' dir='ltr'><strong>t,</strong></span> <span class='ocrx_word' id='word_1_971' title='bbox 2541 5665 2856 5732; x_wconf 71' lang='lat' dir='ltr'><strong>Quoerebwt</strong></span> <span class='ocrx_word' id='word_1_972' title='bbox 2879 5664 3227 5728; x_wconf 71' lang='lat' dir='ltr'><strong>occasionem,</strong></span> <span class='ocrx_word' id='word_1_973' title='bbox 3261 5669 3369 5717; x_wconf 90' lang='lat' dir='ltr'><strong>etc.</strong></span> <span class='ocrx_word' id='word_1_974' title='bbox 3401 5660 3662 5717; x_wconf 69' lang='grc' dir='ltr'><strong>Τουτίστι</strong></span> 
     </span>
     <span class='ocr_line' id='line_1_125' title="bbox 2086 5728 3660 5811; baseline -0.005 -21"><span class='ocrx_word' id='word_1_975' title='bbox 2086 5736 2264 5791; x_wconf 82' lang='grc' dir='ltr'><strong>πάντα</strong></span> <span class='ocrx_word' id='word_1_976' title='bbox 2284 5735 2769 5807; x_wconf 69' lang='grc' dir='ltr'><strong>ὲπραγματειξοντο</strong></span> <span class='ocrx_word' id='word_1_977' title='bbox 2791 5736 2872 5799; x_wconf 83' lang='grc' dir='ltr'><strong>είς</strong></span> <span class='ocrx_word' id='word_1_978' title='bbox 2892 5735 3017 5799; x_wconf 73' lang='grc' dir='ltr'><strong>τοὺς</strong></span> <span class='ocrx_word' id='word_1_979' title='bbox 3038 5732 3139 5805; x_wconf 79' lang='grc' dir='ltr'><strong>τῆς</strong></span> <span class='ocrx_word' id='word_1_980' title='bbox 3168 5730 3442 5803; x_wconf 77' lang='grc' dir='ltr'><strong>βασιλείας</strong></span> <span class='ocrx_word' id='word_1_981' title='bbox 3460 5728 3660 5811; x_wconf 57' lang='grc' dir='ltr'><strong>νόμους</strong></span> 
     </span>
     <span class='ocr_line' id='line_1_126' title="bbox 2083 5796 3661 5877; baseline -0.004 -16"><span class='ocrx_word' id='word_1_982' title='bbox 2083 5804 2508 5877; x_wconf 83' lang='grc' dir='ltr'><strong>πλημμελοῦντα</strong></span> <span class='ocrx_word' id='word_1_983' title='bbox 2534 5803 2699 5859; x_wconf 81' lang='grc' dir='ltr'><strong>αὐτὸν</strong></span> <span class='ocrx_word' id='word_1_984' title='bbox 2726 5804 2908 5877; x_wconf 79' lang='grc' dir='ltr'><strong>εὑρεῖν</strong></span> <span class='ocrx_word' id='word_1_985' title='bbox 2931 5805 2959 5858; x_wconf 79' lang='grc' dir='ltr'><strong>ὲ</strong></span> <span class='ocrx_word' id='word_1_986' title='bbox 3002 5803 3230 5875; x_wconf 81' lang='grc' dir='ltr'><strong>είμενοι,</strong></span> <span class='ocrx_word' id='word_1_987' title='bbox 3259 5799 3414 5854; x_wconf 73' lang='grc' dir='ltr'><strong>αὐτοὶ</strong></span> <span class='ocrx_word' id='word_1_988' title='bbox 3439 5814 3535 5853; x_wconf 85' lang='grc' dir='ltr'><strong>του</strong></span> <span class='ocrx_word' id='word_1_989' title='bbox 3558 5796 3661 5863; x_wconf 76' lang='grc' dir='ltr'><strong>τὴν</strong></span> 
     </span>
     <span class='ocr_line' id='line_1_127' title="bbox 2083 5865 3675 5961; baseline -0.005 -27"><span class='ocrx_word' id='word_1_990' title='bbox 2083 5875 2423 5949; x_wconf 79' lang='grc' dir='ltr'><strong>καλουμένην</strong></span> <span class='ocrx_word' id='word_1_991' title='bbox 2483 5873 2808 5932; x_wconf 79' lang='grc' dir='ltr'><strong>καθοσίωσιν</strong></span> <span class='ocrx_word' id='word_1_992' title='bbox 2860 5873 2961 5929; x_wconf 69' lang='grc' dir='ltr'><strong>πλε</strong></span> <span class='ocrx_word' id='word_1_993' title='bbox 2998 5891 3055 5929; x_wconf 83' lang='grc' dir='ltr'><strong>αι</strong></span> <span class='ocrx_word' id='word_1_994' title='bbox 3102 5870 3252 5942; x_wconf 82' lang='grc' dir='ltr'><strong>αὐτῷ</strong></span> <span class='ocrx_word' id='word_1_995' title='bbox 3306 5865 3619 5942; x_wconf 70' lang='grc' dir='ltr'><strong>βουλόμενοι</strong></span> <span class='ocrx_word' id='word_1_996' title='bbox 3634 5880 3675 5961; x_wconf 38' lang='lat'><strong>⁸⁴</strong></span> 
     </span>
    </p>
   </div>
  </div>
 </body>
</html>
