3850 6517
407 448 511 514 ΠΒ

1831 460 1892 519 S.
1936 459 2284 518 EPtPnANu

3573 469 3685 526 ⁴³16

402 574 715 639 verioribus,
749 581 806 629 ut
848 575 1120 646 scriptum
1153 584 1238 634 cst
1263 580 1337 642 ²⁶,
1383 575 1719 647 descendam)
1745 595 1759 632 z
1790 578 1865 633 ita
1900 592 2003 633 nos
2029 583 2076 638 Α
2103 577 2239 630 ὅλων
2266 575 2422 644 ἅγιον
2456 576 2732 649 Δεσπότην
2776 576 3157 635 ἀντιλαὸέσθαι
3202 581 3300 650 τῆς
3331 579 3490 652 ἡμῶν
3537 599 3685 637 πτω-

404 684 586 723 rerum
638 668 881 722 omnium
931 669 1332 725 moderatorem
1385 684 1450 723 ac
1492 667 1781 725 Dominum
1834 685 1992 741 roga-

403 777 543 826 mus,
577 769 634 814 ut
664 760 855 816 adesse
886 761 1138 816 tenuitati
1182 768 1383 817 nostrae
1428 760 1597 828 velit,
1629 776 1696 816 ac
1736 769 1988 817 sanctum

401 853 560 908 nobis
593 851 857 923 Spiritum
889 853 1219 917 immittere·;
1251 867 1320 907 ne
1347 850 1478 922 quid
1513 853 1762 923 injopere
1786 866 1991 924 propo·

401 944 507 996 sito
527 942 868 998 contexendo
903 940 1102 996 salsum
1126 951 1181 997 ει
1215 928 1587 997 adulterinum
1629 942 1988 998 misceamus.

399 1034 569 1101 Quem
618 1050 719 1089 nos
766 1033 1482 1104 Spiritum2itnbecillitatis
1522 1040 1726 1090 nostrae
1757 1035 1987 1099 conscii,

401 1142 499 1198 pro
535 1126 656 1185 filei
690 1127 854 1183 modo
885 1122 951 1181 a'c
983 1126 1198 1191 ratione
1230 1125 1423 1183 donari
1456 1125 1620 1182 nobis
1661 1137 1993 1199 magnopere

397 1235 711 1291 precamur.

469 1309 533 1364 n.
557 1309 824 1365 Caetcrum
848 1308 940 1381 qui
968 1308 1084 1365 hacc
1112 1316 1301 1366 nostra
1325 1308 1712 1380 cujuscunque
1739 1308 1991 1381 quaestio·

397 1403 486 1458 nis
521 1402 698 1473 gratia
723 1403 923 1473 legent,
962 1400 1017 1457 id
1044 1409 1171 1458 ante
1198 1399 1390 1458 oculos
1419 1401 1655 1458 habeant
1681 1402 1988 1471 velim‚pro

396 1503 706 1563 temporum
739 1493 1207 1567 occasionumque
1249 1493 1407 1565 copia
1448 1489 1672 1549 inventa
1714 1494 1830 1549 haec
1864 1507 1988 1550 esse

395 1596 425 1634 a
468 1581 628 1637 nobis
667 1581 1252 1653 omnia,·quaecunque
1278 1597 1394 1652 pro,
1417 1583 1586 1655 hujus
1615 1581 1877 1654 ingenioli
1905 1580 1987 1637 l'a·

394 1673 601 1729 cultatc
635 1673 966 1746 investigare
992 1675 1313 1745 potuimus;
1368 1691 1550 1748 neque
1594 1674 1838 1731 omnium
1864 1669 2012 1745 quae'

393 1765 449 1818 in
487 1764 690 1821 mundo
720 1774 848 1821 sunt
879 1765 1260 1823 tractationem
1290 1767 1396 1822 hoc
1431 1767 1487 1822 in
1512 1781 1685 1838 opere
1717 1765 1981 1837 proliteri.

391 1855 525 1910 Nam
546 1871 723 1928 neque
745 1858 1057 1927 percenseri
1088 1857 1342 1924 dicendo,
1373 1873 1551 1930 neque
1573 1873 1803 1914 numero
1831 1874 1983 1913 com-

2093 665 2269 736 χείας,
2316 667 2413 719 καὶ
2460 665 2766 737 ἐμπνεῦσαι
2804 667 2865 721 τὸ
2912 669 3067 737 ἅγιον
3111 669 3276 723 αὑτοῦ
3325 670 3569 743 Πνεῦμα,
3604 675 3685 736 εἰς

2091 755 2153 809 τὸ
2188 754 2358 828 μηδὲν
2391 756 2916 828 παραπεποιημένον
2948 760 3029 822 είς
3069 758 3168 829 τὴν
3212 759 3317 830 τῆς
3347 762 3684 830 ἐπαγγελίας

2067 847 2313 919 ’γραφὴν
2360 845 2638 911 συντάξαι.
2675 848 2785 901 Καὶ
2818 847 2951 901 αὐτὸ
2983 848 3143 903 τοῦτο
3179 851 3553 924 αἰτησάμενοι,
3582 852 3682 923 τῆν

2078 934 2300 991 ’ἑαυτῶν
2348 937 2712 1009 ἀνικανότητα
2747 937 3130 1009 γινώσκοντες,
3166 942 3309 997 κατὰ
3351 941 3549 1014 μέτρον
3581 946 3681 1014 της

2090 1029 2330 1093 πίστεως
2394 1030 2489 1085 καὶ
2530 1031 2674 1085 κατὰ
2704 1030 2994 1102 ἀναλογίαν
3023 1032 3371 1105 δωρήσασθαι
3401 1035 3492 1088 τὸν
3517 1032 3681 1088 αὐτὸν

2091 1120 2222 1193 ἡμῖν
2245 1119 2688 1193 παρακαλοῦμεν.

2159 1302 2236 1358 B'.
2281 1293 2465 1357 Ἔστω
2514 1301 2572 1357 δὲ
2617 1303 2647 1355 ὁ
2695 1290 2897 1365 σκοπὸς
2951 1303 3117 1356 παντὶ
3167 1302 3245 1373 τῷ
3294 1304 3676 1374 ἐντυγχάνοντι

2077 1394 2220 1470 ’περὶ
2263 1387 2472 1459 ’παντὸς
2503 1389 2613 1448 ’τοῦ
2663 1390 2997 1466 ζητήματος,
3025 1393 3117 1458 ’ὡς
3163 1394 3269 1447 τῶν
3299 1393 3512 1465 καιρῶν
3560 1394 3678 1447 ἐστι

2088 1490 2185 1544 καὶ
2227 1489 2434 1561 χρόνων
2464 1486 2535 1542 τὰ
2578 1487 2968 1570 ὑφευρήματα,
3010 1487 3113 1540 ὅσα
3146 1486 3384 1560 ἠδυνήθη
3417 1488 3446 1540 ὁ
3482 1485 3678 1557 μικρὸς

2087 1580 2244 1655 ἡμῶν
2276 1579 2400 1645 νοῦς
2450 1577 2774 1650 ἐξασκηθεὶς
2806 1571 3232 1634 καταλαόέσθαι.
3270 1574 3382 1632 Καὶ
3428 1577 3489 1631 οὐ
3540 1577 3677 1631 πάν-

2085 1691 2196 1739 τως
2239 1690 2342 1727 που
2366 1666 2819 1742 ἐπαγγελλόμεθα
2862 1671 3077 1725 πάντων
3107 1671 3216 1725 τῶν
3248 1672 3305 1724 ἐν
3349 1669 3426 1741 τῷ
3459 1669 3672 1740 κόσμῳ.

2089 1766 2309 1834 Ἀφατα
2356 1765 2466 1835 γάρ
2508 1764 2625 1819 ἐστι
2656 1761 2751 1815 καὶ
2786 1762 2930 1831 φατὰ
2964 1763 3041 1833 (l)
3062 1804 3077 1827 ‚
3115 1762 3371 1835 ἀμύθητά
3404 1777 3466 1816 4τε
3491 1761 3585 1814 καὶ
3606 1763 3674 1816 ἐν

2084 1856 2303 1929 ἀριθμῷ
2339 1856 2416 1928 μὴ
2467 1853 2865 1925 καθιστάμενα,
2905 1854 3001 1909 καὶ
3040 1855 3164 1908 ὅσον
3197 1856 3296 1926 μὲν
3334 1855 3415 1918 εἰς
3462 1852 3675 1927 ἀνθρώ-

391 1948 652 2018 prehendi
708 1957 941 2019 possunt
976 1965 992 2014 ;
1040 1955 1206 2020 atque
1255 1956 1314 2005 ut
1369 1949 1737 2005 humanarum
1777 1949 1977 2005 virium
2009 1969 2052 2024 B
2081 1967 2216 2016 πους
2245 1944 2383 2022 ἧκεν
2406 1947 2693 2018 ἀνέφικτα,
2732 1946 2880 2018 μόνῳ
2912 1943 2970 2000 δὲ
3012 1945 3089 2017 τῷ
3118 1945 3227 1999 τῶν
3254 1945 3392 2000 ὅλων
3422 1944 3675 2016 Δεσπότῃ

392 2049 616 2112 captum
649 2048 1018 2110 exsuperant:
1057 2041 1132 2094 ita
1157 2040 1257 2095 soli
1302 2041 1547 2096 omnium
1599 2039 1834 2097 Domino
1859 2055 1983 2112 per-

392 2139 578 2203 ..pecta
601 2139 752 2195 sunt,
784 2137 840 2185 et
863 2130 1103 2202 cognita.
1130 2130 1233 2186 Sed
1261 2146 1326 2187 ea
1356 2131 1575 2187 demum
1610 2132 1848 2188 instituti
1883 2148 1986 2186 no·

392 2223 491 2277 stri
523 2222 666 2276 ratio
696 2229 803 2288 est,
849 2230 910 2277 ut
945 2221 1234 2293 opiniones
1291 2223 1738 2295 cognitione-sque
1777 2225 1979 2289 varias,

390 2328 455 2367 ac
491 2321 601 2366 tam
655 2311 778 2366 lidei
819 2326 984 2383 quam
1012 2312 1351 2372 inlidelitatis
1382 2314 1777 2386 processiones,
1808 2317 1981 2375 haere·

390 2414 480 2455 scs
502 2399 631 2454 item
661 2412 725 2454 ac
768 2414 939 2469 prava
972 2399 1226 2473 dogmata
1255 2405 1612 2477 complectar,
1643 2420 1767 2477 qum
1789 2420 1984 2463 errore

389 2491 752 2545 circumventi
789 2490 1044 2548 homines
1079 2500 1195 2550 loto
1241 2495 1376 2552 orbe
1402 2496 1869 2565 disseminaruut;
1912 2514 1982 2554 ex

387 2599 498 2654 quo
526 2585 760 2658 primum
794 2583 1093 2641 humanum
1125 2603 1301 2659 genus
1323 2588 1380 2644 in
1405 2599 1549 2645 terra
1583 2590 1865 2646 conditum
1895 2599 1983 2647 est

389 2674 456 2730 ad
489 2676 809 2732 hodiernum
859 2693 1037 2749 usque
1064 2685 1303 2750 tempus,
1346 2683 1441 2752 qui
1472 2691 1558 2738 est
1610 2680 1978 2738 Valentiniani

385 2777 442 2824 et
473 2765 717 2824 Valentis
739 2783 920 2825 annus
948 2784 1035 2834 xi,
1064 2767 1311 2827 Gratiani
1344 2788 1442 2829 vu.
1489 2773 1672 2844 Atque
1723 2774 1814 2829 illa
1851 2774 1981 2846 qui-

388 2859 533 2924 dem,
567 2864 690 2932 quae
715 2858 784 2914 de
811 2858 1136 2927 haeresibus,
1175 2869 1273 2916 aut
1302 2861 1496 2919 baeresi
1520 2862 1676 2919 omni
1727 2864 1983 2934 superio-

386 2949 542 3005 ribus
569 2950 833 3005 institutis
866 2950 1172 3016 disserere,
1227 2967 1294 3008 ac
1326 2952 1634 3034 lectoribus
1669 2969 1981 3026 proponere

387 3037 767 3107 aggredimur,
797 3048 925 3094 sunt
970 3054 1002 3093 a
1046 3040 1207 3096 nobis
1252 3041 1454 3112 partim
1507 3040 1762 3097 doctrina
1795 3056 1862 3098 ac
1900 3043 1981 3100 le-

384 3131 566 3185 ctione
598 3129 839 3202 cognita,
871 3131 1072 3203 partim
1121 3130 1404 3188 auditione
1449 3143 1707 3205 percepta
1729 3174 1745 3201 ‚
1776 3134 1976 3205 partim

383 3221 547 3275 ctiam
582 3221 808 3278 auribus
843 3221 1016 3292 ipsis,
1073 3224 1356 3296 oculisque
1402 3224 1671 3294 subiecta.
1722 3226 1809 3281 Ad
1862 3227 1977 3282 hoec

2083 2041 2479 2112 γινωσκόμενα.
2518 2038 2592 2092 Τὸ
2634 2036 2691 2091 δὲ
2726 2037 3052 2109 ἐπάγγελμα
3098 2036 3211 2110 ἔχει
3250 2038 3378 2109 περ).
3408 2037 3674 2109 διαφορᾶς

2082 2131 2249 2199 δοξῶν
2295 2147 2354 2184 τε
2389 2130 2481 2185 καὶ
2524 2127 2801 2199 γνώσεων,
2849 2128 3281 2200 ἐπαγγελμάτων
3322 2145 3382 2182 τε
3434 2128 3673 2192 πίστεως

2083 2224 2149 2278 ἐκ
2192 2221 2326 2276 Θεοῦ
2373 2222 2468 2276 καὶ
2515 2220 2797 2285 ἀπιστίας,
2844 2217 3107 2292 αἱρέσεών
3140 2237 3198 2273 τε
3242 2221 3337 2274 καὶ
3375 2217 3671 2284 κακοδόξοο

2080 2313 2309 2386 γνώμης
2348 2311 2699 2385 ἀνθρωπείας
2731 2311 2838 2365 ὑπὸ
2886 2311 3321 2383 πεπλανημένων
3366 2311 3574 2383 ἀνδρῶν
3609 2311 3671 2365 ἐν

2081 2406 2273 2479 κόσμῳ
2314 2404 2687 2477 ἐσπαρμένης,
2747 2401 2897 2468 ἐξότε
2945 2403 3229 2476 ἄνθρωπος
3279 2406 3372 2458 ἐπὶ
3416 2405 3523 2476 γῆς
3573 2403 3665 2457 2:5-

2082 2497 2339 2562 πλασται,
2371 2497 2500 2569 ἀχρι
2526 2495 2622 2550 τοῦ
2648 2496 2917 2569 ἡμετέρου
2965 2496 3179 2569 χρόνου,
3231 2496 3479 2551 τουτέστι
3517 2494 3687 2566 fluct-²

2088 2588 2239 2653 λείας
2281 2586 2733 2643 υύαλεντινιανοῦ
2783 2587 2879 2640 καὶ
2926 2587 3225 2652 υὺάλεντος
3277 2587 3353 2659 (2)
3383 2587 3668 2644 ἑνδεκάτου

2080 2677 2256 2744 ἔτους,
2290 2675 2387 2731 καὶ
2409 2675 2729 2747 Γρατιανοῦ.
2754 2675 2874 2729 Τῶν
2894 2676 2949 2729 δὲ
2966 2675 3053 2745 ὑφ’
3080 2676 3239 2747 ἡμῶν
3264 2675 3564 2748 μελλόντων
3589 2677 3671 2740 εἰς

2079 2767 2282 2840 γνῶσιν
2314 2766 2424 2823 τῶν
2469 2765 2906 2838 ἐντυγχανόντων
2954 2767 3111 2838 ἥκειν
3153 2766 3417 2838 αἱρέσεων
3467 2782 3523 2816 τε
3574 2767 3673 2818 καὶ

2078 2859 2188 2915 τῶν
2218 2858 2480 2915 ἀνωτάτω
2502 2856 2593 2912 ’τά
2639 2856 2740 2929 μὲν
2780 2857 2846 2912 ἐκ
2876 2857 3229 2928 φιλομαθείας
3272 2854 3449 2924 ἴσμεν,
3500 2853 3570 2906 τὰ
3604 2853 3668 2906 δὲ

2080 2950 2141 3016 ἐξ
2167 2951 2338 3020 ἀκοῆς
2374 2949 2803 3021 κατειλήφαμεν,
2835 2952 2946 3014 τοῖς
2982 2949 3038 3001 δέ
3063 2963 3203 3001 τισιν
3251 2945 3401 3010 ἰδίοις
3431 2945 3537 2998 ὠσὶ
3569 2947 3670 3000 καὶ

2077 3040 2382 3112 ὀφθαλμοῖς
2412 3040 2812 3112 παρετύχομεν.
2849 3041 2959 3094 Καὶ
2979 3038 3088 3092 τῶν
3126 3037 3224 3108 μὲν
3258 3037 3357 3102 τὰς
3390 3037 3546 3110 ῥίζας
3571 3037 3671 3093 καὶ

2077 3134 2147 3188 τά
2196 3134 2506 3205 διδάγματα
2557 3134 2617 3201 ἐξ
2671 3132 2933 3203 ἀκριὸοῦς
2988 3129 3320 3199 ἐπαγγελίας
3371 3129 3671 3185 ἀποδοῦναι

2080 3224 2551 3296 πεπιστεύκαμεν,
2578 3222 2688 3277 τῶν
2720 3220 2779 3276 δέ
2811 3221 2975 3294 μέρος
3013 3239 3066 3275 τι
3103 3220 3212 3274 τῶν
3248 3221 3343 3275 ἀπ’
3374 3220 3544 3292 αὐτῆς
3574 3237 3671 3290 γι-

383 3314 772 3368 nonnullarum
806 3321 1081 3371 sectarum
1123 3318 1402 3390 origineS,
1459 3335 1585 3376 cuin
1622 3321 1975 3394 dogmatibus
2002 3332 2043 3390 c
2078 3317 2341 3387 νομένων.
2406 3314 2496 3382 Ἐξ
2544 3306 2619 3368 ὧν
2666 3312 2825 3366 τοῦτο
2859 3313 2959 3384 μὲν
2986 3311 3073 3365 διὰ
3118 3310 3511 3382 συνταγμάτων
3556 3326 3671 3365 πα-

382 3403 542 3472 ipsis,
570 3411 826 3459 accurate
840 3404 915 3459 ita
938 3406 1013 3461 uti
1040 3406 1274 3478 professi
1304 3424 1520 3476 sumus,
1547 3411 1850 3468 tradituros
1867 3426 1967 3469 nos

379 3495 508 3550 csse
555 3495 886 3553 confidimus
917 3497 1024 3553 εἰη
1079 3499 1203 3556 aliis
1242 3509 1452 3571 partem
1483 3516 1673 3558 eorum
1705 3503 1970 3560 duntaxat

381 3586 745 3657 attingemus,
779 3602 901 3658 quae
936 3589 1004 3644 ab
1033 3589 1144 3646 illis
1189 3590 1324 3661 ipsis
1362 3601 1552 3648 exorta
1597 3601 1763 3662 sunt;
1794 3610 1971 3665 quan-

382 3685 499 3733 tum
523 3677 744 3749 quidem
775 3681 946 3736 velex
981 3681 1337 3750 monimentis
1368 3690 1638 3751 veterum,
1664 3687 1748 3742 vel
1773 3685 1970 3743 ex'ho-

380 3771 588 3827 minum
624 3773 943 3831 narratione
988 3773 1081 3846 qui
1116 3775 1494 3846 plenissimam
1524 3777 1966 3837 nobis'lldemle-

379 3863 901 3937 cerant,3baurire
930 3865 1228 3938 potuimus.
1260 3866 1367 3924 Sed
1398 3869 1453 3924 in
1470 3884 1589 3925 eam
1623 3878 1793 3927 totam
1817 3871 1973 3928 lucu-

378 3952 685 4010 brationem
718 3955 801 4011 sic
852 3955 1225 4023 incubuimus,
1269 3972 1380 4013 non
1431 3966 1493 4015 ut
1525 3975 1624 4033 per
1670 3977 1772 4018 nos
1819 3964 1971 4035 ipsos

379 4048 575 4112 sponte
597 4057 1031 4115 capessercmus,
1059 4052 1155 4100 ant
1182 4046 1238 4101 in
1264 4061 1328 4103 ea
1356 4063 1460 4104 nos
1490 4057 1814 4121 argumenta
1841 4065 1969 4122 per-

377 4144 567 4202 peram
615 4132 1067 4201 immitteremus,
1098 4151 1220 4207 quoe
1250 4137 1450 4193 virium
1500 4146 1815 4195 nostrarum
1853 4141 1973 4198 exi-

378 4224 643 4294 guitatem
677 4234 942 4297 superant
975 4245 990 4280 ι
1018 4241 1197 4298 neque
1232 4229 1379 4285 enim
1410 4228 1631 4286 aliunde
1657 4231 1970 4302 opusillnd,

380 4312 529 4385 quod
566 4326 677 4385 prae
706 4317 960 4372 manibus
985 4324 1089 4382 est,
1120 4319 1366 4390 aggressi
1393 4334 1607 4385 sumus,
1629 4334 1794 4390 quam
1825 4322 1971 4392 quod

376 4402 594 4463 'volente
621 4405 731 4463 Deo
764 4407 931 4464 variis
961 4409 1099 4465 locis
1138 4422 1202 4464 ac
1233 4409 1573 4481 temporibus
1598 4418 1789 4467 nostra
1817 4410 1885 4466 ad
1916 4412 1972 4468 id

377 4494 645 4567 agendum
675 4497 974 4553 sollicitata
1011 4511 1043 4551 a
1081 4499 1421 4570 sapientibus
1448 4500 1582 4556 viris
1622 4500 1972 4559 imbecillitas

377 4598 462 4647 est
487 4630 502 4655 ,
543 4589 654 4646 imo
710 4589 874 4647 etiam
933 4593 1329 4664 propemodum
1387 4603 1604 4651 coacta.
1650 4594 1904 4664 Quorum
1941 4613 1973 4654 ε

446 4747 490 4780 ⁴·
518 4746 633 4802 lae.
661 4761 747 4814 ιιι,
784 4748 869 4803 15.
967 4749 991 4781 ⁶
1019 4745 1180 4806 Forte
1205 4749 1396 4806 ἄλλων.

2071 3407 2239 3462 λαιῶν
2293 3406 2681 3479 συγγραφέων,
2738 3403 2898 3458 τοῦτο
2940 3404 3000 3458 δὲ
3037 3404 3103 3458 δι’
3145 3406 3316 3476 ἀκοῆς
3363 3401 3689 3475 ἀνθρώπων·

2071 3498 2317 3573 ἀκριῦῶς
2351 3498 2784 3568 πιστωσαμένων
2823 3496 2920 3569 τὴν
2952 3496 3110 3569 ἡμῶν
3149 3497 3358 3552 ἔννοιαν
3380 3494 3664 3569 ἔγνωμεν·

2067 3593 2226 3647 τοῦτο
2272 3591 2333 3645 ’δέ
2383 3591 2445 3645 τὸ
2490 3592 2600 3646 πᾶν
2660 3589 3046 3662 συνηγάγομεν
3100 3589 3430 3660 φρόντισμα,
3473 3589 3536 3644 οὐ
3591 3586 3663 3642 δι’

2071 3681 2284 3738 ἑαυτῶν
2338 3682 2785 3754 ἐπιὸαλλόμενοι,
2829 3681 2930 3735 οὐκ
2976 3681 3390 3752 ἐπεντριδέντες
3425 3682 3663 3753 ἐπάγῃ·

2069 3774 2215 3838 λίαις
2260 3772 2719 3846 ὗπερόαινούσαις
2767 3773 2865 3844 τὴν
2902 3769 3062 3843 ἡμῶν
3114 3770 3500 3844 βραχυλογίαν.
3550 3771 3663 3827 Καὶ

2071 3865 2182 3938 γάρ
2225 3867 2321 3920 καὶ
2352 3865 2514 3921 αὐτὸν
2541 3866 2730 3921 τοῦτον
2756 3867 2848 3921 τὸν
2879 3867 3057 3936 λόγον,
3100 3867 3159 3921 ὃν
3200 3867 3473 3922 συνθεῖναι
3504 3866 3661 3938 ηὐδο-

2060 3959 2322 4028 κήσαμεν
2361 3958 2509 4012 ’Θεοῦ
2559 3958 2808 4032 βουλήσει
2855 3958 2917 4025 ἐξ
2962 3958 3173 4032 ἀνδριῖιν
3212 3958 3537 4030 φιλοσὸφων,
3565 3959 3661 4014 άλ-

2072 4046 2188 4101 λοθι
2275 4047 2494 4115 ἄλλως*
2512 4089 2529 4116 ,
2605 4048 2701 4104 καὶ
2752 4048 2943 4105 ἄλλοτε
2992 4049 3169 4115 ἄλλως
3213 4049 3489 4116 νυξάντων
3557 4048 3660 4121 τὴν

2069 4142 2233 4212 ὴμῶν
2268 4139 2583 4204 ἀσθένειαν,
2637 4141 2733 4196 καὶ
2758 4141 3103 4213 βιασαμένων
3135 4143 3304 4212 ἡμᾶς,
3335 4141 3420 4204 ὡς
3458 4143 3656 4206 εἰπεῖν,

2074 4228 2363 4301 παρελθεῐν
2392 4231 2472 4294 είς
2513 4230 2691 4296 τοῦτο,
2722 4232 2798 4297 ὡς
2835 4232 2869 4303 ἠ
2902 4231 3057 4302 ὑμῶν
3085 4232 3337 4304 τιμιότης
3360 4232 3655 4301 γράφουσα

2072 4320 2162 4375 διά
2214 4321 2571 4393 προφητικῶν
2628 4324 2650 4356 ⁸
2697 4325 3043 4396 γραμμάτων
3089 4325 3311 4397 ᾔτησεν,
3373 4318 3418 4378 ὦ
3460 4324 3659 4397 τιμιώ-

2070 4412 2225 4468 τατοί
2261 4431 2364 4486 μου
2410 4415 2631 4484 ἀδελφοὶ
2681 4415 2776 4470 καὶ
2828 4416 3238 4486 φιλοκαλότατοι
3281 4417 3504 4473 Ἀκάκιε
3563 4420 3659 4474 καὶ

2076 4506 2256 4561 Παῦλε
2306 4508 2803 4581 συμπρεσὸύτεροι.
2862 4510 3016 4563 Ἐπεὶ
3053 4505 3146 4564 οὖν
3165 4509 3513 4581 ’πανταχόθεν
3554 4512 3655 4565 οὐκ

2072 4598 2224 4655 ἀθεεὶ
2237 4599 2506 4677 διασκοπή
2513 4615 2711 4665 σαντας
2729 4601 3029 4673 (3)·ψήφους
3049 4601 3156 4657 τῶν
3170 4603 3439 4674 αἰτήσεων
3453 4602 3545 4659 διὰ
3552 4603 3655 4676 τὴν

1514 4751 1541 4784 ⁸
1566 4750 1633 4808 L.
1666 4755 2153 4826 προσφωνητικῶν.

445 4905 521 4978 (l)
547 4906 780 4975 Ἀφατα
801 4903 914 4974 γάρ
941 4905 1073 4960 ἐστι
1110 4906 1210 4961 καὶ
1238 4905 1416 4976 parci.
1452 4907 1720 4980 Expungo
1761 4919 1947 4982 poste·
1979 4913 2025 4971 l)
2051 4909 2255 4968 Christi
2283 4922 2368 4969 cst
2392 4913 2520 4970 574.
2545 4913 2792 4971 Gratiani
2824 4928 2998 4970 annos
3033 4918 3406 4984 praetermis’t,
3441 4927 3503 4974 ut
3531 4919 3651 4992 opi-

373 4976 550 5033 riores
566 4976 729 5029 hasce
755 4978 997 5037 voculas,
1029 4991 1151 5043 q-uae
1175 4979 1500 5033 sententiam
1536 4978 1832 5046 infuscant,
1853 4981 1949 5035 καὶ

377 5045 540 5116 φατά.
575 5044 721 5099 Dixit
758 5045 976 5115 quidem
1004 5043 1276 5102 Hesiodus
1307 5047 1465 5102 initio
1493 5047 1744 5117 Ἔργων,

374 5118 488 5170 ’Ὃν
501 5130 561 5170 τε
582 5114 895 5185 διὰρζροτοὶ
917 5115 1566 5188 ἄνδρες·όμῶς,·ᾱφατοί
1591 5135 1655 5172 τε
1673 5121 1851 5188 φατοί
1864 5137 1951 5186 τε,

383 5187 582 5253 'Putet'
606 5186 657 5241 τ’
691 5186 935 5255 ᾶῤῥητοί
957 5203 1022 5242 τε
1040 5204 1055 5219 ·

373 5256 472 5313 scd
519 5256 627 5312 alio
653 5272 840 5320 sensu,
868 5272 1031 5327 quain
1070 5265 1130 5312 ut
1160 5257 1290 5314 huic
1323 5259 1443 5317 loco
1481 5269 1768 5332 congruat„
1813 5259 1951 5316 Nam

371 5325 477 5382 hnc
504 5342 672 5381 tinum
713 5325 1048 5398 Epiphanius
1071 5328 1365 5400 signilicat.
1385 5345 1444 5384 se
1469 5346 1575 5385 uon
1597 5331 1778 5384 omnia
1808 5346 1954 5385 com·

370 5396 534 5466 plecti
571 5397 674 5452 hoc
701 5397 755 5450 in
786 5412 1183 5468 opcrccnpere‚
1209 5414 1331 5453 cum
1367 5400 1786 5456 innumerabilia
1811 5402 1946 5467 sint,

371 5474 474 5521 uec
498 5469 750 5522 oratione
784 5470 1171 5536 comprehendi
1212 5471 1444 5539 possint.

444 5538 519 5606 (2)
587 5538 1213 5606 Τουτέστιβασιλείας
1268 5540 1793 5596 Οὑαλεντινιανοῦ.
1848 5541 1947 5598 Est

373 5602 464 5659 hic
497 5622 673 5663 annus
710 5606 908 5660 Christi
959 5606 1080 5671 574,
1113 5625 1222 5677 qno
1261 5626 1419 5664 suum
1465 5625 1603 5681 opus
1647 5626 1942 5682 aggressus

369 5685 456 5729 εει
496 5675 854 5746 Epiphanlus3
888 5675 1147 5732 Gratiano
1198 5678 1282 5742 lll,
1317 5688 1372 5733 et
1401 5681 1613 5750 Equitio
1638 5696 1783 5738 coss.
1823 5679 1935 5737 Va-

373 5747 700 5800 lentinianus·
720 5747 864 5800 onim
887 5754 940 5800 ct
975 5745 1169 5803 Valens
1197 5750 1482 5818 imperium
1509 5753 1773 5820 auspicati
1805 5759 1936 5807 sunt

373 5833 519 5869 anno
557 5817 660 5870 3¹34
692 5817 956 5876 bisextili:
984 5818 1075 5887 qui
1114 5816 1326 5874 «luviani
1362 5830 1416 5875 et
1452 5817 1778 5876 varroniani
1808 5838 1936 5878 con-

375 5889 555 5943 sulatu
592 5898 810 5944 :rotatur
852 5890 903 5942 in
951 5886 1149 5944 Fastis.
1197 5889 1320 5946 ldeo
1353 5906 1532 5948 annus
1562 5892 1849 5959 utriusque
1880 5907 1935 5948 xi

2061 4997 2182 5047 nor,
2217 4983 2491 5041 librarius.
2535 4985 2717 5052 Quare
2756 4984 3196 5040 substituendum
3257 4997 3340 5043 cst
3387 4990 3482 5043 καὶ
3511 4990 3651 5061 Γρα-

2059 5051 2244 5107 τιανοῦ
2283 5053 2491 5122 ὀγδόου.
2525 5056 2842 5111 Gratianus,
2880 5052 3144 5123 Lupicino
3172 5064 3228 5112 ει
3248 5055 3443 5114 Jovino
3473 5075 3646 5125 coss..

2062 5129 2123 5175 ut
2152 5132 2345 5178 auctor
2379 5133 2464 5180 est
2514 5123 2771 5180 Socrates
2802 5125 2893 5180 lib.
2929 5142 3003 5190 iv,
3042 5141 3163 5197 cap.
3199 5127 3285 5191 lo,
3345 5129 3648 5200 imperator

2060 5202 2118 5249 et
2155 5196 2235 5247 Au
2280 5201 2434 5249 ustus
2478 5209 2509 5248 a
2570 5201 2727 5265 patre
2766 5198 3113 5251 renuntiatus
3150 5206 3272 5261 est,
3311 5215 3457 5254 anno
3487 5202 3648 5255 tibri-

2064 5263 2133 5318 sti
2163 5210 2288 5318 509.
2334 5262 2516 5333 ltaque
2540 5265 2861 5322 undecimus
2895 5265 3261 5322 Valentiniani
3292 5280 3346 5324 et
3382 5269 3645 5334 Valenti&

2051 5339 2135 5387 est
2156 5332 2404 5389 Gratiani
2437 5344 2685 5390 octavus.
2726 5338 2781 5390 ln
2810 5335 3234 5391 lllnnicbaeorum
3268 5337 3458 5395 liaeresi
3491 5356 3643 5403 axvi.

2035 5414 2280 5458 'nuniero
2306 5403 2397 5463 ΞΟ,
2438 5419 2614 5483 annqs
2646 5405 2888 5461 Gratiani
2919 5417 3337 5464 coiiinicmorat.
3374 5409 3550 5476 Quem
3587 5415 3643 5467 in

2049 5472 2230 5526 locum
2269 5481 2462 5529 caetera
2492 5491 2862 5531 reservamus.

2116 5543 2194 5616 (5)
2229 5545 2350 5598 Οὐκ
2371 5545 2528 5599 ἀθεεὶ
2566 5544 3124 5614 διασκοπήσαιτὶις.
3171 5547 3271 5604 llic
3303 5551 3645 5619 conjecturae

2044 5610 2200 5666 locus
2234 5625 2337 5670 est.
2363 5615 2502 5669 Nam
2528 5613 2596 5669 dc
2629 5617 2757 5669 vitio
2780 5626 3018 5677 constat.
3047 5616 3239 5675 Scribe
3262 5622 3643 5689 διασκοπὴσας

2042 5681 2144 5745 ‘²³¹3
2171 5683 2385 5755 ψήφους
2410 5704 2421 5715 ·
2450 5695 2503 5739 et
2542 5684 2673 5738 εἴσω
2707 5686 3017 5757 παρελθεῖν.
3049 5686 3143 5744 Vel
3170 5690 3431 5763 διεσκόπη
3444 5709 3511 5745 σα
3539 5693 3641 5756 τὰς
3736 5721 3741 5725 .

2042 5751 2279 5825 ψήφους,
2323 5764 2379 5810 ει
2415 5755 2758 5810 retinendum
2805 5759 2887 5821 εἰς
2946 5759 2994 5812 ὃ.
3028 5760 3165 5814 Cum
3203 5763 3269 5815 ad
3316 5772 3637 5833 susceptum

2044 5836 2183 5892 opus
2213 5825 2639 5906 aggrediendum
2672 5828 3076 5885 consentientia
3110 5840 3353 5888 vestrum
3386 5834 3638 5890 omnium

2044 5892 2303 5962 suffragia
2336 5895 2593 5953 viderem.
