3850 6517
247 438 351 496 {639

1010 437 1365 496 emmanu
1391 435 1836 497 ltESCRlP‘ruxt
1872 441 1966 498 An
1989 443 2299 502 Aeacum
2340 444 2431 501 ΕΤ
2463 440 2773 501 PAULUM.

3407 438 3510 497 {70

242 570 374 618 νειν,
401 548 512 606 ἀπὸ
533 550 676 604 οἴνου
701 549 760 604 δὲ
790 548 1242 622 ὶγκρατεύεσθαι.
1276 547 1508 622 Διώριζε
1535 549 1594 604 δὲ
1622 549 1742 621 ἅμα
1760 549 1830 604 τὰ
1857 556 1903 616 Α
1931 551 2291 625 Pythagoras.
2324 554 2471 611 ldem
2502 568 2626 626 quae
2655 554 2726 610 ab
2760 554 2888 609 luna
2922 566 3144 609 sursum
3167 557 3389 623 patent,
3419 554 3517 610 iin-

243 644 351 699 ἀπὸ
381 641 634 713 σελήνης,
657 642 754 695 καὶ
774 641 843 696 τὰ
867 641 982 697 ἀνω
1008 641 1255 697 ἀθάνατα
1281 641 1478 711 λέγων,
1506 640 1578 695 τὰ
1603 641 1661 696 δὲ
1697 641 1829 696 ὑπο-

242 736 394 789 κάτω
432 730 623 802 θνητὰ,
675 731 1086 802 μεταγγισμούς
1125 748 1186 785 τε
1213 730 1402 802 ψυχῶν
1427 730 1536 785 ἀπὸ
1563 731 1828 803 σωμάτων

241 828 322 889 εἰς
344 823 592 894 σώματα,
615 821 744 893 ἀχρι
769 820 922 886 ζώων
949 822 1044 877 καὶ
1064 822 1370 877 κνωδάλων.
1399 821 1614 893 Σιωπήν
1635 823 1692 877 δὲ
1712 823 1830 894 ἅμα

240 916 430 970 ἀσκεῖν
453 913 550 968 ἐπὶ
572 914 762 985 χρόνον
783 912 948 968 πέντε
963 912 1102 967 ἐτῶν
1131 913 1397 967 ἐδίδασκε.
1424 913 1500 968 Τὸ
1523 913 1830 968 τελευταῖον

120 1046 131 1056 .
240 1005 296 1058 δὲ
323 1004 514 1059 ἑαυτὸν
541 1004 660 1058 θεὸν
703 1002 975 1076 ὠνόμασε.

315 1096 654 1150 Πλατωνικοὶ
681 1096 835 1163 Θεὸν,
863 1096 959 1150 καὶ
983 1090 1146 1159 εἶδος,
1171 1095 1265 1150 καὶ
1288 1094 1381 1149 τὸν
1409 1082 1612 1166 κόσμον
1638 1111 1831 1166 γεννη-

241 1190 333 1242 τὸν
361 1189 457 1242 καὶ
485 1187 726 1261 φθαρτὸν
760 1188 1051 1265 ὑπάρχειν,
1074 1189 1175 1259 τὴν
1208 1187 1386 1261 ψυχὴν
1422 1187 1481 1242 δὲ
1512 1186 1827 1258 ἀγέννητον,

243 1281 338 1335 καὶ
367 1280 654 1346 ἀθάνατον,
694 1280 790 1335 καὶ
830 1280 997 1335 θείαν.
1033 1275 1188 1334 Εἶναι
1212 1280 1270 1334 δὲ
1313 1280 1484 1352 αὐτῆς
1506 1279 1636 1352 τρία
1664 1279 1827 1352 μέρη,

242 1369 489 1441 λογικὸν,
527 1371 790 1442 θυμικὸν,
833 1370 1251 1444 ἐπιθυμητικόν.
1305 1372 1419 1435 Τὰς
1464 1371 1522 1425 δὲ
1567 1375 1831 1442 γυναῖκας

242 1463 427 1528 κοινὰς
457 1466 571 1528 τοῖς
593 1465 728 1518 πᾶσι
762 1463 1031 1533 γίνεσθαι,
1057 1462 1152 1516 καὶ
1182 1462 1387 1535 μηδένα
1408 1463 1536 1534 μίαν
1560 1461 1707 1534 ἔχειν
1733 1479 1832 1532 γα·

245 1556 414 1627 μετὴν
458 1555 614 1621 ἰδίαν,
652 1553 791 1610 ἀλλά
840 1556 968 1620 τοὺς
1007 1539 1264 1620 θέλοντας
1308 1557 1431 1619 ταῖς
1477 1553 1832 1626 βουλομέναις

245 1650 502 1702 συνεῖναι.
550 1645 943 1718 Μεταγγισμὸν
986 1645 1045 1700 δὲ
1077 1645 1342 1710 ὡσαύτως
1381 1643 1571 1717 ψυχῶν
1615 1646 1696 1710 εἰς
1727 1643 1832 1698 σώ-

245 1755 395 1810 ματα
422 1738 676 1810 διάφορα,
716 1738 844 1810 ἀχρι
876 1735 1183 1791 κνωδάλων.
1251 1736 1419 1808 Ὁμοῦ
1447 1736 1505 1791 δὲ
1546 1735 1644 1791 καὶ
1675 1735 1832 1801 θεοὺς

241 1832 308 1886 ἐκ
330 1830 423 1887 τοῦ
445 1831 563 1896 ἑνὸς
587 1830 814 1895 πολλοὺς
837 1828 1184 1904 ἐδογμάτισει

308 2111 542 2174 Στωϊκοὶ
576 2118 734 2192 σῶμα
773 2119 836 2173 τὸ
859 2120 969 2172 πᾶν
1001 2114 1440 2189 δογματίζοντες,
1477 2113 1572 2168 καὶ
1612 2113 1706 2168 τὸν
1743 2111 1830 2168 αἰ-

238 2207 440 2281 σθητὸν
456 2209 645 2263 τοῦτον
661 2208 867 2281 κόσμον
881 2207 1017 2261 Θεὸν
1033 2205 1364 2277 νομίζοντες.
1387 2203 1544 2266 Τινὲς
1560 2201 1618 2255 δὲ
1646 2201 1711 2255 ὲκ
1731 2200 1831 2272 τῆς

239 2298 334 2353 τοῦ
365 2299 538 2371 πυρὸς
563 2300 750 2363 οόσίας
770 2298 870 2370 τὴν
902 2298 1067 2368 φύσιν
1094 2296 1239 2368 ἔχειν
1261 2295 1426 2350 αὐτὸν
1455 2294 1827 2366 ἀπεφήναντο.

242 2390 354 2443 Καὶ
383 2389 473 2443 τὸν
499 2388 597 2460 μὲν
609 2388 744 2442 Θεὸν
764 2387 888 2443 νοῦν
903 2388 1169 2460 ὁρίζουσι,
1199 2386 1295 2440 καὶ
1317 2384 1394 2449 ὡς
1417 2383 1598 2455 ψυχὴν
1630 2380 1832 2446 παντὸς

244 2478 340 2531 τοῦ
370 2478 522 2544 ὄντος
549 2479 766 2547 κύτους,
807 2478 1041 2552 οὐρανοῦ
1067 2478 1165 2532 καὶ
1192 2477 1297 2547 γῆς
1317 2493 1332 2509 ·
1370 2476 1531 2547 σῶμα
1571 2475 1630 2530 δὲ
1662 2473 1829 2530 αὐτοῦ

246 2568 308 2622 τὸ
341 2571 472 2634 πᾶν,
515 2569 590 2632 ὡς
624 2569 786 2640 ἔφην,
843 2571 942 2623 καὶ
978 2569 1290 2638 ὀφθαλμοὺς
1334 2568 1462 2632 τοὺς
1512 2568 1827 2640 φωστῆρας.

246 2659 359 2730 Τὴν
375 2659 432 2714 δὲ
456 2659 634 2731 σάρκα
653 2659 869 2713 πάντων
891 2657 1247 2718 ἀπόλλυσθαι.
1270 2658 1362 2711 καὶ
1381 2657 1478 2729 τὴν
1497 2658 1672 2730 ψυχὴν
1696 2658 1832 2713 πάν-

213 2774 216 2778 ,
239 2767 349 2804 των
379 2749 814 2821 μεταγγίζεσθαι
840 2750 952 2805 ἀπὸ
978 2747 1229 2820 σώματος
1253 2750 1334 2812 εἰς
1360 2747 1535 2819 σῶμα.

324 2922 688 2996 Ἐπικούρειοι
715 2925 898 2995 ἄτομα
927 2922 1022 2978 καὶ
1046 2922 1227 2994 ἀμερῆ
1260 2920 1509 2994 σώματα,
1529 2921 1830 2996 ὁμοιομερῆ

237 3031 299 3069 τε
328 3015 425 3070 καὶ
449 3016 653 3090 ἀπειρα
684 3016 784 3087 τὴν
811 3014 989 3087 ἀρχὴν
1026 3009 1168 3068 εἶναι
1195 3012 1306 3067 τῶν
1345 3012 1563 3069 πάντων
1589 3014 1830 3085 ὑπεστή-

240 3124 419 3172 σαντο,
461 3108 556 3162 καὶ
587 3108 741 3172 τέλος
773 3102 914 3162 εἶναι
953 3105 1304 3178 εὐδαιμονίας
1344 3105 1444 3176 τὴν
1480 3105 1675 3178 ἡδονὴν
1719 3106 1833 3161 ἐδο-

237 3199 529 3270 γμάτισαν,
549 3199 645 3256 καὶ
669 3200 810 3273 μήτε
826 3200 960 3254 Θεὸν
984 3200 1124 3271 μήτε
1146 3198 1411 3271 Πρόνοιαν
1436 3195 1509 3251 τὰ
1531 3198 1831 3270 πράγματα

235 3289 476 3346 διοικεῖνι

308 3373 767 3452 Σαμαρειτισμὸς,
808 3380 906 3435 καὶ
946 3381 994 3433 ol
1034 3381 1128 3434 ἀπ’
1174 3378 1341 3433 αὐτοῦ
1384 3379 1749 3450 Σιμαρεῐται,
1800 3379 1830 3432 ὅ

239 3467 388 3524 ἐστιν
419 3470 528 3524 ἀπὸ
564 3468 924 3541 'Inuenisti-05,
948 3469 1055 3541 πρὸ
1080 3469 1179 3541 μὲν
1196 3469 1292 3524 τοῦ
1314 3469 1652 3540 καταστῆναι
1678 3468 1832 3539 αἱρέ-

238 3579 353 3628 σεις
386 3564 467 3625 είς
497 3558 786 3630 Ἕλληνας,
817 3560 912 3616 καὶ
959 3560 1064 3633 πρὸ
1094 3561 1189 3616 τοῦ
1225 3561 1493 3632 συστῆναι
1536 3560 1718 3618 αὐτῶν
1761 3561 1832 3618 τὰ

235 3651 485 3723 δόγματα
507 3667 522 3682 ·
563 3649 699 3721 μετὰ
723 3651 781 3705 δὲ
804 3650 899 3707 τοῦ
921 3647 1062 3706 εἶναι
1091 3652 1362 3724 Ἐλλήνων
1384 3653 1485 3724 τὴν
1511 3652 1826 3726 θρησκείαν,

239 3744 334 3796 καὶ
377 3743 541 3813 μέσον
586 3740 679 3794 τοῦ
735 3741 1076 3814 Ἰουδαῖσμοῦ
1124 3743 1224 3815 τὴν
1263 3742 1537 3813 πρόφασιν
1566 3742 1826 3814 εἰληφὼς,

235 3828 347 3887 ’ἀπὸ
395 3831 503 3885 τῶν
532 3829 741 3902 χρόνων
774 3831 1252 3902 Ναόουχοδονόσορ
1291 3831 1387 3884 καὶ
1423 3832 1524 3902 τῆς
1555 3831 1663 3886 τῶν
1695 3833 1828 3886 Ἰου-

238 3925 405 3979 δαίων
428 3921 827 3994 αἰχμαλωσίας.
859 3920 1121 3976 Μέτοικοι
1141 3920 1196 3975 δὲ
1216 3921 1369 3985 ὄντες
1397 3920 1506 3976 ἀπὸ
1531 3922 1828 3997 Ἀσσυρίων

241 4018 323 4077 είς
353 4015 452 4082 τὴν
487 4012 769 4076 Ἰουδαίαν,
799 4011 894 4066 καὶ
927 4010 1184 4077 λαθόντες
1215 4011 1314 4085 τὴν
1342 4013 1711 4085 Πεντάτευχον
1742 4015 1832 4088 μό-

242 4118 343 4173 νην
386 4103 684 4170 Μωῦσέως,
722 4102 819 4158 τοῦ
858 4102 1126 4174 βασιλέως
1177 4103 1363 4168 αὐτοῖς
1409 4104 1830 4171 ἀποστείλαντος

245 4195 354 4249 ἀπὸ
390 4194 708 4261 Βαόυλῶνος
744 4195 834 4250 διὰ
884 4195 1074 4268 ἱερέως
1109 4194 1314 4268 Ἔσδρα
1356 4196 1714 4269 καλουμένου,
1759 4196 1830 4252 τά

247 4284 419 4339 πάντα
439 4284 656 4357 ἔχοντές
681 4286 818 4339 εἰσιν
841 4284 1135 4351 Ἰουδαίων,
1158 4285 1299 4357 πλὴν
1317 4285 1413 4340 τοῦ
1447 4284 1827 4358 βδελύττεσθαι

238 4377 308 4432 τὰ
334 4378 484 4450 ἔθνη,
529 4378 626 4432 καὶ
675 4379 813 4449 μήτε
854 4377 1191 4450 προσψαύειν
1220 4376 1405 4443 τινῶν,
1440 4379 1535 4433 καὶ
1555 4376 1694 4451 πλὴν
1731 4375 1826 4431 τοῦ

238 4469 523 4542 ἀρνεῖσθαι
559 4468 769 4542 νεκρῶν
806 4469 1124 4537 ἀνάστασιν,
1161 4468 1260 4534 τὰς
1297 4468 1466 4535 ἀλλας
1489 4467 1828 4543 προφητείας

236 4559 337 4624 τὰς
389 4559 530 4632 μετὰ
569 4559 830 4615 Moesta.
884 4560 1242 4632 Σαμαρειτῶν
1272 4559 1332 4613 δὲ
1383 4559 1512 4632 ἔθνη
1559 4560 1826 4633 τέσσαρα,

1927 645 2215 714 ωοηοὶίες
2274 660 2397 717 quae
2445 646 2703 702 inferiora
2759 655 2907 710 sunt,
2973 644 3229 702 morta'lia
3274 644 3511 702 dicebat.

1927 737 2157 793 Animas
2181 751 2213 793 e
2238 736 2567 807 corporibus
2605 736 2659 791 in
2691 736 2796 791 alia
2826 750 3082 808 corpora,
3112 737 3279 795 etiam
3309 735 3517 793 anima·

1929 831 2062 886 lium
2076 844 2140 885 ac
2153 829 2479 896 bestiarum,
2501 827 2834 883 transfundi.
2858 828 2939 883 Ad
2960 829 3073 884 liaec
3103 827 3515 901 quinquennale

1929 917 2150 974 interim
2185 917 2462 975 silentium
2499 917 2781 975 observari
2817 918 3103 989 praecepit3
3137 934 3203 976 ac
3234 928 3516 991 postremo

1927 1010 2090 1066 deum
2121 1009 2311 1066 haberi
2341 1026 2404 1067 se
2431 1010 2628 1066 voluit.

1999 1101 2267 1157 Platonici
2297 1101 2488 1167 Deum,
2518 1108 2573 1157 et
2606 1100 2922 1166 materiam,
2956 1114 3022 1156 ac
3048 1099 3279 1155 sormam
3314 1102 3518 1159 consti-

1930 1203 2173 1253 tuerunt.
2187 1195 2449 1252 Mundum
2465 1196 2732 1268 genitum,
2746 1210 2811 1251 ac
2822 1193 3166 1265 corruptioni
3180 1192 3480 1250 obnoxium
3496 1213 3513 1250 ι

1930 1289 2170 1344 animam
2216 1288 2550 1360 ingenitam,
2598 1295 2654 1345 et
2708 1287 3103 1353 immortalem,
3162 1299 3229 1341 ac
3273 1285 3515 1341 divinam

1931 1379 2183 1435 arbitrati
2221 1386 2373 1436 sunt.
2420 1378 2598 1451 Hujus
2639 1387 2755 1436 tres
2796 1393 2923 1435 esse
2966 1386 3151 1449 partes
3182 1394 3197 1431 ι
3230 1391 3397 1432 unam
3434 1388 3517 1432 ra·

1931 1473 2082 1528 tione
2121 1473 2438 1543 praeditan13
2485 1473 2713 1530 alteram
2755 1485 2864 1541 qua
2904 1469 3232 1541 irascimur3
3274 1469 3513 1534 tertiani,

1931 1580 2041 1637 qua
2088 1565 2555 1637 concupiscimus.
2611 1563 2947 1620 Communes
3004 1562 3263 1617 omnibus
3320 1574 3519 1618 uxores

1931 1669 2056 1713 esse
2087 1656 2293 1722 voluit,
2329 1669 2490 1712 nemo
2516 1661 2578 1710 ut
2606 1656 2876 1726 privatam
2907 1652 3203 1717 obtineret,
3236 1666 3300 1707 ac
3330 1648 3522 1722 prasci-

1931 1758 2132 1814 puam;
2165 1743 2262 1801 sed
2295 1753 2349 1799 ut
2387 1744 2623 1817 quilibet
2650 1757 2884 1814 quarum
2915 1742 3076 1798 vellet
3104 1742 3317 1812 copiam
3356 1740 3521 1797 habe·

1933 1847 2038 1894 ret.
2062 1836 2208 1894 idem
2231 1837 2543 1893 animarum
2570 1838 2624 1892 in
2649 1836 2803 1891 varia
2832 1849 3087 1907 corpora,
3119 1835 3286 1891 etiam
3316 1835 3519 1891 bestia·

1864 1932 1907 1987 B
1937 1944 2081 1994 rum,
2106 1930 2372 1984 transitus
2401 1927 2721 1984 affirmabat.
2767 1927 2906 1985 Deos
2942 1926 3179 1999 denique
3206 1926 3518 1998 complures

1937 2020 2007 2076 ab
2036 2035 2147 2077 uno
2172 2035 2297 2077 csse
2329 2020 2649 2092 productos.

2012 2109 2183 2167 Stoici
2212 2126 2415 2183 corpus
2447 2113 2764 2169 universum
2816 2126 2941 2169 esse
2974 2109 3263 2178 deliniunt,
3290 2117 3345 2168 et
3366 2123 3521 2182 aspe-
3605 2159 3616 2171 .

1938 2201 2191 2259 ctabilem
2213 2202 2362 2260 bunc
2388 2203 2652 2259 mundum
2688 2202 2859 2260 Deum
2897 2216 3022 2260 esse
3063 2209 3331 2260 statuunt.
3369 2201 3519 2259 Non·

1940 2293 2073 2350 nulli
2108 2293 2275 2349 etiam
2312 2309 2377 2351 ex
2419 2294 2544 2366 igue
2579 2302 2832 2350 naturam
2861 2295 3010 2351 illius
3042 2304 3299 2351 constare
3331 2292 3521 2351 deren-

1938 2385 2098 2442 dunt.
2130 2384 2302 2442 Deum
2331 2387 2534 2459 quippe
2559 2394 2798 2444 mentem
2828 2401 2954 2444 ease
2980 2393 3195 2458 putant,
3220 2400 3288 2442 ac
3315 2385 3519 2443 vastis-

1940 2477 2093 2534 simae
2121 2477 2291 2534 totius
2317 2480 2499 2545 molis,
2525 2478 2652 2535 coeli
2674 2485 2945 2551 terraeque
2962 2477 3233 2543 videlieet,
3256 2477 3517 2535 animam.

1939 2563 2113 2634 Cujus
2139 2579 2342 2636 corpus
2362 2603 2380 2632 ,
2419 2573 2479 2621 ut
2518 2565 2635 2622 dixi
2655 2605 2671 2631 ,
2710 2573 2887 2623 totum
2926 2566 3032 2622 boe
3059 2565 3134 2624 sit
3161 2565 3519 2632 uuiversum,

1938 2657 2087 2713 oculi
2135 2673 2267 2713 vero
2315 2658 2516 2714 sidera.
2590 2657 2848 2716 Omnium
2901 2657 3127 2716 interire
3175 2673 3421 2727 carnem,
3463 2660 3522 2715 et'

1940 2749 2180 2805 animam
2216 2752 2272 2805 in
2315 2750 2531 2807 diversa
2568 2751 2805 2809 transire
2847 2765 3080 2823 corpora
3137 2751 3241 2808 sibi
3293 2765 3521 2823 persua·
3603 2790 3612 2803 .

1937 2839 2091 2896 dent.

2011 2923 2266 2996 Epicurei
2306 2934 2519 2984 atomos
2554 2936 2611 2985 et
2649 2919 2930 2985 indlvidua
2973 2943 3202 3001 corpora
3250 2929 3521 3007 similibus

1938 3015 2247 3071 constantia
2300 3018 2571 3087 partibus,
2631 3026 2685 3075 et
2739 3018 2974 3088 infinita,
3028 3034 3214 3076 rerum
3272 3019 3519 3076 omnium

1939 3103 2288 3175 principium,
2341 3122 2464 3163 esse
2519 3107 2844 3165 docuerunt.
2901 3107 3187 3165 Summum
3227 3109 3432 3165 bonum
3457 3107 3520 3164 ln

1940 3196 2217 3267 voluptate
2240 3205 2589 3269 posuerunt:
2616 3198 2785 3257 Deum
2817 3215 2885 3257 ae
2912 3199 3317 3257 Providentiam
3339 3200 3412 3257 ab
3429 3215 3520 3258 re·

1858 3331 1901 3389 C
1940 3303 2061 3343 rum
2083 3289 2555 3347 administratione
2577 3292 2941 3349 sustulerunt.

2012 3376 2462 3448 Samaritismus,
2497 3389 2553 3438 et
2587 3380 2893 3439 Samaritae.
2933 3381 3111 3452 liuius
3144 3382 3213 3439 ab
3235 3373 3521 3442 ludaismo

1930 3467 2086 3539 origo
2124 3469 2435 3538 deducitur,
2484 3487 2606 3543 quae
2652 3481 2927 3528 sectarum
2973 3471 3121 3542 apud
3166 3470 3388 3530 Graecos
3432 3473 3521 3529 di·

1930 3559 2147 3624 vortiis,
2170 3567 2227 3616 et
2256 3574 2446 3616 earum
2474 3559 2713 3618 decretis
2752 3575 2819 3617 ac
2850 3561 3201 3633 dogmatibus
3242 3564 3518 3636 antiquior

1927 3657 2036 3707 est.
2071 3649 2387 3722 Graecorum
2431 3668 2595 3724 porro
2637 3653 3083 3724 superstitionem
3124 3656 3430 3726 complexa,
3462 3665 3521 3713 et

1930 3753 2055 3795 cum
2093 3740 2339 3799 Iudaicis
2371 3742 2713 3814 dogmatibus
2744 3744 2928 3814 aliqua
2972 3761 3040 3802 ex
3059 3751 3216 3816 parte
3253 3746 3512 3812 miscens,

1931 3825 2025 3881 illa
2055 3836 2206 3883 secta
2240 3828 2390 3883 circa
2418 3827 2950 3884 Nabuchodonosori
2988 3837 3044 3887 et
3070 3826 3314 3886 «iudaicae
3334 3829 3513 3901 capti-

1929 3916 2116 3974 vitatis
2153 3926 2401 3990 tempora
2432 3917 2664 3990 prodiit.
2701 3916 2872 3974 Primi
2907 3928 3071 3977 sectae
3097 3917 3414 3977 conditores
3447 3931 3517 3974 ex
3617 3976 3627 3984 ,

1930 4007 2173 4081 Assyriis
2201 4009 2257 4064 in
2292 4007 2536 4066 Judaeam
2580 4010 2942 4082 transportati
2976 4011 3221 4083 quinque
3247 4008 3518 4065 duntaxat

1931 4098 2135 4174 Moysis
2162 4100 2333 4158 libros
2357 4109 2709 4175 acceperunt,
2748 4117 2890 4175 quos
2925 4118 3024 4176 per
3060 4101 3292 4159 Esdram
3334 4114 3517 4158 sacer·

1930 4187 2111 4245 dotem
2139 4204 2234 4245 rex
2260 4189 2331 4245 ad
2374 4191 2499 4246 illos
2529 4190 2805 4264 Babylone
2834 4191 3185 4249 submiserat.
3206 4189 3518 4263 ltaqnecte-

1930 4287 2047 4336 tera
2085 4279 2291 4338 habent
2319 4295 2446 4338 cum
2472 4279 2682 4339 ‹ludaeis
2709 4283 3023 4338 communia
3051 4299 3068 4338 ι
3117 4283 3165 4340 si
3212 4283 3318 4338 boc
3344 4298 3516 4339 unum

1929 4372 2193 4443 excipias,
2230 4370 2376 4445 quod
2392 4380 2447 4429 et
2466 4370 2657 4444 gentes
2690 4373 3098 4442 abominentur,
3130 4389 3309 4446 neque
3323 4388 3514 4447 quem·

1929 4477 2094 4532 quam
2134 4462 2452 4533 contingere
2491 4462 2663 4518 velint
2694 4481 2707 4518 ε
2742 4461 2996 4535 quodque
3036 4472 3378 4520 mortuorum
3423 4476 3515 4520 re·

1931 4553 2361 4618 surrectionem,
2408 4568 2474 4610 ac
2518 4563 2746 4612 caeteras
2776 4561 2900 4626 post
2933 4553 3157 4626 Moysen
3195 4551 3514 4625 prophetias

238 4651 523 4724 Γορθηνοὶ,
559 4654 609 4705 οἱ
655 4653 714 4706 ὲν
750 4652 931 4717 ἄλλοις
957 4655 1170 4723 καιροῖς
1212 4651 1312 4717 τὰς
1359 4652 1555 4724 ἑορτὰς
1599 4651 1824 4720 ἄγοντες
1858 4696 1904 4756 υ
1932 4647 2208 4719 rejiciunt.
2239 4646 2705 4702 Samaritanorum
2732 4653 2816 4702 est
2848 4647 3010 4703 factio
3034 4646 3209 4705 divisa
3238 4649 3294 4705 in
3328 4654 3513 4720 partes

238 4744 392 4816 παρὰ
412 4746 539 4808 τοὺς
567 4743 850 4816 Ἐὁραίους
867 4761 882 4775 ·
919 4742 1217 4808 Σεδουαίοι,
1243 4745 1294 4797 οἱ
1325 4743 1414 4799 διὰ
1444 4743 1614 4815 αὐτὴν
1640 4743 1824 4798 αἰτίαν

237 4835 350 4891 τῶν
374 4833 581 4908 ἑορτῶν
602 4835 736 4907 πρὸς
766 4835 893 4900 τοὺς
911 4835 1217 4908 Γορθηνοὺς
1248 4833 1656 4905 διαφερόμενοι·
1700 4835 1823 4890 Ἐσ-

242 4930 416 5000 σηνοὶ,
448 4927 572 5000 μηδ’
594 4929 872 5001 ὁποτέροις
893 4925 1318 4998 ἐναντιούμενοι,
1335 4928 1446 4991 τοῖς
1462 4926 1521 4980 δὲ
1540 4938 1816 4999 παρατυγ·

241 5021 464 5092 χάνουσι
512 5020 963 5095 συνεορτάζοντες
1010 5021 1346 5093 ἀδιαφόρως·
1399 5020 1674 5087 Δοσίθεοι,
1712 5024 1824 5086 τοῖς

241 5114 424 5178 αὐτοῖς
460 5113 659 5180 ἔθεσιν,
702 5110 791 5168 οἷα
816 5114 882 5185 δὴ
923 5114 1279 5187 Σαμαρεῖται,
1316 5113 1819 5185 ἐμπολιτευόμενοι,

244 5208 512 5276 περιτομῇ
542 5223 602 5260 τε
635 5206 732 5260 καὶ
759 5205 1026 5277 Σαδὸάτῳ
1055 5205 1151 5258 καὶ
1176 5207 1289 5268 τοῖς
1317 5205 1518 5268 ἀλλοις,
1547 5203 1822 5276 χρώμενοί

240 5310 301 5347 τε
334 5297 401 5366 τῇ
438 5295 794 5368 Πεντατεῦχῳ
815 5313 831 5328 ·
881 5294 1262 5366 περιττότερον
1294 5292 1352 5348 δὲ
1378 5293 1485 5347 τῶν
1516 5293 1691 5349 ἄλλων
1716 5311 1820 5364 φυ-

241 5385 521 5452 λάττοντες
550 5387 613 5441 τὸ
651 5387 951 5458 ἀπέχεσθαι
1000 5385 1282 5458 ἐμψύχων,
1318 5384 1410 5438 καὶ
1447 5385 1505 5438 ὲν
1545 5385 1821 5454 νηστείαις

239 5482 291 5536 δὲ
330 5481 695 5552 συνεχέστατα
727 5481 875 5552 βιοῦν
895 5498 908 5511 ·
945 5481 1127 5552 έχουσι
1149 5479 1206 5534 δὲ
1236 5477 1333 5533 καὶ
1353 5476 1650 5550 παρθενίαν
1677 5476 1821 5541 τινες

239 5573 444 5637 αὐτῶν,
467 5573 888 5643 ἐγκρατεύονται
911 5572 969 5626 δὲ
993 5570 1164 5637 ἄλλοι,
1190 5567 1508 5624 πιστεύουσί
1524 5584 1586 5622 τε
1612 5566 1823 5640 νεκρῶν

237 5667 555 5732 ἀνάστασιν,
586 5667 725 5737 ὅπερ
754 5663 900 5729 ξένον
919 5663 1037 5718 ἐστὶ
1058 5662 1446 5735 Σαμαρείταις.

1932 4751 2191 4813 quatuor.
2221 4741 2392 4798 Primi
2421 4747 2552 4809 sunt
2578 4737 2865 4808 Gortheni,
2901 4738 2995 4810 qui
3023 4737 3195 4795 festos
3220 4737 3339 4796 dics
3362 4736 3511 4805 aliis,

1931 4849 2095 4906 quain
2146 4833 2378 4899 Hebraei,
2410 4831 2751 4904 temporibus
2799 4830 3068 4886 indicunt.
3120 4827 3228 4886 Alii
3277 4827 3526 4895 Sebuaei„

1933 4925 2027 4993 qui
2078 4925 2149 4981 ob
2198 4925 2447 4980 eamdem
2498 4924 2764 4980 festorum
2814 4924 3029 4980 dierum
3088 4922 3436 4980 occasionem
3482 4934 3515 4975 a

1931 5015 2230 5073 Gortlienis
2292 5015 2649 5073 dissentiunt.
2709 5014 2883 5073 Tertii
2935 5022 3066 5072 sunt
3126 5013 3357 5080 Esseni,
3417 5014 3512 5084 qui

1933 5105 2113 5160 neutri
2141 5106 2285 5177 parti
2325 5114 2655 5178 repugnant,
2690 5106 2788 5164 sed
2821 5121 2946 5162 cum
2987 5104 3077 5170 iis,
3112 5105 3170 5160 in
3200 5118 3342 5176 quos
3375 5103 3516 5160 inci-

1930 5191 2135 5266 derint,
2179 5199 2300 5256 sine
2356 5199 2468 5255 ullo
2528 5198 2848 5258 discrimine
2894 5198 3032 5253 festa
3076 5203 3362 5270 peragunt.
3406 5193 3516 5252 Po·

1932 5290 2119 5344 stremi
2145 5297 2274 5344 sunt
2293 5287 2533 5347 Dositbei
2552 5309 2567 5346 ι
2586 5288 2680 5360 qui
2695 5287 2913 5352 iisdem,
2931 5286 3135 5359 quibus
3153 5286 3513 5356 Samaritani,

1932 5377 2197 5434 institutis
2224 5386 2456 5435 utuntur
2492 5397 2505 5434 ε
2532 5377 3048 5446 circumcisionem,
3078 5378 3409 5448 Sabbatum,
3446 5395 3515 5439 ac

1927 5477 2146 5538 caetera,
2204 5471 2501 5542 itidemque
2548 5469 2977 5528 pentateuchum
3023 5470 3308 5529 adhibent.
3357 5468 3511 5528 Ρη-

1929 5563 2090 5634 cipue
2124 5551 2278 5632 vero,
2316 5578 2380 5620 ae
2421 5579 2536 5636 prae
2584 5564 2814 5639 reliquis
2854 5566 3114 5623 omnibus
3141 5564 3245 5622 sibi
3284 5563 3354 5618 ab
3390 5563 3510 5619 aui·

1931 5655 2091 5710 matis
2128 5663 2455 5728 temperant,
2495 5670 2561 5713 ac
2596 5664 2860 5730 perpetuo
2900 5657 3014 5715 sere
3053 5655 3328 5729 ieiunant·
3365 5649 3510 5708 Sunt

238 5757 385 5814 inter
422 5759 564 5823 illos,
609 5759 701 5828 qui
740 5758 1104 5828 virginitatem
1150 5758 1359 5824 colunt,
1409 5753 1503 5812 alii
1546 5752 1962 5812 continentiam.
1992 5749 2422 5811 Resurrecturos
2479 5767 2605 5809 esse
2654 5761 2901 5812 mortuos
2932 5755 3201 5820 credunt3
3262 5745 3412 5821 quod
3476 5758 3512 5805 a

239 5849 717 5908 Samaritanorum
745 5849 998 5923 dogmate
1032 5850 1314 5908 abhorret.

563 5946 833 6007 ΡΑτιιοι..
869 5944 984 6006 Gn.
1023 5941 1186 6005 xm.
