3850 6517
312 500 444 557 1065

979 495 1346 553 ADVERSUS
1384 493 1723 551 uAEttESEs
1755 493 1882 548 Lm.
1925 491 1989 549 11.
2033 493 2196 550 Tou.
2237 494 2368 547 1.-
2409 490 2685 547 nAEnssS.
2726 488 2911 545 Lxm.

3410 489 3546 548 {0OE

310 619 558 683 τοιαύτας
584 620 847 687 γυναῖκας
889 617 1398 690 ὲξυπηρετουμένας
1431 615 1603 689 αὐτῷ,
1638 616 1781 687 φημὶ
1813 614 1872 669 δὲ
1901 624 1948 682 Α
1972 613 2291 685 episcopum
2332 612 2729 677 nominabant,
2759 611 2857 683 qui
2908 611 2964 663 in
3015 609 3210 680 exiguo
3247 609 3551 667 Palaestinae

309 709 713 773 συνεισάκτους.
753 708 914 763 Ἀλλὰ
945 709 1040 763 καὶ
1070 707 1131 774 ἐξ
1160 707 1509 780 όμολογητῶν
1527 707 1618 760 τὸν
1642 705 1880 760 τοιοῦτον

308 801 437 855 ὑντα
483 800 723 871 οἴδαμεν.
758 801 947 871 Ὀμως
989 802 1100 865 τοῖς
1145 798 1392 871 είρηκόσι
1440 796 1599 852 τοῦτο
1644 799 1737 851 καὶ
1774 797 1882 852 ἀπὸ

309 894 416 946 τῶν
449 888 722 958 γυναικῶν
754 889 1049 961 ἀκηκοέναι
1088 888 1387 959 φάσκουσιν
1413 888 1474 942 οὑ
1516 885 1883 940 πεπιστεύκα-

312 998 433 1053 μεν.
469 982 533 1034 Ἠ
564 980 675 1052 γάρ
700 980 915 1051 ἀνάγκη
942 979 1043 1050 τῆς
1063 979 1173 1033 τῶν
1200 978 1498 1050 εἰρηκότων
1518 976 1883 1050 κακοτροπίας

312 1071 612 1125 ὑπέόαλλεν
644 1072 778 1142 ημῖν
806 1065 937 1124 ποτὲ
967 1070 1066 1141 μὲν
1104 1069 1400 1134 πιστεύειν,
1428 1067 1558 1123 ποτὲ
1590 1068 1649 1123 δὲ
1690 1068 1764 1141 μὴ
1794 1085 1884 1121 ‘nt-

312 1162 547 1225 στεύειν,
590 1164 684 1215 ἐπὶ
723 1161 822 1233 τὴν
866 1160 960 1215 τοῦ
1006 1161 1405 1233 προειρημένου
1466 1161 1717 1233 γέροντος
1761 1162 1882 1213 ἐπι-

312 1253 517 1308 σκόπου
570 1254 710 1324 μετὰ
756 1253 856 1325 τὴν
896 1243 1061 1307 αὐτοῦ
1108 1246 1360 1324 τελευτὴν
1405 1249 1775 1324 κακοφημίαν.
1817 1244 1885 1305 Ἦ

312 1342 423 1416 γὰρ
450 1344 600 1398 αἰτία
627 1338 660 1416 ἦ
693 1345 773 1408 είς
798 1334 961 1397 αὑτὸν
988 1343 1243 1415 φθάσασα
1283 1339 1508 1416 τοιαύτη
1535 1360 1618 1407 τις
1642 1337 1880 1412 γέγονεν·

325 1435 497 1489 Ἑάλω
531 1453 615 1499 τις
641 1435 880 1500 τοιοῦτος
910 1428 1005 1489 ἐπὶ
1051 1433 1294 1508 ἁμαρτία
1336 1435 1612 1502 γυναικός.
1659 1435 1771 1489 Καὶ
1808 1432 1884 1497 ὡς

315 1526 573 1598 ηλέγχετο
622 1526 711 1595 ὑφ’
751 1524 931 1597 ἡμῶν,
975 1518 1269 1595 ἀπολογίαν
1313 1520 1517 1598 ταύτην
1557 1520 1771 1598 ἔφερεν,
1809 1524 1884 1588 ὡς

316 1618 414 1689 τῆς
445 1616 857 1689 συμφθαρείσης
884 1616 1033 1689 αὐτῷ
1062 1618 1338 1687 γυναικὸς,
1383 1610 1622 1686 καίτοιγε
1651 1617 1754 1689 ἢδη
1789 1626 1886 1669 πε-

317 1710 703 1781 παλαιωμένης
744 1709 835 1763 τὸν
876 1709 1099 1781 χρόνον,
1158 1710 1252 1764 καὶ
1303 1711 1362 1762 ὲν
1412 1710 1596 1781 ἡλικία
1641 1707 1887 1781 γηραλέα

315 1792 687 1873 ὑπαρχούσης,
733 1799 991 1874 εἰπούσης
1028 1800 1178 1871 αὐτῷ
1223 1800 1321 1873 τὴν
1363 1800 1465 1871 τῆς
1509 1797 1887 1873 κακοπραγίας

1982 699 2183 776 oppido
2221 703 2409 761 multis
2456 703 2618 759 anuis
2669 700 2929 758 Ecclesiae
2979 700 3226 771 praefuit,
3284 700 3445 773 522
3496 711 3553 758 et

1982 796 2400 851 contubernales
2435 794 2745 850 istiusmodi
2800 793 3030 850 feminas
3081 793 3147 848 ad
3190 795 3551 851 domesticum

1982 886 2347 941 ministerium
2381 886 2606 941 habuit·
2645 901 2807 957 quem
2843 899 2944 940 nos
2969 885 3130 940 etiam
3168 902 3236 942 ex
3280 885 3557 945 consesso-

1983 991 2106 1032 rum
2135 991 2363 1031 numero
2390 974 2565 1032 fuisse
2597 976 2824 1032 scimus.
2846 974 2953 1033 Sed
2982 976 3070 1040 iis,
3102 977 3198 1047 qui
3226 978 3295 1034 de
3320 993 3386 1034 eo
3406 979 3555 1035 istud

1985 1063 2340 1138 affirmarem,
2379 1074 2436 1124 et
2486 1067 2554 1123 (le
2584 1061 2924 1123 mulierculis
2957 1068 3093 1139 ipsis
3123 1067 3447 1141 cognovisse
3473 1069 3554 1125 dt-

1984 1165 2194 1223 cerent,
2230 1155 2388 1214 iidem
2418 1158 2624 1214 nullam
2657 1151 3019 1213 adhibendam
3051 1157 3386 1231 putavimus.
3417 1155 3554 1216 Nam

1984 1260 2176 1302 eorum
2209 1247 2306 1318 qui
2357 1246 2410 1302 id
2442 1246 2767 1317 jactabant,
2798 1246 3121 1319 improbitas
3173 1248 3557 1306 necessitatem
3662 1291 3665 1292 ν

1985 1338 2279 1409 quamdam
2332 1338 2555 1405 attulit,
2588 1347 2650 1394 ut
2701 1337 2995 1411 aliquando
3023 1338 3372 1398 crederemus
3401 1383 3417 1407 ,
3455 1341 3558 1397 ali·

1986 1426 2205 1499 quando
2236 1428 2458 1485 minime
2491 1430 2841 1487 crederemus
2867 1445 2988 1502 quae
3018 1429 3086 1486 ad
3128 1444 3280 1489 senis
3310 1432 3456 1490 illius
3482 1433 3559 1488 in·

1989 1518 2209 1574 samiam
2238 1518 2504 1591 episcopi,
2535 1529 2663 1591 post
2696 1518 2818 1593 ejus
2845 1519 3080 1587 obitum,
3109 1521 3397 1579 referrent.
3429 1524 3562 1578 Por-

1987 1624 2050 1666 ro
2081 1609 2285 1665 crimen
2313 1609 2442 1666 illud
2469 1610 2627 1681 cujus
2654 1611 3096 1677 insimulabatur,
3135 1612 3402 1682 ejusmodi
3432 1614 3557 1669 fuit.

1987 1699 2125 1755 Cum
2153 1708 2221 1755 ex
2243 1714 2306 1755 ea
2332 1699 2568 1756 factione
2592 1714 2657 1755 ac
2685 1715 2847 1773 grege
2871 1700 3091 1773 quidam
3116 1701 3375 1759 facinoris
3401 1704 3560 1761 istius

1989 1789 2274 1846 convictus
2315 1805 2344 1843 a
2378 1790 2544 1847 nobis
2589 1790 3040 1863 redargueretur,
3082 1792 3188 1848 hoc
3234 1791 3302 1848 ad
3332 1808 3563 1866 purgan-

318 1893 579 1963 ἐργασίαν
602 1909 617 1925 .
650 1890 725 1955 ὡς
766 1890 998 1962 χρῆσθαι
1044 1892 1142 1962 μὲν
1188 1891 1351 1946 αὐτὸν
1401 1892 1706 1958 ἐδίδασκεν,
1753 1891 1887 1957 ἔξω.
1990 1880 2122 1934 dum
2156 1895 2282 1937 sese
2312 1879 2368 1936 in
2405 1878 2642 1936 medium
2671 1881 2880 1938 attulit:
2912 1884 2982 1938 ab
3011 1898 3111 1949 ea,
3144 1900 3307 1956 quam
3344 1895 3562 1943 constu-

319 1970 410 2036 θεν
444 1977 502 2037 δὲ
535 1982 633 2048 τὰς
678 1983 927 2056 μυσαρὰς
973 1982 1137 2037 αὐτοῦ
1188 1984 1323 2055 ῥυὰς
1378 1984 1470 2038 ent
1514 1984 1619 2055 γῆς
1671 1984 1887 2037 azam·
1914 1967 1960 2023 B
1987 1978 2241 2041 praverat
2269 2011 2285 2036 ,
2318 1969 2560 2037 femina,
2616 1985 2931 2045 quanquam
2969 1973 3128 2031 effeta
3170 1976 3285 2047 jam
3314 1984 3372 2033 et
3423 1994 3562 2036 anus

320 2071 518 2145 ὃάζειν.

404 2358 469 2412 Ρ.
501 2360 613 2411 Καὶ
640 2352 780 2429 αὕτη
827 2358 924 2429 μὶν
962 2362 998 2430 η
1030 2352 1230 2413 τοῦτων
1278 2360 1497 2433 μυσαρά
1538 2358 1684 2414 ἐστιν
1723 2360 1890 2431 ἔργα·

326 2444 436 2513 σία,
464 2451 556 2504 τὸν
584 2450 705 2504 νοῦν
746 2449 926 2505 αὑτῶν
953 2449 1236 2517 ἀπατῶσα,
1276 2452 1370 2505 καὶ
1409 2453 1474 2506 ὲκ
1520 2449 1770 2506 διαὸόλου
1802 2466 1893 2503 τε·

322 2541 667 2613 τυφλωμένη.
692 2535 795 2595 Ὧν
812 2542 911 2606 τὰς
944 2540 1248 2613 μαρτυρίας
1272 2542 1338 2595 δι’
1366 2535 1441 2597 ὧν
1478 2541 1787 2608 πίπτουσιν,
1811 2542 1891 2605 είς

324 2634 488 2705 μέσον
516 2633 701 2705 φέρειν
727 2632 828 2687 οὐκ
849 2633 1145 2701 ἀναγκαῖον
1170 2633 1405 2706 ἥγημαι,
1432 2634 1521 2689 ἶνα
1541 2625 1633 2705 ’μὴ
1652 2631 1892 2704 δόξωμεν

321 2725 388 2780 δι’
436 2719 514 2781 ὧν
566 2724 863 2798 βουλόμεθα
912 2726 1285 2798 ἀκριὸολογεῖν
1319 2728 1401 2790 είς
1448 2726 1767 2797 ἀποτροπὴν
1792 2725 1893 2794 τῆς

324 2818 579 2889 ἀθεμίτου
610 2818 896 2890 ἀσελγείας
930 2818 1164 2888 ἑκάστης
1205 2818 1487 2890 αἱρέσεως,
1519 2817 1722 2889 μᾶλλον
1759 2833 1894 2889 προσ

323 2908 614 2981 τρέπεσθαι
641 2908 751 2964 τῶν
777 2908 1121 2983 ἀστηρίκτων
1147 2910 1241 2963 καὶ
1284 2908 1663 2979 χαυνουμένων
1686 2908 1776 2963 ἀεὶ
1796 2905 1893 2979 τὴν

322 2989 581 3063 διάνοιαν,
608 2997 717 3052 τῶν
746 2996 807 3052 τὸ
831 2998 1065 3071 πονηρόν
1089 2999 1301 3061 ἑαυτοῖς
1327 2995 1597 3069 θηρᾶσθαι
1624 2997 1765 3069 ὑπὲρ
1794 2997 1893 3068 τὴν

321 3074 632 3161 ἀγαθότητα
657 3075 1083 3162 ἐπιθυμοὺντων.
1116 3091 1212 3154 Εἰς
1246 3089 1464 3160 ἔλεγχον
1485 3089 1543 3144 δὲ
1568 3090 1770 3161 μᾶλλον
1793 3089 1894 3160 τῆς

322 3177 501 3249 δεινῆς
529 3180 730 3252 ταύτης
786 3182 881 3236 καὶ
912 3179 1250 3253 ἐρπετὼδους
1289 3181 1553 3252 αἱρέσεως
1592 3181 1750 3249 ὀλίγα
1784 3179 1895 3236 ἀπὸ

326 3268 530 3323 πολλῶν
570 3268 975 3346 παραθήσομαι.

396 3551 563 3606 Πόθεν
600 3552 877 3627 εἰλήφατε,
908 3546 955 3610 ὦ
986 3542 1156 3618 οὗτοι,
1192 3553 1292 3625 τὴν
1317 3550 1417 3625 τῆς
1444 3547 1708 3624 ἀθεμίτου
1732 3552 1899 3624 ἔργα·

326 3635 445 3708 σίας
466 3644 705 3700 ἐπίνοιαν
729 3662 745 3710 ;
773 3643 997 3717 Πρῶτον
1037 3645 1134 3711 μὲν
1173 3644 1304 3713 γὰρ,
1337 3645 1420 3696 ὅτι
1462 3643 1525 3697 τὸ
1563 3644 1673 3695 πᾶν
1696 3643 1802 3696 τίνι
1836 3643 1897 3697 οὗ

320 3734 483 3803 δῆλόν
511 3736 681 3797 ἐστιν,
703 3734 789 3785 ὅτι
826 3731 1097 3800 δαιμόνων
1138 3731 1283 3783 ἐστὶν
1308 3731 1341 3799 ἠ
1375 3731 1616 3801 ὑμετέρα
1650 3732 1901 3788 διδασκα·

324 3824 434 3887 λία,
481 3819 846 3891 ἠπατημένων
897 3819 955 3873 δὲ
1014 3818 1103 3873 τὸν
1154 3818 1278 3874 νοῦν
1323 3821 1419 3875 καὶ
1463 3821 1822 3896 ἐφθαρμένων
1864 3824 1899 3895 η

329 3908 719 3980 ὲπινενοημένη
762 3909 1177 3980 κακομηχανία;
1226 3910 1289 3964 Et
1327 3909 1438 3982 γὰρ
1487 3910 1625 3976 ὅλως
1668 3912 1901 3985 πονηρὸν

330 3994 392 4054 τὸ
415 4001 679 4063 κυῖσκειν,
702 4000 802 4055 οὑκ
830 4002 937 4074 ἀρα
956 4001 1045 4056 διὰ
1074 4002 1135 4056 τὸ
1166 4006 1522 4073 τεκνογονεῖν,
1557 4003 1696 4059 ἀλλά
1724 4005 1813 4059 διά
1839 4004 1903 4059 τὸ

333 4090 694 4145 συνάπτεσθαι
723 4089 954 4162 σώματι.
996 4092 1121 4159 Πῶς
1155 4089 1248 4149 οὗν
1271 4094 1564 4167 ἡττημένοι
1594 4096 1752 4169 ἡδονῇ
1776 4115 1902 4151 συν-

332 4177 566 4235 ἅπτεσθε
598 4177 841 4252 σώματι;
885 4183 995 4236 Καὶ
1025 4185 1076 4237 εί
1121 4182 1182 4237 οὐ
1212 4184 1446 4258 πονηρὸν
1475 4185 1535 4241 τὸ
1562 4186 1901 4259 συναφθῆναι

334 4264 564 4336 σώματι,
598 4263 719 4322 οὐδὲ
750 4270 982 4341 πονηρὸν
1013 4264 1074 4324 τὸ
1110 4271 1505 4345 τελεσιουργεῖν
1539 4275 1601 4329 τὸ
1636 4292 1894 4347 γεγεννη-

332 4355 512 4428 μένον.
552 4356 623 4413 Ἣ
658 4358 767 4432 γάρ
795 4359 1204 4433 ἀποταξάμενον
1234 4361 1250 4394 ¹
1286 4364 1569 4435 ἄνθρωπον
1610 4369 1686 4441 μὴ
1727 4386 1903 4442 γεωρ·

327 4451 445 4518 γεῖν
489 4449 557 4506 τά
600 4448 694 4505 ἐπὶ
724 4451 825 4522 τῆς
852 4452 976 4522 γῆς,
1004 4448 1082 4515 ὡς
1115 4456 1145 4508 ό
1171 4454 1336 4508 'Aeci
1370 4451 1439 4528 ἦν
1471 4458 1674 4530 ποιμὴν
1700 4460 1903 4529 προῆἀ·

326 4556 459 4605 των,
492 4541 630 4595 Κάῖν
668 4541 726 4595 δὲ
765 4539 1131 4614 ἐργαζόμενος
1165 4544 1264 4616 τὴν
1290 4545 1414 4617 γῆν.
1459 4548 1522 4602 Et
1571 4548 1629 4602 δὲ
1666 4553 1903 4623 γεωργεῖ

1989 2069 2146 2131 erat;
2178 2062 2499 2121 l'oedissimae
2527 2063 2673 2120 illius
2701 2063 2944 2121 libidinis
2978 2067 3242 2122 rationem
3281 2068 3558 2138 didicisse,

1989 2152 2059 2209 ab
2099 2169 2274 2227 eaque
2305 2155 2386 2210 uti
2415 2156 2708 2211 concubitu
2739 2156 2821 2212 sic
2847 2155 3124 2218 edoctum,
3163 2163 3222 2213 ut
3255 2157 3560 2216 detestandi

1989 2246 2239 2302 humoris
2275 2246 2599 2337 profluvium
2628 2247 2684 2303 in
2715 2256 2918 2303 terram
2946 2258 3246 2319 spargeret.

2060 2352 2150 2409 111.
2179 2355 2358 2427 Atque
2385 2356 2488 2412 hoc
2517 2356 2738 2428 quidem
2783 2355 3158 2427 turpissimum
3189 2366 3245 2415 et
3270 2374 3561 2417 exsecran-

1991 2442 2124 2499 dum
2177 2452 2263 2501 est
2296 2438 2514 2500 illorum
2543 2446 2761 2513 scelus,
2805 2445 2952 2517 quod
2979 2453 3034 2501 et
3072 2446 3314 2518 ipsorum
3360 2449 3563 2523 decipit

1992 2537 2234 2605 animos,
2273 2544 2330 2593 et
2363 2552 2394 2591 a
2431 2530 2699 2594 diabolica
2744 2538 2991 2596 caecitate
3026 2537 3409 2610 proficiscitur.
3435 2541 3564 2611 Qui-

1993 2630 2226 2688 busnam
2282 2645 2408 2687 vero
2454 2630 2873 2689 auctoritatibus
2931 2633 3367 2707 testimoniisque
3436 2636 3563 2694 ireti

1993 2723 2062 2778 ad
2096 2722 2187 2778 illa
2217 2722 2425 2793 delapsi
2454 2722 2601 2788 sint,
2641 2722 2696 2777 in
2744 2723 2980 2780 medium
3016 2724 3210 2783 afferre
3234 2742 3343 2783 non
3376 2732 3562 2799 putavi

1994 2813 2389 2877 necessarium,
2420 2827 2491 2868 ne
2522 2813 2649 2868 dum
2686 2814 2752 2869 ad
2791 2814 3059 2887 cujusque
3085 2816 3310 2875 baeresis
3340 2818 3566 2893 flagitio·

1993 2919 2112 2962 sam
2147 2902 2428 2959 libidinem
2472 2904 2829 2960 aversandam
2871 2909 3182 2964 accuratius
3209 2910 3423 2983 singula
3451 2929 3567 2984 per·

1993 2994 2277 3066 sequimur
2301 3031 2318 3060 ,
2367 2992 2780 3051 imbecilliorum
2827 3012 2892 3051 ae
2934 2997 3150 3057 levitate
3192 3004 3428 3074 quadam
3461 3008 3568 3063 ωδ.

1991 3092 2172 3140 torum
2229 3083 2508 3139 bominum
2563 3078 2774 3140 animos
2837 3085 2905 3140 ad
2971 3101 3036 3143 ea
3106 3092 3279 3163 magis
3340 3093 3571 3151 incitare
3638 3078 3650 3086 “

1993 3172 2305 3231 videamur:
2331 3174 2424 3246 qui
2445 3173 2664 3246 quidem
2689 3175 2888 3229 malum
2918 3191 3030 3247 prae
3061 3176 3205 3235 bono
3228 3180 3332 3237 sibi
3362 3183 3572 3239 consci-

1997 3281 2152 3323 scere
2195 3280 2261 3321 ac
2300 3272 2523 3335 captare
2543 3274 2896 3323 consuerunt.
2933 3257 3132 3324 Verum
3158 3266 3228 3327 ad
3260 3272 3566 3331 uberiorem

1998 3354 2284 3412 borrendoe
2335 3349 2481 3411 illius
2531 3370 2595 3411 ac
2632 3357 2958 3428 serpcntinae
2988 3358 3210 3418 haeresis
3236 3363 3568 3422 confutatio·

1999 3464 2124 3505 nem
2145 3489 2162 3515 ,
2198 3463 2372 3521 pauca
2418 3449 2487 3506 de
2522 3448 2713 3505 multis
2745 3457 3004 3507 attexam.

2069 3561 2227 3619 Unde
2253 3564 2438 3633 igitur,
2467 3578 2674 3635 quaeso,
2715 3572 2826 3619 tam
2861 3565 3128 3623 nefarium
3155 3572 3336 3627 scelus
3362 3575 3575 3646 excogi-

2001 3663 2118 3712 tare
2158 3653 2463 3713 didicistis?
2492 3654 2739 3712 Primum
2765 3657 2913 3714 enim
2937 3698 2954 3727 ,
2985 3666 3046 3715 ut
3084 3662 3334 3719 universe
3367 3664 3570 3730 dicam.

2000 3745 2126 3816 quis
2150 3761 2261 3802 non
2299 3747 2476 3813 videt,
2505 3763 2633 3804 cum
2666 3748 2974 3807 daemonum
3009 3754 3289 3825 propriam
3334 3766 3571 3815 vestram

2000 3837 2144 3893 banc
2175 3853 2299 3894 esse
2333 3838 2670 3906 doctrinam,
2709 3848 2826 3896 tum
2888 3842 3022 3900 illud
3083 3854 3297 3903 tantum
3348 3858 3571 3923 tamque

2001 3935 2160 3982 atrox
2219 3942 2250 3982 a
2284 3927 2442 3984 vobis
2488 3930 2767 3985 inventum
2803 3929 3065 4003 flagitium
3118 3938 3338 3995 nonnisi
3387 3955 3574 3998 errore

2001 4017 2317 4089 depravatis
2375 4018 2691 4076 bominibus
2742 4036 2810 4077 ac
2873 4027 3185 4097 corruptela
3238 4032 3577 4089 conveniret·

2000 4106 2137 4162 Nam
2165 4108 2212 4164 si
2240 4109 2468 4166 omnino
2489 4112 2780 4182 concipere
2817 4114 3021 4169 malum
3049 4123 3153 4183 est,
3187 4120 3432 4190 prolecto
3459 4138 3569 4179 non

2001 4197 2073 4254 ob
2110 4198 2286 4270 ipsam
2316 4199 2522 4259 sobolis
2543 4203 2975 4273 procreationem
2996 4246 3012 4271 ,
3052 4208 3146 4264 sed
3175 4210 3246 4265 ob
3279 4226 3570 4284 corporum

2001 4292 2405 4363 copulationem
2450 4294 2651 4350 malum
2690 4309 2814 4353 esse
2866 4296 3158 4355 videbitur.
3204 4300 3384 4366 Quare
3434 4304 3568 4377 quid

2003 4396 2103 4436 vos
2139 4383 2335 4438 attinet
2391 4382 2669 4454 voluptate
2703 4393 2990 4456 superatos
3039 4391 3397 4448 commiscere
3445 4409 3574 4450 cor-

2004 4469 2176 4541 pora?
2211 4471 2321 4525 Aut
2370 4471 2419 4525 si
2453 4486 2746 4543 corporum
2797 4473 2889 4531 illa
2929 4475 3245 4547 conjunctio
3278 4483 3421 4537 mala
3459 4499 3572 4541 non

2002 4569 2108 4624 est,
2138 4575 2206 4616 ne
2233 4559 2472 4632 idipsum
2518 4561 2737 4632 quidem
2784 4564 2933 4635 quod
2979 4566 3221 4638 gignitur
3251 4569 3321 4625 ad
3365 4574 3572 4630 exitum

326 4648 411 4695 τις
437 4629 536 4702 τὴν
562 4632 685 4702 γῆν,
705 4631 782 4696 ὠς
807 4634 837 4686 ό
868 4633 1014 4698 Νῶε,
1042 4630 1127 4687 ὅτι
1156 4635 1417 4704 Ἐγένετο
1441 4635 1596 4707 ἀνὴρ
1623 4640 1896 4709 Τθψΐῦς,
1927 4632 1976 4688 n
2005 4650 2323 4721 perducere.
2361 4652 2566 4709 malum
2589 4661 2694 4709 est.
2729 4654 2942 4712 Etenim
2980 4657 3067 4715 vel
3108 4659 3375 4720 abdicatis
3392 4666 3573 4721 omni·

328 4722 429 4778 καὶ
452 4723 787 4792 ἐφύτευσεν
803 4721 1144 4794 ἀμπελῶνα,
1167 4724 1266 4779 οὑκ
1286 4727 1579 4796 ἐφύτευσεν
1600 4727 1899 4799 ἀμπελῶνα

327 4815 453 4890 Ῐοὺκ
481 4813 822 4888 ἐφύτευσεν],
866 4815 954 4870 ἴνα
988 4814 1183 4887 βότρυν
1224 4815 1298 4890 μὴ
1341 4817 1539 4892 ἐνέγκῃ
1561 4836 1576 4851 ·
1626 4818 1740 4873 ἀλλ’
1765 4816 1899 4890 ὲφῦ-

332 4925 508 4974 τευσε,
539 4908 633 4962 καὶ
665 4907 833 4962 ἔπιεν
874 4908 939 4962 ὲκ
984 4907 1080 4963 τοῦ
1131 4908 1342 4980 καρποῦ
1381 4909 1567 4974 αὐτοῦ,
1619 4909 1718 4965 καί
1769 4910 1901 4981 ἐμε-

331 5003 544 5065 θύσθη,
601 4999 677 5064 ὡς
727 4999 1053 5071 γέγραπται.
1085 4995 1194 5053 Ἦν
1241 5000 1300 5054 δὲ
1337 4999 1666 5074 συγγνώμην
1697 5002 1774 5075 τῷ
1811 5003 1903 5073 γέ·

334 5110 477 5166 ροντι
522 5092 831 5162 ἀπονεῖμαι.
860 5090 1166 5163 Εὐάρεστος
1199 5090 1305 5164 γὰρ
1343 5091 1422 5164 τῷ
1458 5091 1577 5164 Θεῷ
1620 5093 1903 5167 ὑπάρχων,

328 5186 391 5239 οὑ
429 5183 516 5238 διά
545 5181 786 5237 ἀσωτίαν
810 5180 909 5252 τὴν
940 5180 1111 5254 μέθην
1142 5182 1368 5253 ὑπέστη,
1402 5181 1540 5238 ἀλλά
1567 5184 1714 5260 λύπῃ
1740 5186 1904 5259 φερό-

334 5291 491 5347 μενος
514 5274 652 5345 τάχα
673 5271 986 5344 ὲκεκάρωτο
1003 5287 1019 5303 ·
1048 5272 1143 5327 καὶ
1172 5272 1247 5347 μὴ
1280 5272 1463 5346 φέρων
1490 5273 1552 5341 ἐξ
1579 5275 1904 5349 ἀμφοτέρων

332 5366 418 5419 διὰ
443 5364 504 5417 τὸ
542 5363 764 5428 ἀσθενὲς
812 5362 909 5417 καὶ
951 5362 1236 5435 γηραλέον,
1285 5365 1540 5438 ἀσθενείᾳ
1592 5366 1864 5421 ὑπέπεσεν
1886 5384 1900 5399 ·

331 5457 431 5527 οὐχ
457 5455 544 5507 ἴνα
570 5453 838 5527 χλευασθῇ
882 5453 989 5508 ὑπὸ
1025 5454 1238 5508 τέκνου.
1274 5452 1339 5511 '0
1376 5455 1457 5522 δὲ,
1504 5458 1903 5527 καταγελάσας,

332 5543 508 5616 ἐαυτῷ
535 5544 719 5616 εἰληφε
743 5544 842 5616 τὴν
870 5546 1135 5618 κατάραν,
1160 5545 1247 5601 ἵνα
1273 5547 1608 5613 κολάζωνται
1634 5550 1685 5603 ol
1711 5550 1904 5620 ἑνσκη·

334 5654 558 5704 πτοντες
590 5639 703 5701 τοῖς
734 5638 1004 5708 πατράσιν
1040 5639 1221 5710 ὑόριν,
1251 5640 1358 5697 ,καὶ
1396 5641 1447 5694 οἱ
1484 5642 1544 5694 ὲν
1569 5642 1699 5711 ὑμῖν
1727 5641 1902 5694 διαλο·

406 5858 421 5889 ⁸
450 5854 605 5911 Deest
633 5855 732 5909 δεῖ.
810 5856 831 5887 ·
860 5854 995 5912 Gczt.
1028 5870 1106 5917 tv.
1137 5854 1193 5909 2.

641 5973 915 6034 Pauor..
949 5971 1069 6032 Gn.
1100 5970 1263 6035 xm.

1273 5850 1295 5882 ⁸
1322 5848 1457 5907 Gen.
1490 5866 1567 5917 nx,
1605 5855 1675 5906 ²0
1703 5866 1826 5926 sqq.

2007 4740 2132 4808 bus,
2159 4742 2548 4813 agriculturam
2583 4745 2808 4801 omnino
2856 4762 2964 4803 non
3002 4750 3270 4823 attingere
3299 4753 3571 4815 bominem

2006 4841 2260 4906 oportet:
2292 4833 2750 4907 quemadmodum
2778 4837 2912 4896 Abel
2946 4842 3129 4897 ovium
3160 4844 3328 4901 fuisse
3364 4856 3577 4918 pastor,

2006 4924 2212 4981 Cainus
2268 4933 2469 4982 terram
2526 4927 2762 4985 coluisse
2804 4929 3009 4986 dicitur
3051 4934 3097 4987 ².
3148 4932 3241 4989 Vel
3294 4936 3342 4992 si
3395 4939 3576 4996 solum

2007 5014 2170 5087 523
2209 5031 2466 5075 exercere
2515 5018 2714 5092 aliquis
2749 5020 3023 5090 instituit,
3085 5026 3162 5079 uti
3215 5025 3329 5084 Noe
3383 5028 3578 5088 secisse

2003 5107 2231 5177 dicitur,
2258 5110 2389 5181 qui,
2421 5118 2482 5166 ut
2527 5111 2790 5184 scriptum
2819 5121 2935 5180 est,
2971 5116 3051 5171 vir
3081 5117 3184 5185 suit
3224 5122 3480 5191 agricola,
3526 5136 3578 5180 et

2005 5197 2267 5268 plantavit
2297 5200 2500 5257 vineam
2524 5202 2584 5259 ⁸:
2616 5219 2726 5258 non
2756 5204 2897 5270 ideo,
2930 5214 3084 5276 puto,
3116 5208 3329 5266 vineam
3358 5213 3575 5284 planta·

2005 5288 2118 5356 vit,
2153 5298 2213 5344 ut
2253 5305 2324 5346 ne
2358 5306 2606 5349 racemos
2637 5291 2941 5364 proferrem
2971 5297 3067 5353 sed
3112 5309 3170 5356 et
3197 5300 3494 5372 plantavit,
3522 5317 3580 5363 et

2005 5375 2077 5434 de
2105 5378 2286 5435 fructu
2317 5381 2463 5438 illius
2490 5382 2617 5438 bibit
2642 5423 2658 5449 ,
2689 5393 2740 5440 et
2790 5386 3082 5445 inebriatas
3108 5400 3188 5445 est
3212 5431 3231 5457 ,
3271 5401 3332 5448 ut
3361 5410 3428 5453 eo
3457 5395 3578 5452 loco

2008 5465 2229 5539 legitur.
2257 5467 2316 5523 ln
2367 5486 2478 5541 quo
2503 5486 2637 5530 sane
2674 5474 2832 5530 venia
2876 5476 3075 5547 dignus
3123 5494 3290 5538 senex
3338 5482 3431 5541 ille
3455 5483 3576 5540 l'uit.

2011 5553 2116 5623 Qui
2153 5573 2280 5616 cum
2315 5559 2426 5617 Deo
2447 5570 2637 5633 gratus
2682 5574 2867 5633 esset,
2903 5583 3012 5625 non
3040 5584 3108 5627 ex
3157 5570 3578 5647 intemperantia

2012 5647 2068 5702 in
2098 5646 2247 5703 illam
2281 5650 2598 5708 ebrietatem
2636 5653 2860 5724 iuciuit;
2892 5657 3010 5729 sed,
3037 5666 3100 5715 ut
3137 5661 3352 5733 opinor,
3378 5677 3447 5720 ex
3477 5662 3576 5718 tri-

3152 5970 3236 6039 34
