3850 6517
392 476 493 531 ¹87

1700 476 1709 486 ·
1808 453 2267 532 s'ssrtrnamt·

3556 478 3655 534 ¹88

392 594 478 649 lee
509 592 750 662 llbagam
781 588 1004 661 genuit:
1037 589 1207 659 hujus
1235 590 1377 647 lilius
1411 590 1617 646 Serucb
1647 591 1783 655 luit,
1824 591 1971 662 quod
2002 597 2054 653 A
2080 609 2266 662 στρης.
2312 591 2487 646 Φαλὲκ
2541 591 2597 645 δὲ
2648 593 2818 666 γεννᾷ.
2868 591 2961 649 τὸν
3003 591 3240 663 Ῥαγάμ·
3286 592 3505 664 Ῥαγᾶιμ
3558 593 3653 650 τὸν

393 686 601 742 nomed
619 682 1038 754 provocationem
1073 682 1363 753 significat.
1408 680 1522 738 Hoc
1549 697 1682 737 vero
1727 689 1973 751 tempore

394 776 716 852 idololatriae
742 774 887 830 inter
917 774 1188 841 homines,
1225 789 1289 829 ac
1310 775 1592 845 gentilium
1625 774 1973 845 superstitio-

394 869 481 925 nis
503 867 718 922 initium
754 873 839 923 est
874 865 1101 929 factum,
1125 865 1585 936 quemadmodum
1619 880 1649 919 a
1672 865 1975 935 majoribus

395 959 728 1028 accepimus.
771 957 1013 1012 Tametsi
1060 958 1299 1014 nondum
1358 956 1426 1012 ad
1478 958 1775 1012 simulacra
1815 957 1977 1011 caela·

393 1061 591 1122 tesque
618 1051 850 1123 lapides,
884 1061 980 1107 aut
1008 1051 1173 1122 ligna,
1213 1058 1306 1104 aut
1340 1057 1630 1120 argenteas
1671 1062 1977 1118 aureasque

396 1148 609 1198 statuas
643 1143 940 1198 alteriusve
988 1141 1231 1197 materiae
1263 1140 1686 1210 superstitiosus
1731 1139 1822 1194 ille
1859 1139 1980 1193 cul-

397 1238 488 1286 tus
521 1232 860 1299 adbaeserat3
908 1245 1009 1286 nec
1038 1230 1188 1284 aliud
1219 1237 1414 1301 pra‘ter
1458 1229 1694 1294 colores,
1724 1229 1782 1299 8
1814 1234 1980 1299 atque

399 1321 603 1392 effigies
635 1328 790 1386 erat,
831 1321 886 1375 in
921 1334 1030 1391 quo
1074 1319 1356 1373 bominum
1407 1325 1620 1374 mentes
1650 1333 1852 1373 novum
1883 1333 1982 1389 per

401 1412 809 1482 seseuequitiae
838 1427 1013 1481 genus
1064 1412 1466 1481 excogitarent,
1514 1422 1579 1463 ae
1629 1417 1824 1478 sponte
1854 1422 1979 1473 sua,

401 1505 735 1579 proprioque
766 1503 935 1559 animi
961 1517 1024 1556 ae
1067 1500 1296 1555 rationis
1326 1501 1527 1570 inipetu
1563 1515 1662 1569 pro
1695 1498 1983 1555 honestate

405 1595 510 1652 sibi
546 1593 770 1649 sceleris
823 1590 1215 1662 turpitudinem
1262 1590 1616 1646 asciscerent.
1671 1590 1778 1646 Sed
1824 1597 1884 1649 ut
1913 1590 1985 1647 ad

406 1775 554 1825 recte
572 1768 625 1822 in
646 1768 937 1822 Annalibus
951 1766 1352 1823 animadvertit.
1379 1766 1687 1824 Vanissima
1702 1768 1985 1842 Magorum

406 1841 559 1894 natio
587 1837 930 1900 zoroastrem
952 1838 1102 1891 illum
1121 1837 1563 1906 antiquissimum
1584 1848 1766 1910 putat;
1797 1850 1984 1910 utpote

409 1910 501 1979 qui
534 1907 834 1976 Troianum
867 1907 1139 1961 excidium
1169 1908 1411 1976 quinque
1447 1923 1713 1964 annorum
1739 1912 1984 1968 millibus

2076 682 2309 754 Σερουχ,
2369 682 2461 737 τὸν
2516 684 2948 755 ἑρμηνευόμενον
2996 685 3312 753 ὲρεθισμόν
3364 685 3497 756 (22).
3546 685 3654 741 Καὶ

2075 769 2278 841 ἤρξατο
2310 773 2391 835 εἰς
2433 770 2751 843 ἀνθρώπους
2775 771 2890 843 (23)
2920 775 2953 842 ὴ
3002 771 3414 844 εἰδωλολατρεία
3465 788 3523 825 τε
3560 775 3656 828 καὶΙ

2074 861 2103 913 ὁ
2146 858 2514 932 Ἑλληνισμὸς,
2549 859 2625 923 ὡς
2652 861 2689 930 ἡ
2736 857 2966 913 ἐλθοῦσα
3010 859 3087 921 εἰς
3130 859 3279 928 ἡμᾶς
3317 856 3518 925 γνῶσις
3559 874 3658 909 πε-

2082 950 2271 1021 ριέχει.
2303 949 2469 1004 Οὔπω
2509 950 2564 1004 δὲ
2610 953 2668 1005 ὲν
2702 949 2910 1015 ξοάνοις
2940 950 3034 1003 καὶ
3073 949 3130 1001 ὲν
3168 949 3405 1019 τορείαις
3425 948 3588 1004 λίθων
3621 948 3657 1018 ἢ

2082 1040 2324 1112 ξύλων.ἢ
2352 1042 2825 1114 ἀργυροτεύκτων,
2860 1040 2893 1110 ἢ
2939 1039 3141 1110 χρυσοῦ
3167 1039 3200 1110 ἢ
3234 1040 3295 1105 ἐξ
3320 1039 3485 1109 ἄλλης
3514 1039 3659 1102 τινὸς

2081 1133 2215 1204 ὕλης
2244 1133 2649 1204 πεποιημένων,
2682 1131 2840 1203 μόνον
2874 1131 2929 1184 δὲ
2950 1131 3039 1185 διὰ
3069 1131 3375 1201 χρωμάτων
3395 1132 3491 1184 καὶ
3511 1130 3658 1184 εικό-

2079 1243 2185 1280 νων
2220 1225 2253 1295 ἦ
2282 1225 2376 1279 τοῦ
2420 1223 2707 1296 ἀνθρώπου
2736 1223 2944 1278 διάνοια
2983 1223 3069 1291 ἐφ’
3099 1224 3264 1292 ἑαυτῇ
3298 1222 3531 1294 ηὕρισκε
3561 1221 3686 1294 τὴν.

2082 1318 2309 1372 κακίαν·
2342 1318 2435 1370 καὶ
2474 1314 2562 1369 διὰ
2597 1314 2691 1368 τοῦ
2723 1313 3068 1381 αὑτεξουσίου
3102 1313 3195 1365 καὶ
3237 1313 3543 1382 λογιότητος
3565 1311 3661 1365 καὶ

2082 1407 2174 1461 νοῦ
2222 1405 2343 1459 ἀντὶ
2380 1405 2479 1476 τῆς
2525 1403 2863 1474 ἀγαθότητος
2910 1405 2971 1456 τὸ
3019 1404 3332 1474 παράνομον
3362 1404 3657 1476 ὲφηύρατο.

2084 1501 2334 1569 Γίγνεται
2375 1497 2432 1550 δὲ
2476 1495 2556 1566 τῷ
2598 1496 2803 1566 Σεροὺχ
2842 1496 2971 1558 παῖς
3019 1497 3048 1548 ὁ
3087 1493 3323 1565 Ναχώρ·
3357 1495 3563 1569 Ναχὼρ
3604 1497 3671 1551 δὲ·

2084 1593 2250 1663 γεννᾷ
2285 1590 2377 1646 τὸν
2404 1587 2618 1660 Θάρρα.
2658 1585 2940 1643 Ἐντεῦθεν
2969 1585 3192 1654 γέγονεν
3240 1586 3686 1658 ἀνδριαντοπλα--

2086 1771 2441 1847 probabilior,
2465 1785 2626 1842 quam
2655 1784 2774 1840 quae
2811 1768 2955 1839 apud
2996 1767 3217 1824 llieron.
3253 1768 3346 1822 lib.
3394 1767 3473 1823 De
3516 1785 3661 1826 nom.

2093 1847 2252 1901 llebr.
2290 1844 2532 1914 legitur:
2576 1849 2635 1894 ut
2672 1841 2742 1894 sit
2792 1841 3041 1909 corripio,
3088 1840 3169 1894 vel
3201 1839 3480 1907 perfectus.
3524 1838 3682 1892 Nam

2244 1956 2260 1981 ,
2302 1929 2410 1969 nou
2438 1919 2583 1974 arim
2618 1911 2901 1979 corripiam
2934 1917 3093 1964 sonat
3120 1927 3133 1962 ε
3173 1908 3314 1963 unde
3347 1908 3539 1972 Serue,
3568 1910 3664 1962 Σε-

409 1979 789 2040 antecesserit,
813 1983 871 2029 ut
898 1974 1130 2040 Plinius,
1148 1985 1202 2031 et
1233 1976 1438 2031 Plutar.
1463 1977 1722 2034 Tracmu
1739 1980 1884 2035 Iside
1904 1991 1984 2036 te·
2018 1957 2058 2014 Β
2095 1985 2249 2058 ρούκ.
2285 1999 2393 2038 non
2426 1982 2599 2050 Serug
2628 1978 2912 2050 legendum
2931 1988 3093 2034 esset.
3125 1977 3446 2047 Quanquam
3482 1978 3682 2033 littera.

411 2057 644 2106 stantur.
673 2046 827 2117 Apud
858 2044 1131 2100 Laertium
1167 2045 1420 2103 Xanthus
1462 2048 1665 2118 Lydius
1711 2053 1989 2109 sexcentis

410 2118 678 2174 duntaxat
705 2118 866 2172 annis
912 2124 1041 2172 alite
1073 2115 1271 2172 Xerxis
1298 2117 1853 2176 ftd6aow'exstitisse
1880 2120 1988 2178 Zo-

413 2197 679 2244 roastreos
711 2194 1010 2242 asseverat.
1057 2184 1212 2241 Unde
1265 2188 1458 2241 merito
1508 2189 1691 2257 plures
1735 2191 1982 2261 ejusdem

412 2257 655 2315 nominis
680 2258 851 2312 luisse
875 2256 1192 2326 suspicatur
1228 2254 1490 2326 Scaliger.

485 2327 595 2400 (22)
629 2327 744 2384 Τὸν
769 2326 996 2394 Σεροὺχ
1022 2325 1128 2379 τὸν
1166 2327 1646 2397 ἑρμηνευόμενον
1669 2329 1988 2402 ὲρεθισμόν.

418 2398 594 2456 Variae
620 2405 748 2452 suut
769 2397 912 2467 apud
948 2396 1307 2466 Epiplianium
1330 2395 1679 2453 liebraeorum
1706 2403 1989 2457 nominum

418 2469 682 2540 origines,
713 2474 766 2521 et
807 2466 1285 2535 interpretationes
1323 2469 1518 2537 partim
1552 2470 1822 2532 obseurae,
1860 2487 1988 2541 par-

418 2541 516 2593 tim
552 2536 931 2592 subabsurdae.
962 2535 1127 2588 Multa
1171 2536 1315 2590 enini
1351 2538 1436 2590 vel
1467 2539 1859 2593 eruditissimis
1880 2534 1992 2610 ‘per

419 2607 844 2676 imprudentiam
867 2605 1147 2660 excidunt.
1166 2605 1351 2675 Neque
1373 2615 1658 2676 propterea
1682 2609 1989 2666 Hebraismi

421 2680 526 2733 suit
565 2679 850 2746 imperitus
910 2676 1269 2744 Epiphanius,
1323 2691 1488 2745 quem
1537 2675 1760 2741 Graecae,
1814 2678 1989 2751 Syrie,

420 2748 682 2808 Hebraeae.
737 2744 1094 2816 AEgyptiaeae,
1134 2755 1292 2801 etex
1343 2756 1493 2815 parte
1536 2747 1742 2803 Latina?
1791 2749 1992 2820 linguze

422 2819 686 2874 scientem
723 2818 892 2870 fnisse
929 2814 1218 2870 confirmat
1246 2816 1464 2870 llieron.
1501 2817 1656 2885 Apol.
1695 2817 1760 2871 11
1802 2829 1990 2873 contra

422 2887 572 2954 Bul„
598 2902 758 2956 quem
787 2894 978 2954 argute
1008 2886 1299 2952 bilinguem
1330 2886 1601 2951 nominat,
1634 2888 1779 2958 quod
1804 2887 1991 2945 Graece

423 2957 724 3025 Latineque
774 2964 982 3009 nosset.
1031 2956 1177 3008 luter
1226 2955 1394 3010 salsas
1441 2957 1834 3024 originationes
1878 2960 1991 3014 lure

396 3030 544 3097 ,ipsa
578 3025 824 3079 vocabuli
851 3023 1023 3094 Serug
1054 3026 1431 3095 interpretatio
1457 3040 1488 3078 a
1521 3027 1823 3084 Calvinista
1853 3046 1991 3100 quo·

425 3098 550 3150 dam
584 3093 879 3167 profertur,
916 3109 1038 3148 cum
1070 3096 1278 3164 aliquot
1325 3096 1476 3150 aliis:
1517 3105 1576 3150 ut
1614 3112 1739 3152 eum
1765 3106 1992 3155 caeteros

425 3165 615 3222 Patres
646 3165 852 3219 erroris
899 3165 1040 3218 baud
1081 3172 1333 3233 expertes
1379 3166 1554 3221 fuisse
1591 3168 1841 3239 colligat;
1876 3178 1989 3224 tum

2092 2055 2230 2126 caph
2255 2053 2308 2107 in
2341 2052 2446 2106 tlne
2467 2066 2588 2106 eum
2635 2048 2803 2130 rapite
2828 2049 3065 2117 aspir-ate
3097 2051 3500 2118 pronuntiatur.
3534 2046 3686 2102 ldeo.

2090 2125 2276 2180 Graece
2301 2121 2527 2194 Σερούχ.
2575 2120 2657 2172 An
2708 2129 2782 2173 ua
2830 2118 2883 2172 in
2928 2117 3153 2174 Hebraeo
3203 2119 3391 2188 legerit
3437 2116 3682 2174 llieron..

2091 2203 2185 2249 aut
2234 2191 2379 2249 Lxx
2409 2189 2687 2245 SenioreS.
2742 2187 2991 2243 divinare
3042 2203 3151 2243 non
3211 2189 3365 2243 libet.
3415 2188 3684 2242 Alterum.

2091 2267 2385 2335 glossema,
2408 2259 2552 2331 quod
2579 2257 2732 2311 addit
2759 2256 3140 2329 Hieronymus,
3161 2273 3355 2328 nempe
3377 2258 3656 2327 perfectus,

2092 2350 2200 2389 non
2229 2333 2410 2401 capio,
2451 2344 2627 2399 neque
2661 2327 2729 2381 ad
2764 2343 2876 2383 rem
2906 2327 3177 2397 pertinere
3207 2337 3360 2397 puto.
3388 2329 3523 2394 Quis
3562 2345 3627 2382 au
3649 2359 3662 2370 ·

2092 2412 2200 2459 tem
2233 2404 2441 2457 nesciat
2477 2400 2647 2454 multa
2673 2397 3023 2453 Hebraeorum
3054 2399 3342 2461 voeabula,
3374 2399 3521 2468 quod
3553 2398 3671 2451 ali--

2093 2482 2176 2529 ter
2212 2473 2400 2528 Graece
2430 2470 2734 2541 perscripta
2772 2477 2975 2533 essent,
3002 2475 3057 2523 et
3084 2468 3151 2522 ab
3181 2468 3391 2539 origine
3419 2467 3651 2531 detorta,

2091 2542 2430 2600 doctissimis
2467 2539 2739 2594 interdum
2764 2537 3223 2593 Patribussraudi
3257 2539 3446 2599 luisse,
3479 2539 3682 2592 minus.

2091 2623 2153 2668 ut
2188 2621 2370 2667 rectas
2402 2611 2508 2666 illis
2551 2608 2982 2678 significationes
3014 2609 3365 2678 allingerent?
3400 2607 3664 2676 Exemplo

2092 2685 2165 2739 sit
2192 2681 2338 2753 quod
2381 2695 2506 2736 cum
2539 2679 2656 2734 liaec
2704 2679 3072 2734 scriberemus
3108 2680 3331 2734 fortuito
3378 2679 3537 2733 nobis
3569 2690 3670 2731 oe-

2092 2756 2284 2809 eurrit.
2333 2748 2477 2806 idem
2520 2747 2745 2803 llieron.
2802 2748 2973 2820 Epist.
3016 2749 3085 2802 ad
3137 2747 3392 2819 Aqerucle.
3446 2744 3666 2810 Noemi,

2093 2823 2253 2892 quus
2285 2822 2338 2876 in
2390 2822 2528 2874 libro
2567 2818 2712 2873 Rutlt
2764 2819 2991 2873 historia
3024 2822 3497 2874 commemoratur,
3537 2829 3671 2866 con-

2096 2893 2413 2949 solationem
2444 2890 2853 2957 interpretatur,
2884 2889 3028 2956 quod
3060 2885 3318 2943 llebraice
3345 2893 3430 2938 est
3454 2891 3598 2948 vm:
3635 2898 3695 2940 a.-

2091 2973 2136 3025 n
2175 2975 2223 3024 2.
2252 2977 2359 3017 non
2388 2969 2520 3018 nm·

2138 2977 2279 3104 ⁹025)
2316 3029 2427 3086 Kal
2456 3027 2678 3096 ἤρξατο
2710 3027 2797 3092 εἱς
2821 3024 3191 3094 ἀνθρώπους.
3226 3024 3417 3080 Hausit
3450 3023 3569 3077 liaee
3603 3037 3700 3080 er.

2094 3103 2313 3159 Eusebii
2350 3098 2632 3162 Chronico,
2669 3111 2790 3167 quae
2830 3097 2884 3149 in
2926 3096 3112 3150 Gneca
3146 3095 3383 3148 editione
3429 3093 3680 3162 Scalige-

2095 3176 2250 3228 riana
2299 3172 2577 3239 leguntur,
2663 3182 2750 3237 ag.
2797 3166 2885 3220 13.
2940 3163 3046 3219 Sed
3111 3164 3182 3217 ibi
3213 3160 3500 3232 Japbetln,
3560 3178 3681 3217 non

427 3238 511 3291 rel
547 3238 601 3291 iu
627 3235 818 3305 primis
838 3233 1200 3307 Epiphanium
1223 3235 1276 3287 in
1309 3237 1648 3306 explicandis
1674 3241 1992 3296 nominibus
2102 3243 2247 3299 Semi
2279 3241 2422 3296 lilius
2460 3239 2669 3292 Seruci
2699 3237 2925 3299 dieitur,
2954 3245 3016 3289 ut
3056 3234 3220 3288 etiam
3255 3233 3399 3304 apud
3448 3229 3681 3286 Suidam

427 3310 732 3362 aberrasse.
781 3305 892 3361 Nos
933 3307 1002 3359 de
1040 3304 1285 3374 reliquis,
1320 3322 1442 3376 quae
1485 3307 1538 3360 in
1578 3309 1684 3364 boe
1724 3309 1996 3379 scriptore
2021 3306 2063 3362 C
2101 3315 2158 3368 in
2186 3310 2457 3368 vocabulo
2508 3307 2733 3379 Σερούχ.
2774 3307 2866 3362 ubi
2908 3305 3095 3361 eadem
3149 3304 3260 3358 sere
3303 3303 3682 3358 declarantur.

429 3385 604 3439 notat,
657 3375 910 3445 sparsim,
960 3390 1024 3427 ae
1058 3389 1160 3428 suo
1209 3375 1330 3430 loco
1371 3377 1690 3433 viderimus.
1735 3379 1892 3446 Quod
1929 3380 1999 3434 ad

431 3459 672 3516 praesens
732 3444 1056 3499 vocabulum
1109 3453 1339 3515 spectat,
1393 3449 1532 3502 male
1578 3451 1647 3503 ab
1697 3448 2003 3531 Epiphanio

430 3524 586 3586 putat
619 3516 823 3587 Σερούχ
859 3513 1146 3586 ὲρεθισμόν
1178 3517 1343 3579 verti,
1391 3531 1515 3571 cum
1548 3519 1622 3573 ita
1649 3520 2032 3576 seribendum-

433 3591 505 3642 sit
534 3588 634 3640 boe
667 3601 886 3648 nomeu,
921 3585 1147 3654 Σερούγ,
1180 3591 1234 3638 et
1271 3601 1366 3654 pro
1404 3588 1642 3655 aqinem,
1664 3604 1775 3643 nou
1819 3590 2007 3644 irrita·

439 3659 632 3709 tionem
684 3657 970 3723 significet.
1022 3653 1149 3706 llaec
1200 3655 1308 3709 ille.
1341 3605 1544 3711 ls’erum
1592 3660 1863 3728 purgandi
1904 3661 2009 3713 hoe

435 3726 655 3795 quidem
691 3728 808 3780 loeo
836 3723 1124 3793 Epipbauii
1155 3723 1330 3780 facilis
1358 3736 1443 3780 est
1471 3739 1525 3782 et
1551 3730 1817 3799 explicata
1846 3731 2005 3784 ratio.

435 3797 680 3852 Primum
710 3797 863 3871 euim
889 3793 1112 3866 Σερούχ,
1144 3809 1254 3848 non
1300 3795 1504 3868 Σερούγ
1532 3799 1882 3854 scribendum
1930 3800 2012 3852 illi

438 3868 560 3930 l'uit,
591 3880 716 3921 cum
755 3868 935 3934 priore
981 3867 1143 3917 modo
1188 3862 1331 3919 Lxx
1364 3868 1738 3938 conceperint.
1778 3867 1845 3923 Et
1893 3868 2012 3924 lieri

437 3945 638 4008 potest,
671 3946 729 3989 ut
762 3935 1025 3989 llebraice
1050 3948 1269 4003 quoque
1293 3937 1485 3992 saltem
1516 3940 1724 4008 aliquot
1752 3939 1806 3994 in
1829 3954 2015 3994 exem-

438 4008 684 4078 plaribus
715 4014 870 4067 tlt-uz}
899 4019 1007 4057 non
1044 4012 1188 4064 :mv
1222 4006 1421 4060 lectum
1453 4008 1524 4062 sit
1551 4029 1564 4064 2
1591 4023 1656 4063 ex
1686 4024 1796 4078 quo
1829 4008 2017 4063 Graece

441 4076 647 4150 Σερούχ
704 4077 994 4130 ediderunt
1037 4072 1200 4138 Lxx.
1245 4075 1379 4129 Nam
1418 4087 1458 4138 Π
1528 4092 1588 4132 er
1625 4097 1660 4149 χ
1695 4079 2018 4149 plerumque

439 4149 593 4203 reddi
641 4147 799 4208 solet,
837 4155 896 4198 ut
946 4147 1000 4197 in
1046 4154 1174 4204 'rm
1209 4154 1264 4199 et
1316 4156 1422 4207 nrt,
1515 4147 1676 4201 achor
1723 4161 1778 4201 et
1826 4147 2016 4203 cnam.

443 4217 735 4287 Utcunque
760 4231 887 4271 vero
914 4214 1178 4283 scriptum
1203 4217 1496 4280 exstiterit,
1530 4226 1706 4287 potest
1733 4219 2020 4272 commoda

444 4292 627 4356 aliqua
661 4287 1110 4355 interpretatione
1155 4282 1444 4355 Epipliauii
1476 4289 1749 4354 glossema
1776 4287 2018 4342 delendi.

445 4355 505 4411 lu
545 4358 734 4426 primis
791 4364 913 4417 rim
941 4355 1243 4422 perplexum
1293 4371 1426 4422 esse,
1493 4367 1657 4426 atque
1710 4357 2023 4411 intricatum

446 4428 720 4499 significat
749 4445 763 4480 :
800 4427 942 4480 uude
969 4434 1133 4488 :wi-tw,
1172 4438 1425 4494 propaqo,
1459 4441 1567 4481 non
1595 4436 1770 4514 ΡῚἾΨ,
1806 4435 1866 4482 ut
1894 4428 2023 4483 Cal·

445 4500 660 4554 vinistae
716 4498 935 4565 placuit.
990 4495 1169 4560 Quare
1216 4510 1498 4565 perperam
1529 4504 1583 4552 et
1627 4501 1743 4568 ipse
1793 4497 2021 4570 Σερούγ,

2103 3384 2247 3451 Quin
2282 3391 2338 3439 et
2384 3378 2516 3435 illud
2562 3387 2754 3434 wintra
2797 3386 2962 3447 atque
3009 3374 3281 3429 Eusebius
3331 3373 3576 3443 scripsit,
3613 3372 3710 3429 ab.

2104 3451 2409 3523 Epiphanio
2436 3449 2819 3519 subjungitur:
2858 3467 2875 3496 ι
2902 3446 3149 3500 Nondum
3168 3453 3327 3500 aetate
3345 3441 3556 3499 Serucb
3604 3442 3689 3496 la·

2108 3523 2282 3595 pules,
2335 3522 2585 3591 ligneave
2637 3518 2956 3583 simulacra,
3008 3526 3102 3570 aut
3150 3530 3319 3578 aurea
3363 3523 3706 3585 argenteave-

2110 3593 2405 3656 sabricata3
2436 3589 2531 3645 sed
2565 3588 2619 3643 in
2662 3588 2912 3658 picturiS,
2948 3594 3003 3640 et
3044 3585 3321 3639 coloribus
3351 3598 3590 3648 omnem,
3627 3591 3704 3637 ut.

2111 3663 2484 3717 Tertullianus
2532 3660 2795 3727 loquitur,
2838 3655 3162 3710 itlololatriae
3206 3665 3519 3723 paraturam
3557 3666 3692 3708 eon-

2112 3732 2338 3790 stitisse.
2368 3749 2387 3782 ι
2426 3727 2699 3801 Eusebius
2717 3741 2878 3782 vero:
2919 3724 3090 3788 Αὐτὸς
3115 3725 3244 3796 γάρ,
3276 3726 3469 3794 inquit.
3513 3723 3608 3777 καὶ
3639 3722 3694 3776 οἱ

2116 3804 2212 3857 σὺν
2253 3797 2402 3870 αὐτῷ
2437 3800 2565 3859 τοὺς
2605 3797 2773 3853 πάλαι
2827 3793 3149 3866 γενομένους
3191 3796 3224 3867 ἢ
3270 3794 3621 3865 πολεμιστὰς,
3657 3792 3712 3863 ἦ,

2114 3871 2408 3946 ἡγεμόνας,
2441 3869 2537 3923 καί
2564 3884 2616 3921 τι
2647 3866 2955 3940 πράξαντας
2982 3865 3224 3937 ἀνδρίας.
3248 3866 3280 3937 ἢ
3314 3865 3516 3937 ἀρετῆς
3546 3861 3696 3928 ἄξιον

2116 3945 2175 3997 ὲν
2206 3941 2285 4012 τῷ
2306 3940 2407 4012 βίῳ
2441 3939 2544 3995 τοῦ,
2585 3935 3037 4010 μνημονεύεσθαι,
3072 3936 3167 3990 καὶ
3206 3935 3281 4000 ὡς
3314 3936 3472 3998 ὄντας
3517 3931 3696 3987 αὐτῶν

2120 4013 2475 4085 προπάτορας
2528 4009 2779 4080 ἀνδριάσι
2818 4006 3029 4080 στηλῶν
3080 4006 3367 4077 ἐτίμησαν.
3400 4006 3533 4070 Quae
3586 4006 3693 4056 lor-

2120 4081 2285 4138 tassis
2320 4082 2374 4135 in
2428 4079 2781 4135 concordiam
2834 4078 3005 4146 redigi
3053 4076 3125 4130 ita
3178 4082 3427 4145 possunt,
3466 4083 3525 4129 ut
3570 4072 3696 4143 Epi·-

2122 4151 2355 4222 phauius
2380 4149 2545 4213 idola,
2577 4163 2643 4202 ae
2678 4149 2971 4204 simulat-ra
2998 4146 3266 4200 duntaxat
3298 4146 3502 4200 allabre
3533 4144 3693 4205 laeta,

2122 4230 2176 4277 et
2219 4219 2492 4274 caelaturis
2536 4217 2769 4288 effigiata
2816 4231 2916 4287 per
2967 4216 3102 4270 illud
3149 4224 3365 4285 tempus
3420 4214 3701 4270 exstitisse

2125 4299 2313 4362 ueget;
2370 4303 2483 4344 non
2521 4295 2703 4342 autem
2742 4286 3008 4341 iul‘ormes
3052 4297 3298 4352 trtmcos,
3331 4292 3425 4339 aut
3471 4285 3702 4353 lapideS,

2125 4365 2241 4417 sive
2298 4361 2630 4414 columnas:
2682 4356 2751 4412 de
2832 4356 2993 4411 uibus
3034 4354 3303 4412 Eusebius
3349 4356 3704 4424 accipiendus

2125 4439 2231 4496 est,
2265 4445 2389 4487 cum
2420 4443 2515 4484 eas
2542 4435 2702 4482 vocat
2734 4373 3056 4496 ἀνίὲριάντας
3090 4425 3321 4496 στηλῶν.
3351 4426 3433 4480 Ab
3462 4427 3530 4480 iis
3556 4426 3704 4479 enim

2129 4501 2380 4563 rudibus,
2430 4507 2485 4554 et
2524 4497 2785 4567 impolitis
2811 4497 3027 4560 statuis,
3064 4503 3121 4550 et
3164 4496 3434 4551 columnis
3472 4496 3698 4550 idolola-

445 4572 754 4649 sivefflnjw,
778 4566 1128 4647 ⁸propaginem
1179 4568 1381 4630 vertit;
1418 4581 1543 4652 cum
1598 4577 1736 4623 ratio
1752 4573 2022 4648 postulet,
2132 4571 2239 4626 tria
2272 4570 2460 4640 coepit.
2495 4568 2667 4650 Clem.
2694 4567 2848 4621 Alex.
2884 4562 3081 4620 Strom.
3111 4581 3152 4627 ι,
3185 4565 3322 4635 Πρὶν
3343 4567 3392 4633 γ’
3428 4561 3522 4619 οὖν
3550 4567 3707 4649 ἀκρι-

449 4650 509 4692 υι
539 4649 611 4692 stt
662 4643 962 4698 intimatus,
1018 4644 1073 4689 et
1121 4636 1417 4715 perplexus.
1475 4637 1544 4690 ht
1594 4654 1855 4708 quoniam
1903 4655 2023 4707 qtiae
2055 4656 2102 4714 Ι)
2128 4640 2367 4712 σωθῆναι
2394 4639 2494 4702 τὰς
2522 4655 2631 4691 των
2670 4635 2997 4707 ἀγαλμάτων
3030 4634 3262 4708 σχέσεις,
3300 4637 3487 4700 κίονας
3521 4637 3707 4690 ισταν-

448 4710 716 4778 cjusmodi
753 4716 902 4770 suut,
939 4707 1040 4759 lioe
1068 4714 1172 4771 est,
1207 4710 1481 4774 implicata
1497 4717 1551 4762 et
1573 4711 1847 4777 perplexa,
1873 4713 2026 4765 tricis
2128 4730 2220 4776 τες
2258 4713 2307 4764 οἱ
2338 4704 2561 4764 παλαιοὶ
2606 4707 2791 4760 ἐσεὸον
2831 4706 3071 4769 τούτους.
3106 4704 3181 4767 ὡς
3225 4703 3573 4777 ἀφιδρύματα
3608 4704 3706 4760 τοῦ

451 4782 567 4834 suis
612 4778 906 4850 ἐρεθίζειν,
954 4790 1266 4844 provocare.
1334 4785 1498 4846 atque
1549 4780 1767 4833 irritare
1815 4781 2027 4834 solent:

451 4852 580 4905 iude
614 4851 848 4903 fortasse
878 4854 1022 4907 :tl-tw
1057 4846 1119 4898 τὸ
1149 4844 1416 4916 ἑρεθῖζον,
1448 4846 1529 4901 vel
1562 4848 1852 4920 ὲρεθισμός
1891 4850 2031 4904 dici·

454 4929 568 4984 tur,
601 4935 664 4973 ex
700 4919 1068 4972 reconditior-e
1111 4917 1313 4986 lingua.
1346 4914 1466 4970 Non
1497 4921 1645 4973 emm
1689 4933 1879 4974 onmes
1911 4936 2032 4972 om-

454 4993 608 5044 nium
645 5003 837 5042 vocum
878 4994 1178 5056 potestates
1204 4990 1257 5040 in
1303 4989 1479 5041 saeris
1514 4989 1710 5044 litteris
1751 5004 2031 5059 expressae

456 5071 606 5116 sunt.
643 5062 740 5114 eiu
768 5068 853 5112 est
897 5065 955 5110 ut
983 5066 1125 5117 ΠῚ-ιο
1162 5054 1305 5109 Lxx
1342 5059 1397 5111 in
1426 5055 1652 5119 Hebraeo
1704 5062 2029 5129 repererint,

457 5131 551 5200 qui
581 5129 786 5199 Σερούχ
805 5131 1178 5196 scripserunt3
1208 5127 1506 5181 bellissime
1536 5130 1604 5183 ad
1637 5130 1782 5184 hune
1809 5131 2030 5184 modum

458 5202 771 5269 quadrabit.
806 5209 928 5260 ΠὋ
965 5197 1257 5256 Chaldaeis.
1286 5207 1342 5251 et
1375 5195 1644 5254 Rabbinis
1683 5206 1770 5255 est
1795 5215 2031 5265 perverse

460 5286 614 5341 apere
640 5270 789 5325 Sam.
817 5269 882 5335 ll,
911 5284 1033 5338 cap.
1059 5267 1148 5332 19,
1188 5267 1255 5322 de
1279 5267 1492 5324 Semei:
1525 5281 1646 5330 ΠὋ
1683 5278 1762 5334 π,
1797 5285 2033 5339 perverse

461 5367 586 5434 eyit,
623 5363 914 5417 rebellavit.
949 5361 1086 5417 llinc
1109 5371 1271 5451 ῘΙΤἾὍ
1310 5339 1586 5443 iniquitas,
1618 5373 1911 5430 peccatum,
1946 5378 2031 5415 re-

464 5458 859 5546 θειιίοςῖἾΠ-ῚὮ
879 5456 1110 5513 rebelles.
1144 5458 1280 5514 Vide
1320 5458 1494 5514 Etiam
1527 5460 1582 5514 in
1628 5457 1826 5513 Thi-sbi.
1881 5458 2032 5514 ludi-

466 5553 697 5622 demque
725 5550 931 5622 Σερούχ
955 5551 1057 5605 boe
1089 5557 1174 5605 est
1211 5565 1242 5603 a
1273 5551 1586 5615 rebellione,
1609 5549 1953 5607 contumacia
1980 5558 2033 5604 et

471 5621 758 5695 ἐρεθισμῷ.
791 5621 992 5676 Eadem
1021 5635 1126 5675 vox
1159 5618 1424 5675 Hebraiee
1461 5621 1602 5675 idem
1631 5628 1717 5676 est
1744 5634 1808 5674 ae
1834 5634 2030 5690 super-

466 5694 635 5748 lluum
662 5704 806 5756 esse,
840 5691 1166 5755 redundare,
1199 5690 1346 5760 quod
1373 5701 1427 5744 et
1453 5693 1615 5747 aliam
1642 5689 1884 5762 ejusdem
1932 5706 2034 5745 no-

468 5763 636 5818 tionis
659 5762 926 5832 originem
976 5760 1221 5816 iudicat:
1273 5762 1429 5832 quasi
1468 5762 1560 5826 sit,
1607 5764 1671 5816 ὲκ
1712 5761 2033 5833 περιουσίας

470 5830 734 5905 ὑσρίζειν,
765 5829 1036 5896 lascivire,
1083 5837 1137 5888 et
1171 5831 1457 5899 insultare,
1487 5847 1551 5887 ae
1568 5831 1871 5904 procaciter
1905 5832 2034 5889 irri-

474 5915 613 5964 ·πε.
643 5905 740 5963 Est
789 5904 883 5962 itta
913 5918 1045 5963 vero
1100 5902 1391 5978 Epiphanii
1442 5902 1818 5974 interpretatio
1870 5903 2032 5973 longe,

2129 4781 2287 4837 Θεοῦ.
2320 4780 2478 4848 Quod
2512 4779 2579 4832 ad
2609 4779 2731 4848 ejus
2762 4777 3050 4840 columnae,
3084 4790 3206 4844 quae
3239 4775 3503 4830 lsraelitis
3538 4780 3591 4830 in
3617 4790 3708 4829 so·

2131 4852 2366 4906 titudine
2393 4849 2639 4920 praeibat,
2669 4846 3025 4902 imitationem
3049 4845 3391 4914 expressisse
3424 4847 3705 4901 daemones

2134 4922 2335 4979 ibidem
2365 4920 2632 4990 disputat.
2673 4919 2765 4971 Sic
2798 4917 3159 4973 Athenienses
3189 4930 3284 4984 pro
3313 4915 3521 4971 toribus
3554 4917 3712 4970 colu-

2134 4993 2348 5052 mellas,
2402 5002 2457 5046 et
2490 4988 2764 5043 obeliscos
2802 4987 3039 5057 Apollini
3091 4985 3511 5047 consecrabant,
3543 5001 3707 5056 quem

2132 5059 2357 5131 Ἀγυιέα
2394 5060 2682 5115 vocabant.
2731 5056 3011 5127 Aristopb.
3075 5056 3281 5110 scholia
3336 5056 3404 5109 ad
3459 5057 3714 5127 Σφῆκας.

2145 5133 2393 5202 Ἀγυιεὺς
2419 5130 2553 5184 κίων
2582 5128 2662 5191 εἰς
2689 5125 2782 5192 ὀξὺ
2807 5127 3008 5198 λήγων,
3031 5125 3090 5179 ὃν
3125 5126 3303 5180 ἱστᾶσι
3336 5125 3442 5195 πρὸ
3478 5127 3587 5179 τῶν
3617 5125 3713 5177 θυ-

2135 5202 2246 5277 ρῶν
2268 5218 2283 5232 ·
2328 5201 2488 5263 ἰδίους
2517 5197 2573 5251 δέ
2601 5214 2764 5266 φασιν
2802 5198 2998 5261 αὐτοὺς
3024 5192 3163 5251 εἶναι
3200 5194 3553 5260 Ἀπόλλωνος,
3575 5195 3624 5248 οἱ
3652 5195 3710 5248 δὲ

2133 5271 2409 5335 Διονύσου,
2439 5270 2489 5323 οἱ
2516 5267 2572 5322 δὲ
2600 5271 2824 5339 ἀμφοῖν.
2868 5267 2930 5321 lli
2957 5277 3082 5320 sunt
3125 5266 3187 5319 θυ
3226 5268 3353 5331 aiot,
3388 5273 3444 5321 et
3467 5264 3711 5337 ἀντήλιοι

2134 5344 2264 5398 θεοί.
2315 5339 2525 5396 Tertul.
2562 5337 2781 5408 Apoloy.
2814 5336 3034 5392 :Etiam
3068 5351 3170 5405 opu
3260 5335 3476 5392 Groecos
3502 5336 3714 5404 Apolli.-

2134 5431 2251 5469 nem
2267 5411 2518 5483 Θυραίον,
2546 5419 2597 5465 et
2623 5409 2860 5463 Antelios
2881 5406 3145 5462 doemones
3170 5408 3423 5461 ostiorum
3453 5406 3721 5476 prersides-

2135 5485 2375 5553 legimus.
2405 5475 2710 5550 llesj'cbius
2733 5496 2747 5533 ε
2774 5476 3167 5548 Ἀντῄλιοιθεοὶ
3190 5476 3240 5529 οἱ
3268 5476 3373 5549 πρὸ
3392 5477 3500 5531 τῶν
3529 5475 3711 5548 θυρῶν

2137 5552 2432 5627 ἱδρυμένοι.
2488 5549 2582 5605 Est
2612 5549 2776 5619 igitur
2818 5549 3044 5618 propius
3088 5562 3239 5614 vero,
3284 5547 3545 5603 informes
3584 5548 3716 5602 itlas

2138 5625 2309 5678 moles
2345 5623 2503 5677 initio
2535 5634 2633 5689 pro
2662 5618 2770 5673 diis
2800 5626 3035 5673 erectas.
3077 5615 3213 5671 Tum
3246 5619 3504 5691 paulatim
3532 5626 3710 5672 artem

2134 5708 2200 5749 ae
2224 5692 2551 5764 διάρθρωσιν
2602 5689 2922 5752 accessisse,
2968 5695 3212 5753 auctore,
3260 5695 3318 5743 ut
3356 5688 3557 5752 lerunt,
3593 5687 3713 5741 1)ae-

2134 5763 2279 5819 dalo.
2321 5762 2398 5816 De
2467 5773 2540 5813 uo
2580 5756 2914 5814 'themistius
2949 5756 3103 5814 Orat.
3128 5774 3219 5824 xv,
3257 5773 3324 5814 ae
3355 5757 3576 5813 demum
3614 5773 3713 5815 ex-

2133 5848 2355 5906 pressas
2378 5844 2448 5888 co
2470 5828 2662 5912 oribus
2685 5828 2950 5902 imagines
2976 5837 3031 5884 et
3059 5829 3325 5901 picturas,
3357 5828 3487 5885 lieet
3516 5835 3712 5886 contra

2134 5910 2333 5968 sentiat
2354 5901 2709 5970 Epiphanius.
