3850 6517
399 553 472 611 39
1649 546 1706 599 S.
1747 544 2084 600 EPlPHANll
2122 543 2298 600 vtTA.
3553 549 3625 603 40

406 667 484 724 ris
520 665 588 721 ab
646 663 864 718 homine
902 659 1230 731 peccatore?
1283 657 1333 713 ls
1379 673 1509 713 vero
1536 658 1708 714 dixit:
1775 661 1957 716 Sanus
1988 667 2029 722 Α
2060 661 2279 727 θέντων,
2309 658 2611 729 ἀνεχώρουν
2634 657 2740 712 ἀπὸ
2768 657 3129 728 διαστήματος
3150 657 3242 712 τοῦ
3272 657 3498 712 κελλίου.
3516 657 3624 712 Τοῦ

404 756 528 811 veni
558 756 612 811 in
639 755 783 810 hunc
815 754 1014 817 locum,
1067 762 1121 805 et
1156 742 1282 805 ecce
1315 764 1512 804 manns
1559 764 1676 805 mea
1719 753 1955 806 exaruit.

403 840 738 912 Epiphanius
763 851 942 896 autem
976 839 1112 893 dixit
1138 854 1152 889 ε
1190 835 1370 892 Sanus
1396 835 1614 902 venisti,
1647 852 1813 894 sanus
1836 840 1957 896 iias.

402 932 649 1003 Cumque
685 934 802 1002 ipse
850 946 1068 986 manum
1102 930 1223 1000 ejus
1274 930 1553 1002 tetigisset,
1600 932 1849 988 restituta
1876 941 1962 988 est

399 1030 463 1078 ut
497 1024 623 1078 alia.
655 1021 947 1092 Postquam
990 1030 1168 1076 autem
1196 1022 1449 1078 viderunt
1501 1038 1691 1078 omncs
1719 1022 1960 1096 signum,

402 1113 546 1183 quod
583 1112 782 1167 sactum
817 1111 1016 1177 iuerat,
1049 1112 1274 1167 veniunt
1302 1129 1515 1178 omnes,
1541 1123 1595 1168 et
1622 1115 1961 1184 procidentes

402 1204 468 1258 ad
507 1204 673 1272 pedes
699 1201 1005 1271 Epiphanii,
1039 1201 1276 1259 confessi
1310 1214 1440 1260 sunt
1465 1220 1711 1269 causam,
1744 1213 1962 1274 propter

399 1304 564 1359 quam
595 1290 661 1345 ad
707 1305 830 1345 eum
866 1301 1146 1346 venerant.
1205 1290 1255 1348 ls
1287 1307 1437 1359 vero,
1483 1293 1551 1347 iis
1598 1294 1815 1359 auditis,
1842 1309 1963 1364 quoe

399 1381 656 1435 dixerunt
693 1381 961 1444 homines,
998 1383 1249 1452 cognovit
1301 1384 1448 1454 quod
1500 1386 1743 1454 spiritus,
1798 1402 1960 1456 quem

400 1470 516 1530 inse
543 1472 777 1541 ejecerat
796 1488 860 1527 ex
891 1474 1255 1540 adolescente,
1284 1490 1349 1529 eo
1371 1474 1670 1545 profectus,
1696 1477 1964 1547 affligebat

399 1562 653 1632 puellam.
683 1560 828 1619 Dixit
855 1574 1032 1618 autem
1055 1565 1186 1619 mihi
1231 1563 1563 1635 Epiphanius
1592 1582 1606 1618 z
1644 1565 1836 1638 Surge,
1863 1567 1958 1633 tili,

399 1665 694 1722 sequamur
715 1655 813 1709 bos
838 1654 1107 1709 homines.
1135 1653 1239 1720 Qui
1270 1655 1320 1710 ci
1343 1655 1599 1711 dixerunt
1633 1673 1647 1709 z
1692 1656 1841 1713 Missi
1868 1673 1963 1713 su-

397 1754 544 1802 mus,
569 1754 601 1793 ο
627 1739 808 1807 Pater,
832 1756 861 1795 a
887 1756 1011 1812 rege
1028 1741 1094 1796 ad
1125 1752 1176 1796 te
1199 1742 1374 1797 solum
1401 1746 1569 1814 :quin
1597 1732 1763 1800 etiam
1775 1762 1964 1817 super>-

398 1843 627 1883 vacuum
655 1828 858 1886 animal
888 1831 1233 1898 adducimus,
1254 1841 1314 1888 ut
1331 1833 1380 1888 ei
1404 1832 1662 1891 insidens.
1682 1834 1761 1892 Eo
1781 1845 1959 1892 antem

395 1919 610 1975 dicente
641 1936 657 1972 ι
689 1919 921 1977 Pedibus
941 1923 1188 1977 celeriter
1207 1939 1406 1980 curro:
1434 1941 1622 1981 verum
1663 1927 1751 1982 hic
1778 1914 1959 1984 meum

2058 752 2115 805 δὲ
2145 752 2460 822 Ἐπιφανίου
2511 750 2727 805 ἃπασαν
2755 747 3073 802 ἀκολουθίαν
3123 749 3220 818 τῆς
3254 748 3627 820 πνευματικῆς

2059 818 2307 912 λατρείας
2331 839 2710 903 ὲκτελέσαντος
2733 880 2748 903 ,
2795 837 3005 910 ἣνοιξεν
3029 837 3128 908 τὴν
3161 837 3331 909 θύραν
3365 839 3466 909 τῆς
3497 836 3627 891 κέλ-

2060 933 2177 1002 λης.
2205 929 2354 985 Ἰδὼν
2390 931 2447 984 δὲ
2473 929 2634 984 αὐτὸν
2660 932 2688 983 ὀ
2730 930 2827 1000 τὴν
2853 933 3010 1001 χεῖρα
3056 928 3193 998 ἔχων
3246 929 3624 1002 ξηρανθεῖσαν,

2060 1021 2253 1076 ἔπεσεν
2299 1023 2392 1076 ἐπὶ
2416 1021 2702 1094 πρόσωπον
2728 1022 2820 1073 ἐπὶ
2847 1019 2945 1091 τὴν
2969 1021 3090 1090 γῆν,
3126 1019 3298 1088 λέγων
3315 1037 3329 1051 ·
3379 1021 3628 1090 Ἐλέησόν

2065 1129 2153 1183 με,
2187 1112 2363 1184 μύστα
2392 1111 2697 1183 θεραπευτά
2727 1111 2834 1164 τῶν
2858 1110 3158 1165 ἀθανάτων.
3202 1111 3260 1164 ⁰0
3292 1109 3348 1164 δὲ
3392 1111 3627 1180 Ἐπιφά-

2062 1203 2173 1267 νιός
2199 1221 2364 1276 φησιν
2388 1220 2405 1236 ·
2435 1202 2500 1256 Τί
2539 1203 2705 1265 αἰτεῖς
2738 1200 2890 1272 παρὰ
2923 1198 3209 1272 ἀνθρώπου
3259 1201 3583 1272 ἀμαρτωλοῦ
3610 1222 3626 1266 ;

2074 1291 2132 1344 '0
2167 1292 2226 1345 δὲ
2256 1287 2427 1345 εἶπεν·
2473 1290 2662 1363 Ὑγιὴς
2688 1285 2851 1360 ἦλθον
2879 1289 2959 1352 είς
2984 1288 3073 1341 τὸν
3119 1287 3279 1342 τόπον
3305 1286 3509 1349 τοῦτον.
3535 1291 3630 1342 καὶ

2065 1383 2175 1437 ίδοὺ
2223 1380 2492 1454 ἐξηράνθη
2529 1385 2563 1454 ὴ
2596 1382 2718 1454 χείρ
2749 1398 2874 1452 μου.
2916 1382 2973 1434 Ὀ
2997 1380 3052 1433 δὲ
3101 1379 3417 1449 Ἐπιφάνιος
3443 1374 3626 1432 εἶπεν·

2073 1468 2260 1544 Ύγιὴς
2298 1468 2492 1543 ἦλθες,
2527 1474 2685 1544 ὑγιὴς
2712 1472 2866 1542 γενοῦ
2891 1489 2907 1504 ·
2969 1471 3061 1524 καὶ
3112 1466 3385 1540 ἁψάμενος
3439 1468 3626 1533 αὐτοῦ.

2062 1564 2474 1635 ἀπεκατεστάθη
2501 1565 2676 1637 ὴχεὶρ
2702 1562 2885 1626 αὐτοῦ,
2920 1563 3046 1633 ὠςή
3080 1559 3236 1630 άλλη.
3276 1559 3363 1622 Ὦς
3398 1555 3490 1613 οὖν
3521 1559 3629 1611 ἴδον

2059 1635 2110 1709 οἱ
2136 1654 2285 1710 ἄλλοι
2308 1654 2509 1719 πάντες
2534 1655 2595 1708 τὸ
2615 1653 2835 1722 γεγονὸς
2858 1654 3102 1724 σημεῖον,
3128 1651 3375 1722 ἔρχονται
3406 1650 3625 1712 πάντες,

2062 1748 2156 1801 καὶ
2176 1746 2573 1819 προσπεσόντες
2599 1744 2921 1815 Ἐπιφανίῳ,
2956 1741 3266 1815 ὡμολόγουν
3294 1740 3392 1813 τὴν
3424 1739 3629 1807 αἰτίαν,

2060 1834 2128 1889 δι’
2160 1835 2228 1906 ἣν
2257 1835 2509 1906 πάρεισιν
2541 1833 2675 1905 πρὸς
2703 1833 2885 1886 αὐτόν.
2916 1830 3023 1885 Τοῦ
3050 1831 3108 1884 δὲ
3143 1829 3473 1892 ἀκούσαντος
3499 1828 3626 1891 τοὺς

2060 1925 2250 1994 λόγους
2282 1925 2390 1980 τῶν
2417 1924 2735 1997 ἀνθρώπιον,
2770 1921 2930 1992 ἔγνω,
2958 1923 3039 1976 ὅτι
3068 1921 3129 1974 τὸ
3165 1918 3383 1990 πνεῦμα
3416 1917 3478 1972 τὸ
3505 1917 3628 1971 διω-

396 2022 505 2062 non
529 2009 828 2080 relinquam
851 2011 1202 2081 discipulum.
1221 2013 1326 2082 lpsi
1349 2029 1541 2069 rursus
1560 2014 1815 2072 dixerunt
1835 2032 1960 2072 cum
1996 2005 2037 2060 Β
2062 2015 2188 2087 χθὲν
2221 2015 2312 2069 ὑπ’
2349 2014 2516 2068 αὑτοῦ
2555 2013 2662 2067 ἀπὸ
2686 2013 2780 2066 τοῦ
2806 2012 3088 2065 νεανίσκου
3112 2050 3127 2076 ,
3171 2009 3330 2063 τοῦτο
3366 2007 3630 2080 πορευθὲν

395 2111 594 2169 magno
625 2111 771 2155 metu
799 2114 815 2150 ι
844 2100 1058 2156 Adsunt
1087 2118 1186 2172 pro
1224 2104 1470 2173 utrisque
1490 2106 1687 2160 cameli
1713 2123 1728 2170 ς
1752 2109 1962 2162 solum·

397 2189 560 2243 modo
581 2190 828 2247 lubenter
857 2205 1103 2261 sequere.
1133 2191 1365 2258 Quidam
1393 2204 1573 2249 autem
1603 2196 1812 2266 lepidus
1838 2198 1963 2254 ado-

397 2280 606 2336 lescens
633 2281 686 2336 in
714 2280 906 2338 faciem
931 2282 1146 2349 cecidit,
1165 2294 1219 2339 et
1243 2284 1509 2352 adoravit,
1539 2286 1727 2344 dicens
1756 2305 1769 2341 :
1803 2286 1963 2360 igno-

396 2383 487 2424 sce
515 2370 671 2434 mihi,
710 2370 891 2427 Pater.
921 2370 987 2426 Et
1015 2372 1350 2442 Epiphanius
1378 2375 1428 2428 ei
1455 2374 1667 2444 placido
1692 2376 1844 2430 vultu
1877 2378 1962 2432 di-

396 2458 476 2513 xit
509 2475 524 2511 :
557 2458 752 2532 Surge,
772 2459 913 2516 Deus
942 2471 994 2517 te
1019 2461 1323 2530 benedicat,
1346 2463 1613 2519 tili.Tunc
1639 2464 1958 2524 adolescens

397 2562 592 2620 magna
630 2548 853 2605 affectus
882 2550 1049 2605 animi
1084 2552 1498 2623 tranquillitate,
1531 2553 1748 2609 duabus
1776 2557 1957 2611 mani-

398 2635 503 2691 bus
535 2637 809 2707 accipiens
833 2637 1197 2709 Epiphanium
1227 2641 1485 2712 imposuit
1526 2642 1955 2702 dromocamelo.

396 2726 479 2782 Ad
501 2741 590 2784 me
617 2738 796 2783 autem
822 2729 1070 2796 veniens,
1094 2731 1226 2785 mihi
1250 2747 1468 2802 quoque
1505 2731 1633 2788 lecit
1655 2733 1909 2791 similiter
1938 2753 1953 2789 ε

397 2816 622 2887 ipseque
643 2819 883 2874 anteibat
913 2819 1124 2892 primus
1151 2821 1605 2882 dromocamelos.

2057 2107 2267 2162 ἐθλιδεν
2311 2107 2410 2178 τὴν
2467 2105 2651 2160 παῖδα.
2716 2100 2882 2158 Εἶπεν
2919 2102 2975 2156 δὲ
2997 2096 3315 2171 Ἐπιφάνιος
3344 2099 3480 2171 πρὸς
3516 2098 3584 2171 μέ
3609 2115 3626 2131 ·

2071 2197 2323 2261 Ἀνάστα,
2353 2195 2563 2259 τέκνον,
2597 2192 3045 2266 ἀκολουθήσωμεν
3070 2195 3181 2256 τοῖς
3206 2189 3530 2262 ἀνθρώποις.
3560 2188 3628 2240 Οἱ

2056 2286 2113 2339 δὲ
2142 2286 2277 2357 πρὸς
2309 2285 2471 2340 αὐτόν
2493 2300 2508 2314 ·
2538 2284 2652 2338 Οὐκ
2675 2284 3077 2355 ἀπεστάλημεν,
3108 2282 3293 2355 φησιν,
3340 2280 3542 2351 Πάτερ,
3577 2279 3628 2330 εί

2062 2377 2136 2448 μὴ
2161 2376 2295 2448 πρὸς
2329 2376 2389 2430 σε
2424 2374 2530 2429 ὑπὸ
2564 2373 2659 2429 τοῦ
2689 2372 2969 2446 βασιλέως,
3000 2366 3045 2442 ᾧ
3074 2374 3170 2428 καὶ
3196 2369 3333 2438 ζῶον
3370 2367 3629 2440 περισσὸν

2063 2466 2413 2539 ἐπιφέρομεν,
2441 2467 2589 2529 ὅπως
2616 2466 2906 2537 καθεσθῇς.
2925 2465 3032 2519 Τοῦ
3061 2465 3117 2521 δὲ
3147 2464 3394 2535 λέγοντος
3415 2480 3429 2493 ·
3463 2460 3629 2514 [Ioci-e

2062 2557 2227 2624 ὀξέως
2264 2557 2462 2628 τρέχω,
2495 2556 2654 2628 μόνον
2684 2557 2775 2610 τὸν
2799 2557 2929 2627 ἐμὸν
2952 2555 3202 2629 μαθητὴν
3240 2556 3340 2611 οὐκ
3370 2553 3437 2609 ἂν
3486 2553 3628 2607 ὲάσω

2062 2641 2187 2704 ὧδε.
2240 2648 2401 2701 Αὐτοὶ
2459 2647 2622 2702 πάλιν
2691 2648 2873 2718 ἔλεγον
2927 2649 3068 2721 μετὰ
3139 2649 3305 2719 φόὸου
3354 2644 3589 2717 μεγάλου
3609 2659 3623 2671 ·

2066 2737 2318 2791 Ἀπεισιν
2370 2739 2427 2792 αί
2479 2738 2714 2810 κάμηλοι
2770 2740 2879 2794 ἀπὸ
2906 2739 3015 2793 τῶν
3064 2738 3386 2811 ἀμφοτέρων
3408 2749 3424 2762 ·
3466 2731 3622 2797 μόνον
3718 2767 3746 2778 ae

2062 2829 2306 2900 εὐμενῶς
2342 2832 2708 2901 ἀκολούθησον
2738 2835 2847 2894 σοῖς
2875 2829 3099 2889 δούλοις.
3135 2822 3229 2886 Εἷς
3266 2821 3320 2872 δέ
3340 2833 3422 2879 τις
3450 2811 3617 2867 νεανί-

398 2921 526 2969 σκος
548 2907 755 2981 χαρίεις
782 2908 973 2963 ἔπεσεν
1009 2911 1100 2963 ἐπὶ
1152 2912 1456 2981 πρόσωπον,
1490 2915 1584 2967 καὶ
1643 2917 2046 2990 προσεκύνησεν
2106 2919 2275 2990 αὐτῷ,
2303 2918 2505 2988 λέγων·
2534 2916 2889 2987 Συγχώρησόν
2938 2928 3048 2983 μοι,
3095 2913 3294 2980 Πάτερ.
3318 2906 3451 2961 Τότε
3469 2904 3618 2960 Ἐπι·

398 2995 586 3066 φάνιος
610 2998 828 3066 εὐμενεῖ
850 2999 926 3070 τῷ
970 3000 1242 3073 προσώπῳ
1305 3000 1456 3057 εἶπεν
1482 3006 1617 3077 πρὸς
1664 3009 1824 3062 αὐτόν
1843 3025 1858 3039 ·
1905 3011 2156 3076 ’Δνάστα,
2184 3012 2214 3063 ό
2269 3008 2399 3071 Θεὸς
2440 3008 2718 3078 εύλογήσει
2769 3021 2847 3070 σε,
2874 3004 3082 3056 τέκνον.
3129 3001 3264 3053 Τότε
3290 3001 3320 3052 ό
3344 2997 3625 3060 νεανίσκος

398 3088 455 3141 ὲν
488 3088 653 3160 πολλῇ
709 3092 1057 3158 καταστάσει,
1107 3097 1226 3158 ταῖς
1276 3095 1396 3150 δυσὶ
1441 3098 1715 3168 παλάμαις
1755 3101 1918 3155 αὐτοῦ
1975 3103 2268 3174 λαύόμενος
2296 3100 2633 3171 Ἐπιφανίου,
2690 3098 2956 3170 ἐπέθηκεν
3012 3095 3174 3152 αὐτὸν
3207 3096 3301 3151 ἐπὶ
3360 3092 3624 3166 δρομικῆς

397 3187 658 3258 καμήλου.
703 3187 903 3243 Ἐλθὼν
928 3188 985 3242 δὲ
1017 3189 1151 3258 πρὸς
1181 3190 1268 3260 μὲ,
1301 3192 1552 3262 ἐποίησεν
1589 3193 1788 3264 ὁμοίως
1811 3208 1829 3226 ·
1882 3198 1977 3250 καὶ
2013 3194 2172 3259 αὐτὸς
2198 3193 2440 3259 ὲὸάδιζεν
2473 3189 2687 3265 πρῶτος
2719 3192 2827 3245 τῶν
2861 3189 3315 3262 δρομοκαμὴλων.

469 3278 607 3335 xw.
639 3280 772 3336 Cum
829 3296 960 3336 vero
991 3281 1417 3339 coniecissemus
1456 3285 1674 3356 triginta
1717 3289 1961 3358 quinque
1986 3295 2029 3352 c
2130 3284 2223 3340 13⁹.
2270 3285 2634 3341 Ὀδευσὰντων
2680 3282 2737 3337 δὲ
2764 3280 2920 3352 ὴμῶν
2954 3281 3123 3352 μονὰς
3178 3279 3273 3341 λε’,
3315 3278 3626 3348 ἐφθάσαμεν

394 3371 727 3437 mansiones,
759 3373 1105 3442 pervenimus
1138 3372 1202 3425 ad
1236 3374 1464 3443 regiam,
1495 3385 1548 3430 et
1579 3377 1880 3432 mansimus
1903 3378 1956 3431 in

395 3460 538 3528 loco,
573 3462 664 3533 qui
693 3462 894 3518 dicitur
916 3460 1105 3518 Urion.
1130 3462 1264 3520 Tres
1294 3473 1474 3520 autem
1503 3480 1570 3521 ex
1596 3467 1676 3521 eis
1704 3466 1956 3536 ingressi,

396 3553 509 3623 regi
549 3552 950 3608 renuntiarunt.
979 3553 1225 3624 Cumque
1257 3572 1352 3610 rex
1397 3550 1654 3625 jussiss‘et
1709 3556 1777 3610 ad
1831 3572 1957 3610 eum

396 3643 605 3714 ingredi
639 3643 1023 3713 Epiphanium,
1046 3645 1268 3715 perinde
1294 3645 1395 3700 l'nit
1419 3646 1711 3715 tranquillo
1729 3654 1784 3700 et
1809 3661 1961 3700 com·

396 3734 574 3804 posito
606 3734 808 3799 animo,
841 3746 1001 3804 atque
1038 3737 1082 3792 si
1116 3752 1295 3807 regem
1331 3752 1438 3792 non
1466 3746 1612 3793 esset
1658 3745 1958 3793 conventu-

400 3841 512 3881 rus.
545 3824 699 3881 Tunc
719 3843 805 3881 me
826 3842 951 3881 eum
969 3838 1286 3898 sequentem
1319 3829 1518 3883 invasit
1540 3842 1768 3899 magnus
1795 3828 1959 3883 timor

394 3924 450 3968 et
482 3924 707 3970 tremor.
766 3913 903 3969 Nam
970 3931 1094 3970 cum
1147 3916 1404 3972 vidissem
1462 3916 1688 3971 multam
1742 3917 1957 3972 turbam

395 4010 686 4068 astantem,
718 4002 772 4056 in
804 4003 984 4059 varias
1016 4013 1196 4074 partes
1222 4006 1501 4061 versabam
1528 4007 1792 4060 animum.
1819 4005 1956 4061 Cum

394 4102 577 4148 autem
604 4092 713 4164 regi
734 4095 1226 4164 appropinquasset
1257 4094 1616 4165 EpiphaniuS,
1647 4110 1740 4149 rex
1769 4096 1957 4149 statim

393 4185 632 4239 surrexit
661 4200 691 4238 a
721 4185 865 4239 sede.
899 4185 1029 4254 Regi
1054 4200 1182 4240 vero
1214 4185 1349 4240 dixit
1384 4185 1721 4255 Epiphanius
1748 4201 1761 4238 ι
1799 4182 1956 4250 Sede,

399 4276 494 4341 lili,
536 4291 699 4344 snper
737 4276 1014 4341 thronum,
1050 4290 1150 4330 nec
1186 4286 1403 4346 propter
1432 4284 1582 4329 tunm
1616 4276 1818 4330 luctum
1859 4276 1961 4329 du·-

398 4366 533 4420 bites
554 4368 758 4422 animo.
789 4365 971 4420 Habeo
991 4366 1134 4422 enim
1171 4365 1360 4430 Deum,
1388 4367 1479 4436 qui
1505 4365 1645 4421 serat
1672 4366 1956 4430 auxilium,

395 4466 449 4514 et
480 4461 777 4514 daemonem
818 4458 999 4527 pullat.
1047 4457 1236 4512 Solum
1284 4457 1444 4512 crede
1475 4455 1589 4513 Deo
1640 4457 1875 4526 benigno
1906 4466 1961 4512 et

396 4552 667 4617 elementi,
699 4549 777 4622 [et
811 4549 1019 4605 videbis
1049 4549 1157 4604 cito
1187 4548 1278 4604 Dei
1313 4550 1588 4623 gratiamJ.
1628 4548 1704 4605 Ne
1738 4550 1959 4605 aberres

2058 3378 2157 3447 τὴν
2198 3374 2461 3445 βασιλίδα,
2490 3374 2785 3446 ἐμείναμεν
2809 3372 2879 3425 δὲ’
2902 3372 2960 3425 ὲν
2979 3371 3130 3442 τόπῳ
3172 3368 3488 3442 καλουμένῳ
3526 3369 3625 3422 Οὐ-

2061 3465 2182 3537 ρίῳ.
2212 3467 2374 3536 Τρεῖς
2400 3465 2457 3519 δὲ
2486 3467 2580 3519 ἀπ’
2609 3464 2789 3519 αὐτῶν
2823 3461 3157 3526 εἰσελθόντες
3197 3461 3523 3534 ἀνήγγειλάν
3548 3459 3628 3532 τῷ

2060 3555 2282 3624 βασιλεῖ.
2317 3557 2427 3610 Καὶ
2462 3555 2526 3626 δὴ
2559 3554 2914 3616 κελεύσαντος
2941 3553 3033 3607 τοῦ
3087 3553 3347 3622 βασιλέως
3387 3553 3626 3624 εἰσέρχε-

2060 3644 2184 3697 σθαι
2214 3646 2349 3714 πρὸς
2396 3646 2556 3698 αὑτὸν
2616 3644 2709 3698 τὸν
2741 3643 3077 3711 Ἐπιφάνιον,
3134 3643 3306 3713 εἰσῄει
3359 3644 3419 3696 έν
3457 3644 3626 3716 πολλῇ

2060 3734 2410 3797 καταστάσει,
2427 3734 2501 3796 ὡς
2528 3733 2602 3804 μὴ
2632 3734 2910 3802 συντυχεῖν
2930 3732 3065 3800 έχων
3093 3732 3175 3785 ἐνὶ
3201 3734 3309 3787 τῶν
3341 3732 3625 3804 βασιλέων.

2059 3825 2192 3878 Τότε
2217 3825 2281 3896 δὴ
2306 3822 2418 3893 ἐγὼ
2443 3823 2615 3878 ὀπίσω
2634 3822 2809 3896 τούτῳ
2838 3825 3055 3896 βαίνων,
3083 3824 3246 3895 φόὸος
3289 3827 3384 3880 καὶ
3425 3829 3626 3899 τρόμος

2058 3915 2251 3969 ἔπεσεν
2274 3916 2359 3969 ἐπ’
2383 3914 2505 3986 ἐμέ.
2552 3912 2697 3968 Ἰδὼν
2727 3914 2837 3987 γὰρ
2869 3913 3056 3985 ὄχλους
3078 3914 3446 3987 περιεστῶτας
3478 3917 3626 3987 αὐτῷ

2060 4007 2306 4071 πολλοὺς,
2339 4006 2632 4077 ὲδονούμην
2654 4005 2733 4076 τῷ
2758 4005 3003 4078 λογισμῷ
3023 4024 3145 4077 μου.
3170 4006 3276 4060 Τοῦ
3305 4008 3363 4061 δὲ
3395 4008 3627 4076 Ἑπιφα·

2057 4096 2169 4149 νίου
2205 4097 2519 4163 ἐγγίσαντος
2550 4097 2683 4165 πρὸς
2713 4097 2805 4150 τὸν
2834 4097 3056 4166 βασιλέα
3076 4137 3091 4161 ,
3121 4098 3319 4162 εὐθέως
3365 4098 3623 4170 ἐξανέστη

2058 4189 2087 4239 ὁ
2108 4184 2358 4256 βασιλεὺς
2379 4186 2484 4238 ἀπὸ
2509 4185 2602 4238 τοῦ
2634 4186 2842 4256 θρόνου.
2868 4180 3037 4240 Εἶπεν
3065 4187 3120 4239 δὲ
3154 4188 3468 4258 Ἐπιφάνιος
3489 4192 3625 4260 πρὸς

2059 4278 2150 4332 τὸν
2180 4275 2404 4346 βασιλέα
2428 4292 2443 4307 ·
2483 4275 2743 4342 Κάθισον,
2796 4275 3003 4338 τέκνον,
3061 4277 3153 4329 ἐπὶ
3191 4277 3268 4347 σῷ
3302 4270 3495 4349 θρόνῳ,
3548 4279 3630 4353 μὴ

2058 4369 2271 4434 δίσταζε
2304 4370 2396 4423 ἐπὶ
2423 4368 2500 4440 τῷ
2525 4368 2601 4441 σῷ
2637 4367 2851 4422 πένθει·
2892 4367 2998 4439 ἔχω
3026 4366 3131 4438 γὰρ
3182 4368 3315 4422 Θεὸν
3353 4369 3443 4422 τὸν
3492 4370 3628 4441 βοη-

2060 4459 2275 4522 θοῦντα,
2302 4459 2583 4529 ὲλατήριον
2613 4457 2707 4512 τοῦ
2742 4456 3008 4510 διαόόλου.
3042 4457 3214 4511 Μόνον
3274 4458 3496 4512 πίστευε
3544 4461 3630 4532 τῷ

2062 4547 2453 4620 φιλανθρώπῳ·
2478 4549 2552 4619 μὴ
2583 4547 2799 4616 ἀστόχει
2825 4545 2933 4598 τῶν
2964 4545 3305 4618 λαλουμένων
3330 4587 3345 4613 ,
3384 4548 3478 4601 καὶ
3517 4548 3627 4622 θψῃ

396 4658 426 4696 a
462 4657 626 4712 scopo
679 4656 865 4696 eorum
895 4679 911 4706 ,
966 4657 1088 4710 quae
1143 4641 1422 4710 dicuntur,
1457 4654 1512 4698 et
1545 4644 1753 4699 videbis
1793 4643 1959 4698 filiam
1994 4633 2037 4687 D
2065 4639 2162 4710 τὴν
2197 4639 2358 4692 παῖδα
2388 4637 2536 4707 ὗγῑῆ-
2582 4639 2639 4690 '0
2671 4636 2778 4707 γὰρ
2826 4636 3079 4700 κάκιστος
3130 4637 3339 4708 δαίμων
3382 4638 3623 4709 διωχθεὶς

398 4744 546 4789 tuam
575 4748 763 4789 sanam
794 4732 847 4788 in
875 4732 1074 4790 medio,
1125 4731 1402 4790 Pessimus
1430 4735 1575 4789 enim
1604 4736 1814 4790 daenion
1871 4735 1925 4788 su
1944 4763 1959 4774 ·

398 4835 556 4896 gatus
587 4840 616 4878 a
643 4824 761 4879 loco
784 4838 908 4884 sno,
943 4824 1089 4878 venit
1118 4823 1185 4878 ad
1215 4823 1404 4877 tiliam.
1463 4822 1518 4876 Si
1559 4821 1668 4879 Deo
1696 4823 1960 4879 crucifixo

397 4913 694 4970 credideris
719 4954 733 4979 ,
794 4911 999 4980 fugabit
1052 4928 1176 4967 enm
1224 4928 1253 4967 a
1305 4922 1397 4967 tna
1430 4913 1560 4967 lilia.
1596 4912 1958 4985 [illuminat-e,

399 5004 495 5068 sui,
526 5003 708 5068 corde,
728 5009 782 5056 et
814 4999 1024 5055 videbis
1056 5016 1179 5054 cum
1210 5000 1542 5073 expulsum}
1578 4999 1692 5056 Duc
1721 5016 1842 5057 eam
1892 5001 1960 5056 ad

399 5107 499 5148 nos
534 5094 588 5147 in
622 5092 879 5156 medium,
920 5100 978 5146 et
1010 5091 1216 5146 videbis
1248 5092 1472 5158 gratiani
1503 5091 1722 5162 benigni
1764 5102 1817 5147 et
1845 5092 1959 5147 cle·

397 5182 596 5236 mentis
626 5180 739 5235 Dei.
773 5179 906 5235 Cum
942 5189 1120 5233 autem
1163 5178 1218 5230 in
1253 5178 1485 5231 medium
1537 5177 1774 5232 venisset
1820 5176 1962 5245 regis

399 5272 530 5335 illia,
563 5271 698 5324 «lixit
721 5269 1054 5340 Epiphanius
1090 5269 1271 5323 tiliolae
1299 5287 1312 5322 :
1347 5268 1475 5322 Esto
1500 5261 1717 5337 sapiens
1755 5282 1819 5320 ac
1844 5280 1962 5319 mo-

397 5363 570 5428 desta,
597 5373 649 5417 et
677 5363 901 5416 adorato
930 5372 1081 5416 tuum
1101 5371 1330 5430 patrem.
1361 5359 1544 5429 Lupus
1572 5358 1715 5412 enim
1741 5358 1818 5412 tui
1851 5371 1960 5410 non

398 5453 765 5508 dominabitur
798 5453 1051 5522 amplius.
1105 5451 1231 5506 lizec
1257 5465 1382 5507 cum
1436 5450 1667 5504 dixisset
1724 5447 1962 5519 Epipha-

400 5545 545 5609 nius,
576 5555 629 5599 et
659 5559 777 5598 eam
808 5552 889 5598 ter
932 5544 1222 5612 signasset,
1256 5542 1394 5596 dixit
1439 5540 1676 5604 spiritui,
1711 5539 1805 5609 qui
1838 5553 1957 5593 eam

398 5635 712 5705 affligebat:
756 5633 1058 5690 cucurristi
1104 5633 1244 5688 male
1281 5633 1348 5686 ad
1393 5629 1559 5686 tiliam
1608 5630 1797 5700 regis:
1831 5628 1960 5699 fuge

399 5726 470 5780 ab
495 5740 558 5781 ea
593 5726 645 5780 in
670 5726 809 5791 loca,
837 5726 901 5780 ad
927 5740 1048 5795 quae
1075 5739 1184 5779 non
1223 5732 1371 5794 patet
1406 5722 1604 5778 aditus.
1666 5707 1733 5777 Et
1777 5723 1962 5778 statim

403 5817 472 5871 ab
508 5829 572 5872 ea
603 5819 846 5872 recessit.
875 5815 1010 5871 Cum
1038 5825 1220 5871 autem
1248 5815 1476 5870 vidisset
1501 5812 1838 5884 Epiphanius
1878 5829 1963 5869 re-

399 5922 519 5974 gem
571 5907 626 5964 in
673 5922 866 5976 magna
896 5907 1122 5975 exstasi,
1169 5905 1304 5962 dixit
1336 5905 1388 5962 ei
1413 5903 1564 5961 vultu
1622 5903 1959 5963 subridens:

2061 4730 2169 4782 ἀπὸ
2191 4729 2381 4790 τόπου,
2410 4723 2571 4798 ἦλθεν
2605 4726 2898 4798 προθύμως
2921 4727 3012 4779 ἐπὶ
3051 4726 3148 4798 σὴν
3180 4726 3467 4799 θυγατέρα.
3497 4729 3621 4783 Ἐὰν
3691 4800 3696 4805 ⁴

2063 4819 2321 4890 πιστεύῃς
2349 4819 2427 4890 τῷ
2461 4819 2876 4891 εσταυρωμένῳ,
2906 4818 3092 4872 τοῦτον
3144 4818 3327 4873 διώκει
3370 4822 3479 4875 ἀπὸ
3525 4822 3622 4893 τῆς

2062 4908 2328 4982 θυγατρός
2362 4928 2474 4964 σου.
2492 4909 2750 4977 Φωτίζου,
2776 4909 2982 4975 τέκνον,
3017 4909 3113 4981 τὴν
3134 4909 3232 4980 σὴν
3259 4910 3501 4982 καρδίαν,
3530 4913 3621 4966 καὶ

2064 4999 2225 5071 βλέπε
2249 5000 2435 5054 τοῦτον
2467 5000 2839 5071 ἐλαυνόμενον.
2878 5001 3081 5069 Ἀγαγε
3127 4999 3329 5073 ταύτην
3370 5002 3429 5056 ὲν
3474 5001 3622 5072 μέσῳ

2061 5090 2238 5162 ἡμῶν,
2298 5092 2392 5144 καὶ
2428 5090 2534 5162 ὄψῃ
2570 5093 2726 5161 χάριν
2763 5089 2856 5143 τοῦ
2891 5089 3287 5160 φιλανθρώπου.
3335 5091 3620 5164 Ἐλθούσης

2061 5183 2117 5236 δὲ
2164 5183 2264 5253 τῆς
2294 5182 2560 5254 θυγατρὸς
2597 5181 2692 5235 τοῦ
2749 5181 3011 5252 βασιλέως
3039 5183 3095 5234 ὲν
3119 5180 3197 5252 τῷ
3242 5180 3422 5253 μέσῳ,
3468 5176 3618 5236 εἶπεν

2062 5272 2375 5341 Ἐπιφάνιος
2400 5271 2478 5343 τῷ
2507 5273 2778 5344 θυγατρίῳ
2796 5290 2810 5303 ·
2842 5270 3003 5326 Γενοῦ
3029 5272 3320 5343 φρονοῦσα,
3337 5276 3430 5327 καὶ
3455 5291 3617 5347 προσ-

2063 5360 2295 5431 κύνησον
2326 5361 2417 5414 τὸν
2446 5361 2536 5415 σὺν
2564 5363 2793 5435 πατέρα.
2820 5363 2997 5427 Λύκος
3011 5363 3117 5434 γὰρ
3147 5363 3227 5417 ἔτι
3260 5364 3320 5418 ού
3344 5368 3617 5438 κυριεύσει

2065 5466 2179 5507 σου.
2215 5450 2399 5505 Ταῦτα
2428 5452 2595 5506 είπὼν
2620 5453 2955 5522 Ἐπιφάνιος,
2989 5454 3371 5525 ἑπιλαόόμενος
3390 5457 3487 5526 τῆς
3509 5476 3618 5529 χει.

2064 5541 2158 5612 ρὸς
2187 5541 2280 5595 τοῦ
2342 5542 2653 5615 θυγατρίου,
2690 5542 2783 5596 καὶ
2838 5544 3140 5613 σφραγίσας
3188 5543 3353 5614 αὐτὴν
3417 5547 3619 5619 τρίτον,

2062 5625 2215 5685 εἶπεν
2253 5633 2389 5703 πρὸς
2431 5633 2494 5686 τὸ
2531 5633 2746 5703 πνεῦμα
2795 5633 2856 5686 τὸ
2889 5633 3067 5687 θλίῦον
3101 5634 3269 5706 αὐτήν
3296 5652 3310 5666 ·
3344 5634 3621 5708 Ἔδραμες

2062 5722 2247 5785 κακῶς
2273 5723 2366 5775 ἐπὶ
2406 5723 2505 5794 τὴν
2556 5723 2829 5797 θυγατέρα
2856 5723 2949 5778 τοῦ
2982 5722 3263 5793 βασιλέως.
3302 5723 3473 5794 Φεῦγε
3524 5726 3622 5779 ἀπ’

2062 5813 2231 5884 αὐτῆς
2256 5814 2316 5866 ὲν
2340 5813 2615 5884 ἀοικήτοις
2659 5815 2862 5880 τόποις.
2886 5815 3069 5870 Ταῦτα
3095 5816 3260 5870 εἰπὼν
3303 5819 3620 5889 Ἐπιφάνιος

2062 5902 2199 5976 πρὸς
2226 5903 2319 5958 τὸν
2342 5903 2589 5975 δαίμονα,
2630 5903 2831 5970 εὐθέως
2878 5903 3098 5975 ἐξῆλθεν
3157 5907 3265 5960 ἀπὸ
3299 5908 3394 5962 τοῦ
3446 5910 3619 5980 θυγα-
