3850 6517
1425 482 1710 542 norma
1743 482 1818 539 m
1847 483 1907 541 S.
1945 477 2391 544 erimantum
3489 507 3542 549 tx

305 592 386 655 De
414 596 701 671 Epiphanii
744 601 1057 659 narratione
1083 616 1205 674 cap.
1234 601 1291 671 3,
1320 602 1377 670 6,
1407 602 1463 671 9,
1490 604 1559 659 10
1580 614 1635 661 et
1664 604 1752 671 11,
1779 604 1849 661 de
1876 605 2130 663 versione
2174 603 2320 660 Lxx
2348 604 2443 662 Gr.
2469 604 2828 678 epistolisque
2873 603 3020 677 regis
3041 601 3182 661 Ptol.
3206 604 3278 662 ad
3303 604 3548 676 Judaeos,

304 702 361 747 et
388 692 456 747 de
485 705 802 765 comparata
824 694 1050 753 Aristeoe
1079 697 1393 755 narratione
1420 696 1528 754 late
1550 697 1774 754 disserit
1802 699 1874 754 cl.
1905 696 2045 757 Ern-
2067 697 2218 755 Frid.
2247 698 2376 754 Car.
2406 698 2788 755 ilosenmt‘tller
2817 700 2873 755 in
2905 719 2920 755 :
2947 699 3242 756 Handbuctt
3270 701 3359 771 [tir
3383 700 3553 757 Litte-

304 792 459 839 ratur
480 784 576 840 der
602 785 729 841 bibl.
765 784 939 843 Kritik
968 792 1077 847 und
1103 790 1355 867 Exeqese,
1386 803 1520 851 tom.
1546 792 1613 861 u,
1645 808 1702 865 p.
1732 792 1839 849 370
1864 808 2044 865 seqq„
2070 792 2318 864 Gotting.
2347 792 2508 860 1798,
2534 791 2612 859 8·,
2652 800 2709 849 et
2754 808 2809 866 p.
2845 793 2954 849 112
2974 808 3094 865 seq.
3124 823 3196 837 —
3217 796 3358 852 ΔΜ.
3390 794 3553 867 Baylo

302 876 410 935 loc.
434 880 528 937 cit.
565 878 736 939 flul..

373 976 429 1031 5.
476 976 767 1045 Epistolam
793 980 866 1034 ad
887 981 1149 1038 Ioannem
1168 982 1706 1055 Hierosolymitaaum
1750 982 1772 1054 (
1793 983 1937 1040 maie
1965 979 2612 1048 Comimimpouaeanm
2646 982 2812 1038 habet
2841 980 3126 1041 Possevin.
3150 983 3171 1057 )
3214 985 3554 1056 episcopum,

302 1069 393 1124 cui
423 1074 782 1143 arrogantiam
812 1084 867 1130 et
895 1077 1145 1148 origenis
1182 1077 1551 1135 defensionem
1597 1077 1913 1148 exprobrat,
1948 1074 2139 1133 Latine
2181 1087 2391 1132 tautum
2433 1092 2501 1131 ex
2547 1078 2795 1134 versione
2836 1076 3172 1150 Hieronymi.
3199 1078 3294 1149 qui
3322 1078 3470 1134 illius
3502 1080 3557 1135 in

299 1165 465 1233 epist.
498 1167 703 1234 lol,ad
740 1167 1085 1240 Pammach„
1109 1175 1378 1241 meminit,
1407 1182 1542 1231 tom.
1571 1172 1617 1229 11
1644 1172 1943 1243 ΕρὶρΙιειιι.,
1973 1189 2030 1245 p.
2055 1174 2181 1228 512.
2213 1174 2322 1229 Pro
2350 1185 2593 1230 extrema
2618 1182 2773 1245 parte
2800 1175 2969 1246 hujus
2989 1174 3232 1247 epistolae
3262 1175 3477 1230 laudata
3503 1178 3560 1232 in

297 1258 479 1317 Libris
506 1263 793 1335 Carolinis,
826 1285 901 1336 tv,
935 1271 1027 1338 25,
1057 1280 1114 1327 et
1150 1273 1361 1344 synodo
1388 1271 1588 1337 Paris„
1622 1286 1678 1342 p.
1703 1271 1830 1336 555,
1865 1270 1942 1325 De
1968 1271 2314 1342 imaginibus,
2348 1285 2472 1342 cap.
2503 1270 2558 1337 7,
2597 1282 2655 1327 ει
2697 1285 2729 1326 a
2761 1270 3202 1343 Tubingensibus
3228 1270 3297 1325 ad
3328 1270 3562 1341 patriar-

298 1357 459 1413 cham
487 1357 799 1427 Jeremiam,
826 1380 935 1435 qua
962 1382 1097 1423 usus
1136 1369 1431 1440 imaginum
1473 1371 1529 1425 in
1562 1368 1803 1424 Ecclesia
1838 1367 2200 1438 improbatur,
2227 1365 2418 1421 confer
2441 1382 2566 1437 quae
2591 1366 2873 1423 disserunt
2897 1367 3105 1422 Natalis
3129 1366 3284 1421 Alex.
3319 1381 3445 1423 saec.
3487 1382 3561 1433 tv,

299 1463 421 1519 cap.
452 1453 506 1519 6,
533 1461 638 1508 art.
673 1454 781 1517 28;
816 1454 964 1514 Elias
992 1458 1064 1514 du
1096 1457 1197 1514 Pin
1229 1469 1363 1516 tom.
1395 1458 1441 1515 11
1479 1458 1738 1515 ΒίὺιίοιΙι.
1763 1456 1976 1522 eccles„
2002 1471 2128 1527 pag.
2167 1456 2295 1523 297,
2328 1471 2395 1514 ac
2424 1458 2699 1528 principue
2728 1456 2781 1513 J.
2816 1456 3053 1514 Dallaeus
3090 1455 3169 1511 De
3215 1456 3560 1529 imaginibus·

298 1540 395 1596 lib.
429 1559 489 1608 ιι,
516 1561 634 1617 cap.
660 1548 713 1602 1.

368 1638 421 1693 S.
467 1639 711 1710 Epistola
738 1646 920 1704 brais
948 1649 1022 1704 ad
1049 1652 1456 1723 Hieronymum,
1484 1665 1595 1721 qua
1642 1650 1758 1720 ejus
1786 1660 1840 1705 et
1864 1647 2155 1719 Theophili
2189 1646 2345 1703 Alex.
2383 1646 2557 1702 zelum
2587 1644 2853 1701 adversus
2876 1639 3165 1715 origenem
3195 1644 3408 1715 probat.
3436 1641 3565 1699 llaec

297 1731 488 1790 Latine
514 1737 711 1807 iegitur
737 1740 881 1797 inter
905 1745 1165 1813 epistolas
1200 1747 1516 1818 Hieronymi
1548 1747 1640 1810 75,
1662 1759 1716 1802 ει
1739 1744 2025 1816 Theophili
2053 1744 2210 1799 libris
2235 1751 2251 1811 (
2277 1743 2391 1798 sive
2414 1742 2660 1813 epistolis
2693 1739 2920 1812 potius)
2947 1738 3302 1809 paschalibus
3331 1738 3565 1810 pra-‚ligi-

298 1828 391 1876 tur
424 1822 478 1876 in
522 1827 903 1899 Haemioloqia
934 1830 1174 1900 lieroidi,
1215 1850 1339 1907 pag.
1369 1833 1497 1898 615,
1522 1843 1578 1889 ει
1615 1834 1669 1888 in
1700 1832 2044 1887 Bibliothecis
2081 1830 2337 1895 Petrum:
2366 1838 2422 1883 at
2453 1845 2484 1884 a
2511 1828 2735 1885 Petavio
2761 1831 2963 1885 omissa
2989 1840 3090 1885 est.
3123 1830 3281 1901 Apud
3310 1830 3564 1885 cumdem

296 1916 683 1993 flieronymum
712 1936 893 1982 exstat
917 1938 970 1984 et
1000 1929 1234 2002 epistola
1262 1928 1379 2003 [66]
1404 1929 1688 2000 Theophili
1708 1928 1865 1983 Alex.
1892 1927 1962 1982 ad
1984 1907 2371 1997 Epiphanium.
2398 1921 2643 1980 Fana.—
2665 1924 2740 1980 De
2762 1935 2994 1995 utraque
3018 1925 3247 1994 epistola
3274 1942 3329 1983 v.
3359 1935 3474 1980 not.
3498 1922 3573 1988 Β,-

295 2010 351 2065 in
385 2012 549 2084 Bayle
580 2016 747 2081 met..
779 2028 837 2072 v·
859 2016 1079 2092 Epipb„
1110 2038 1165 2093 p.
1192 2024 1285 2080 11.
1326 2052 1400 2066 -
1446 2022 1734 2094 Εμὶρὴαιιίἰ
1760 2023 1918 2093 epist.
1955 2020 2025 2074 ad
2054 2022 2361 2089 Hieronym.
2393 2031 2478 2075 est
2498 2018 2678 2075 Oxou.
2708 2019 2763 2074 in
2794 2018 2916 2074 cod.
2949 2016 3022 2072 20
3052 2018 3185 2074 bibi.
3213 2018 3424 2087 collegii
3457 2017 3562 2073 Ba·

292 2105 509 2162 liolens.
545 2124 593 2165 s.
624 2126 678 2167 n.
711 2111 819 2168 126
846 2114 967 2170 Cat.
996 2117 1153 2172 codd.
1196 2118 1380 2191 Anqt„
1414 2126 1548 2175 tom.
1578 2116 1620 2185 l,
1652 2126 1795 2188 part.
1831 2133 1892 2182 ιι,
1920 2131 1976 2187 p.
2013 2115 2098 2179 10,
2129 2123 2182 2169 ει
2210 2113 2430 2169 Dublini
2456 2114 2510 2168 in
2547 2114 2671 2168 cod.
2719 2114 2774 2178 7,
2803 2115 2870 2170 12
2915 2115 3003 2187 (s.
3033 2134 3091 2175 n.
3121 2116 3223 2172 117
3262 2115 3385 2172 Cat.
3420 2117 3565 2187 cit.),

288 2197 417 2253 eotl.
453 2197 512 2253 S.
539 2198 844 2271 Trinitatis,
879 2202 1056 2262 Paris.
1084 2206 1138 2261 in
1168 2206 1229 2265 B.
1262 2209 1408 2279 publ.
1441 2209 1587 2264 inter
1631 2207 1794 2263 codd.
1826 2204 2007 2261 Latin.
2037 2205 2091 2258 in
2137 2204 2262 2258 coil.
2290 2202 2452 2266 1890,
2480 2219 2534 2257 ιι.
2565 2204 2633 2262 l:
2665 2201 2860 2273 Epiph.
2889 2204 3050 2275 epist.
3079 2204 3146 2260 ad
3176 2202 3333 2260 Joan.
3371 2203 3566 2260 iliero-

292 2288 680 2360 solymitanum
712 2301 771 2345 et
790 2295 845 2348 in
867 2295 1027 2350 codd.
1050 2295 1196 2351 2172
1221 2306 1277 2353 ει
1302 2314 1418 2369 seq.
1446 2313 1535 2369 ep.
1552 2298 1622 2353 ad
1658 2293 2396 2368 Hieronymum-Venetus
2416 2293 2471 2348 in
2502 2292 2828 2350 Bdlichael.
2857 2304 2993 2350 teste
3021 2294 3410 2367 blittarellioin
3440 2292 3563 2353 Cat.

293 2384 474 2451 codd„
499 2400 556 2454 p.
582 2386 714 2452 35t,
743 2397 797 2443 et
830 2389 884 2444 in
910 2389 1038 2447 aliis
1065 2392 1423 2463 epistolarum
1460 2392 1684 2450 Hieron.
1708 2392 1871 2449 codd.
1901 2400 2071 2461 atque
2101 2388 2225 2444 edd.
2256 2418 2328 2429 —
2356 2385 2413 2443 ln
2443 2387 2566 2444 cod.
2597 2387 2827 2445 Coisiin.
2860 2387 2985 2453 505,
3042 2388 3136 2444 l'ol.
3165 2388 3290 2454 207,
3337 2399 3465 2445 sunt
3509 2389 3565 2443 in

296 2493 404 2533 una
433 2491 490 2534 et
516 2482 744 2537 dimidia
787 2485 980 2554 pagina
1022 2489 1269 2556 quaedam
1295 2505 1363 2546 ea:
1391 2488 1685 2559 Epiphanii
1713 2486 1777 2543 de
1808 2485 2055 2557 θήσειν,
2081 2490 2220 2540 teste
2244 2481 2613 2538 Montlaucon.
2632 2482 2687 2536 in
2712 2481 2970 2536 Biblioth.
3007 2477 3256 2545 coislin„
3282 2497 3405 2552 pag.
3438 2480 3564 2534 121.

307 2562 475 2620 lint..

384 2659 436 2715 7.
474 2661 615 2733 Περὶ
640 2660 752 2716 τῶν
774 2663 982 2717 δώδεκα.
1004 2664 1193 2730 λίθων,
1224 2669 1297 2722 De
1322 2674 1537 2739 gemmis
1562 2672 1626 2724 in
1647 2681 1798 2725 veste
1823 2671 2078 2727 Aaronis.
2110 2669 2315 2725 Praeter
2345 2686 2457 2725 rem
2498 2671 2739 2741 optimus
2765 2666 2980 2724 Caveus
3025 2668 3226 2723 librum
3274 2665 3350 2720 De
3377 2665 3572 2733 lapidi·

298 2756 397 2809 bus
422 2755 571 2810 inter
599 2756 809 2814 inedita
841 2758 1137 2831 Epiphanii
1165 2759 1353 2816 refert.
1384 2760 1501 2818 Nee
1531 2762 1717 2818 miuus
1741 2762 2023 2833 falluntur,
2062 2766 2155 2835 qui
2193 2765 2392 2820 librum
2442 2765 2588 2820 hunc
2631 2763 2937 2834 Epiphanio
2984 2761 3321 2830 abjudicant.
3361 2758 3575 2815 Prodiit

291 2865 416 2907 cum
448 2851 711 2907 versione
744 2851 873 2909 iolae
898 2852 1181 2917 Hieronis,
1218 2847 1524 2919 Tarentini,
1552 2853 1739 2926 Tignri
1771 2856 1930 2922 1582,
1958 2867 2121 2930 atque
2156 2859 2213 2913 in
2240 2857 2447 2913 Petavii
2477 2858 2634 2919 edit..
2664 2866 2798 2910 tom.
2827 2854 2893 2922 ll,
2934 2872 2992 2927 p.
3017 2855 3146 2921 225,
3195 2866 3310 2910 ιιιιιι
3346 2854 3401 2910 in
3437 2854 3576 2910 blat-

289 2941 421 2998 thia
447 2939 636 2997 Bilieri
670 2941 812 3000 libro
837 2942 917 2998 De
942 2943 1224 3000 duodecim
1245 2947 1485 3017 'gemmis
1513 2947 1570 3001 ia
1594 2949 1854 3017 pectorali
1889 2952 2087 3007 summi
2108 2951 2397 3019 pontificis,
2429 2949 2665 3020 Tubing.
2703 2949 2858 3013 2698,
2898 2946 2978 3011 ⁴⁶,
3003 2958 3059 3003 et
3107 2948 3163 3002 in
3206 2945 3573 3018 syntagmatis

294 3033 412 3105 ejas
431 3032 849 3097 hermenetuicis,
874 3034 1038 3101 1711,
1062 3034 1143 3099 ιδ’,
1174 3038 1269 3105 qui
1296 3036 1711 3094 observationes
1736 3054 1869 3096 suas
1897 3048 1956 3095 et
1982 3039 2242 3095 Salmasii
2273 3041 2371 3111 (ex
2401 3036 2671 3094 Pliniants
2701 3038 2824 3108 ejus
2859 3039 3174 3094 Exercitatt.
3202 3040 3272 3094 ad
3304 3038 3574 3108 Setinum)

291 3126 513 3183 addidit.
536 3124 681 3180 idem
713 3141 770 3197 p.
803 3126 906 3182 110
934 3136 1112 3194 notat,
1141 3130 1211 3186 de
1237 3132 1470 3201 geminis
1503 3140 1634 3188 ante
1665 3130 2034 3203 Epiphanium
2075 3131 2368 3202 scripsisse
2393 3128 2835 3199 Theophrastum
2871 3127 3142 3195 Eresium,
3177 3128 3443 3189 Dioclem,
3472 3125 3575 3179 Ju-

290 3221 440 3285 bam,
475 3219 817 3277 llauritaniae
837 3236 1049 3293 regem,
1076 3222 1443 3281 Xenocratem
1470 3223 1794 3296 Ephesium,
1839 3222 2127 3283 Sudinem,
2161 3220 2531 3278 Metrodorum
2562 3219 2869 3291 Scepsium,
2907 3219 3186 3291 Satyrum,
3215 3219 3434 3288 Ajacem
3468 3215 3578 3270 Pli-

290 3313 585 3376 stonierm,
625 3310 1057 3378 Demostratum,
1100 3311 1482 3379 Zenothemin,
1529 3312 1814 3377 Sotacum,
1835 3312 2235 3380 Callistratum,
2265 3310 2557 3368 ismeniam
2600 3310 2969 3383 Olympicum,
3004 3309 3357 3370 Archelaum,
3392 3310 3488 3377 qui
3520 3307 3575 3361 in

287 3398 640 3469 Cappadocia
685 3400 954 3469 regnavit,
987 3398 1222 3466 florum,
1254 3399 1642 3468 Democritum,
1680 3401 2053 3466 zoroastrem,
2084 3400 2402 3457 Zachariam
2435 3400 2788 3473 Babylonium
2833 3409 2890 3456 et
2923 3401 3155 3457 alterum
3187 3399 3572 3457 Xenocratem.

288 3489 676 3547 conserendus
712 3492 878 3545 etiam
928 3489 1029 3546 Ed.
1057 3489 1405 3550 Bernhardus
1446 3491 1598 3546 notis
1642 3492 1713 3546 ad
1760 3489 2087 3559 losephum,
2119 3507 2240 3560 pag.
2278 3489 2380 3545 180
2409 3506 2552 3560 seq..
2584 3501 2640 3544 et
2685 3486 2734 3544 J.
2766 3488 3040 3544 Braunius
3075 3489 3168 3544 lib.
3204 3504 3243 3542 ιι
3289 3487 3364 3541 De.
3390 3485 3578 3541 vestitu

289 3584 631 3643 sacerdotum
660 3582 1003 3654 Hebr.,-esp.
1024 3580 1059 3637 8
1089 3597 1209 3653 seq.
1247 3580 1306 3637 in
1334 3581 1596 3638 omnibus
1629 3580 1719 3637 his
1744 3579 2081 3637 editionibus
2108 3580 2311 3636 omissa
2341 3588 2428 3636 est
2454 3579 2742 3651 Epiphanii
2764 3583 2989 3653 epistola
3014 3585 3083 3639 ad
3115 3582 3407 3639 Diodorum
3439 3579 3579 3636 Tor-

291 3695 522 3744 scnscm,
550 3677 638 3735 cui
662 3678 866 3734 librum
901 3680 1270 3745 consecravit,
1296 3694 1419 3750 qnae
1447 3676 1643 3733 Latine
1665 3686 1848 3734 exstat
1875 3677 2021 3749 apud
2054 3675 2398 3742 Facundum,
2431 3678 2522 3732 lib.
2557 3694 2629 3744 tv,
2673 3694 2723 3737 c.
2757 3680 2815 3745 3,
2848 3688 2979 3736 tom.
3013 3680 3057 3735 11
3089 3677 3229 3751 Opp.
3274 3678 3575 3743 sirmondi,

290 3782 351 3842 p.
390 3766 523 3823 517.
565 3766 923 3840 ilieronymus
950 3771 1113 3838 epist.
1145 3767 1250 3824 128
1279 3766 1355 3823 De
1372 3768 1559 3822 vestitu
1586 3766 1944 3833 sacerdotum,
1969 3766 2041 3821 ad
2067 3764 2351 3821 Fabiolam
2368 3783 2387 3822 .·
2415 3766 2674 3839 Sufficiat,
2698 3771 2836 3840 quod
2860 3780 2909 3825 et
2930 3782 3148 3825 sanctus
3173 3786 3311 3839 papa
3344 3770 3578 3839 Epipha-

293 3863 426 3917 nius
461 3862 721 3933 egregium
753 3877 912 3932 super
945 3861 1046 3915 boe
1070 3861 1177 3930 (tle
1205 3861 1439 3930 gemmis
1468 3858 1785 3922 duodecim,
1814 3857 1950 3926 quid
1983 3871 2329 3928 unaquaeque
2351 3859 2548 3923 valeat,
2581 3864 2636 3912 et
2686 3858 2959 3929 quomodo
3004 3857 3300 3913 virtutibus
3348 3857 3580 3928 singula.-

292 3950 720 4023 eomparentur)
754 3950 1005 4006 uolumen
1036 3947 1245 4010 edidit,·
1273 3944 1415 4017 quod
1448 3946 1497 4001 si
1529 3945 1695 4016 leyere
1719 3946 1970 4014 uolueris,
1999 3947 2366 4019 plenissimam
2398 3948 2684 4003 scientiam
2701 3951 3056 4023 consequeris.
3085 3950 3316 4007 Arethas
3339 3949 3406 4005 aei
3439 3950 3582 4018 Apo-

295 4042 492 4113 calyps.
525 4048 601 4109 ιν,
624 4042 687 4106 3,
712 4042 779 4096 de
803 4039 992 4111 lapide
1031 4038 1255 4110 sardio:
1282 4036 1449 4107 Λέγει
1481 4036 1592 4110 γὰρ
1618 4038 1649 4091 6
1674 4036 1853 4109 μέγας
1873 4036 2194 4110 Ἐπιφάνιος
2228 4039 2501 4112 ἰατρεύειν
2539 4038 2828 4112 οἰδήματα,
2860 4051 2968 4098 etc.
3017 4039 3305 4109 Epitomen
3335 4038 3583 4093 ediderat

292 4138 583 4196 Conradus
607 4138 885 4193 Gesnerus
914 4150 1040 4192 cum
1068 4133 1379 4200 corollario,
1408 4132 1464 4187 in
1501 4132 1826 4188 collectione
1859 4132 2194 4205 scriptorum
2222 4133 2318 4204 qui
2346 4134 2414 4189 de
2438 4133 2601 4188 rebus
2633 4130 2918 4189 fossilibus
2946 4140 3194 4203 egerunt,
3226 4129 3415 4202 Tigu-:i
3441 4126 3583 4183 1506

299 4230 505 4305 [1565],
530 4232 613 4297 8⁸,
638 4239 805 4301 atque
825 4243 895 4285 ex
923 4227 1033 4283 alio
1056 4226 1245 4283 codice
1272 4242 1379 4282 ms.
1405 4241 1533 4281 cum
1569 4224 1849 4282 Francisci
1882 4225 2143 4281 Turriani
2174 4227 2427 4282 versione
2455 4225 2713 4281 Petavius
2737 4234 2870 4280 tom.
2901 4225 2968 4289 11,
3019 4239 3141 4297 pag.
3169 4225 3296 4280 255.
3335 4221 3428 4276 illa
3461 4221 3582 4293 ipsa

305 4323 550 4398 Epitome
581 4325 687 4383 sub
716 4322 1006 4397 Epiphanii
1035 4322 1258 4377 nomine
1290 4330 1405 4379 tota
1430 4322 1630 4395 iegitur
1658 4323 1715 4378 in
1744 4320 2030 4378 Anastasii
2075 4320 2303 4377 Sinaitae
2346 4321 2767 4393 quaestionibusz,
2798 4321 3106 4393 quaestione
3135 4335 3224 4374 ιι..
3257 4318 3478 4373 ῈΑιιιιιο.
3510 4347 3583 4386 :-

297 4416 612 4474 Genuiuum
637 4425 694 4473 et
717 4418 988 4487 integrum
1018 4414 1310 4486 Epiphanii
1344 4431 1467 4473 esse
1491 4416 1694 4473 dicitur
1723 4416 2053 4488 opusculum
2089 4417 2260 4485 quod,
2306 4418 2362 4472 in
2414 4418 2642 4490 antiqua
2680 4415 2878 4472 Latina
2908 4416 3161 4473 versione
3185 4424 3482 4484 repertum,
3512 4430 3580 4469 ex

294 4508 423 4563 eod.
455 4505 743 4572 Vaticano,
773 4504 830 4559 in
855 4503 1008 4560 calce
1029 4512 1209 4562 tamen
1235 4507 1378 4561 haud
1414 4507 1650 4579 integro,
1680 4506 1886 4578 prodiit
1921 4506 2088 4577 hujus
2113 4508 2401 4563 sententiae
2425 4526 2440 4563 ε
2471 4507 2738 4577 Epiphan.
2761 4509 2827 4564 de
2855 4507 3136 4563 duodecim
3165 4504 3384 4576 ycntmis
3409 4505 3581 4558 ratio·

296 4600 441 4655 nelis
482 4600 675 4654 summi
711 4595 1000 4653 sacerdotis
1028 4594 1373 4651 Hebraeorum
1412 4594 1543 4650 liber
1587 4596 1656 4649 ad
1698 4595 2014 4650 Diodorum.
2049 4593 2241 4649 Prodit
2271 4612 2411 4651 nunc
2446 4597 2681 4668 primum
2723 4615 2789 4654 ex
2838 4601 3055 4669 antiqua
3098 4595 3332 4650 versione
3359 4592 3578 4652 Latina.

303 4692 487 4763 Opera
511 4700 560 4745 et
590 4692 762 4746 studio
786 4688 854 4743 P.
887 4686 1169 4743 Francisci
1215 4685 1483 4758 foyyiaii,
1518 4687 1611 4758 qui
1637 4694 1688 4741 et
1722 4695 1874 4741 notas
1901 4685 2120 4757 adjecit,
2151 4683 2359 4754 Romae,
2396 4703 2486 4760 ap.
2521 4685 2761 4759 Zempel.
2795 4689 2954 4753 1715,
2986 4690 3062 4744 1“.
3093 4686 3151 4741 ln
3176 4684 3387 4757 prael'at.
3419 4701 3583 4740 cnar-

300 4798 461 4844 ratur
490 4786 717 4842 historia
738 4786 903 4856 hujus
934 4783 1185 4854 opusculi
1216 4791 1272 4838 et
1301 4792 1609 4849 auctorum,
1633 4782 1729 4853 qui
1762 4797 2009 4855 gemmas
2037 4782 2157 4838 illas
2190 4784 2617 4856 descripserunt.
2652 4784 2798 4841 idem
2828 4796 3020 4843 contra
3051 4781 3365 4839 Fabricium
3394 4790 3581 4853 negat,

300 4881 602 4952 epitomen,
632 4879 703 4935 ab
726 4878 1021 4935 Anastasio
1050 4875 1262 4931 Sinaita
1285 4874 1510 4946 editam,
1536 4882 1594 4931 et
1619 4875 1795 4945 ipsius
1818 4872 2108 4946 Epiphanii
2141 4886 2521 4943 commentat„
2556 4893 2723 4933 unam
2773 4894 2897 4934 esse
2921 4878 3302 4946 eamdemque,
3335 4874 3581 4931 libellum

301 4986 436 5026 vero
475 4987 507 5027 a
535 4969 780 5027 Gesnero
824 4970 1031 5025 editum
1060 4969 1239 5039 ipsum
1273 4982 1496 5039 quoque
1529 4983 1639 5024 non
1669 4968 1776 5023 nisi
1815 4967 2167 5037 prolixiorem
2199 4968 2473 5039 epitomen
2519 4969 2703 5039 operis
2732 4984 2856 5025 esse
2890 4980 3078 5026 censet
3109 4986 3161 5039 p.
3193 4984 3282 5023 xvi
3324 4983 3373 5022 s.
3410 4964 3577 5021 Coni.

308 5067 527 5139 prem.
559 5067 666 5123 litt.
699 5066 846 5137 Lips.
873 5069 939 5121 Δ.
971 5065 1131 5134 1715,
1161 5082 1217 5138 p.
1247 5065 1375 5134 517,
1400 5074 1458 5122 ει
1483 5065 1717 5136 Gottiaq.
1748 5062 1969 5134 Ephem.
2003 5063 2112 5119 litt.
2141 5063 2207 5118 A.
2245 5063 2407 5131 1715,
2435 5081 2487 5134 p.
2515 5064 2621 5121 109
2650 5080 2761 5135 seq.
2792 5065 2852 5121 ln
2879 5067 3134 5122 manibus
3169 5064 3344 5119 habco
3382 5062 3584 5119 editio-

306 5173 429 5216 nem
460 5160 576 5216 sive
604 5158 979 5216 collectionem
1005 5157 1151 5213 illam
1180 5158 1418 5231 plurium
1458 5158 1810 5227 scriptorum,
1844 5156 2166 5226 inscriptam
2203 5179 2214 5210 2
2248 5154 2324 5211 De
2367 5157 2512 5210 omni
2567 5173 2745 5211 rerum
2795 5158 3063 5228 [basiliam
3105 5170 3308 5227 qenere,
3337 5156 3582 5226 gemmis,

307 5248 594 5319 lapidibus,
625 5247 852 5303 metallis
888 5258 939 5304 et
970 5248 1277 5319 hujusmodi
1302 5248 1424 5304 libri
1455 5248 1679 5318 aliquot,
1707 5248 1942 5321 plerique
1972 5263 2112 5302 nunc
2139 5247 2373 5316 primum
2402 5248 2552 5303 editi.
2597 5248 2772 5320 Opera
2803 5249 3038 5306 Conradi
3073 5246 3312 5303 Gesneri.
3342 5246 3585 5316 Quorum

308 5346 612 5420 catalogum
646 5362 860 5419 sequens
900 5346 1090 5418 [olium
1134 5345 1383 5400 continet.
1408 5344 1618 5414 Tiquri,
1645 5343 1938 5400 excutiebat
1962 5342 2087 5400 Iac.
2112 5342 2371 5401 Gesaerus
2394 5361 2534 5400 anno
2563 5344 2772 5400 HDLX
2786 5344 2849 5411 V,
2881 5347 2956 5401 80.
2986 5347 3177 5402 lnsunt
3226 5356 3408 5406 autem
3444 5362 3586 5417 opu·

310 5436 462 5492 scitia
490 5436 795 5505 sequentia,
826 5449 1059 5506 quorum
1091 5433 1374 5506 quodlibet
1403 5434 1729 5504 peculiarem
1762 5435 1926 5490 babet
1948 5435 2359 5507 inscriptionem
2393 5457 2406 5492 :
2436 5439 2491 5493 1·’
2519 5437 2576 5493 J.
2612 5435 2957 5502 Keatmanni,
3011 5420 3324 5493 Dresdensis
3370 5438 3582 5500 medici,

309 5533 722 5589 nomenclatura!
754 5550 929 5590 rerum
954 5532 1241 5604 sensilium,
1273 5548 1393 5603 quoe
1422 5532 1477 5585 in
1511 5529 1712 5586 Nisaia
1737 5532 2001 5601 proecipue
2025 5562 2098 5574 —
2120 5534 2487 5599 inveniuntur&
2510 5534 2569 5588 2ο
2595 5531 2850 5603 Ejusdem
2888 5530 3236 5600 calculorum,
3262 5532 3355 5603 qui
3385 5530 3440 5583 ia
3464 5547 3586 5585 cor·

310 5637 433 5689 pore
472 5638 540 5676 ac
584 5622 822 5678 nte-ibris
850 5622 1123 5677 hominum
1147 5623 1731 5690 innocentum-qenais
1767 5619 2069 5687 duodecim,
2098 5632 2204 5679 etc.
2231 5641 2248 5689 ;
2280 5624 2337 5678 5⁰
2371 5623 2451 5679 De
2483 5624 2768 5679 metallicis
2799 5621 2952 5678 rebus
2985 5640 3050 5678 ac
3092 5624 3410 5688 nominibus,
3437 5622 3581 5677 obss.

313 5718 476 5772 urie
503 5732 571 5771 ea:
599 5716 798 5772 schedis
820 5715 886 5772 G.
915 5716 1203 5778 Fabricii:
1222 5714 1280 5769 1»ο
1308 5712 1542 5768 Severini
1573 5710 1812 5778 waetii,
1844 5713 2057 5781 medici,
2084 5715 2151 5770 de
2179 5716 2395 5770 succino
2423 5717 2548 5771 libri
2572 5732 2610 5771 ιι
2650 5747 2723 5759 --
2744 5732 2862 5771 cum
2885 5715 3172 5769 coroltario
3197 5715 3358 5770 Conr.
3391 5710 3582 5769 Gesne-

315 5811 395 5874 ri;
422 5809 481 5866 5·
517 5810 716 5866 Valerii
739 5810 901 5866 Cordi
926 5812 991 5866 de
1013 5810 1351 5875 Italosantlio,
1383 5827 1473 5864 seu
1491 5786 1756 5880 spermate
1775 5812 1901 5875 ceti,
1929 5828 2050 5865 cum
2079 5812 2366 5868 corollario
2387 5812 2550 5870 Conr.
2578 5813 2826 5880 Gesner&
2851 5814 2907 5870 6⁰
2924 5815 2988 5873 S.
3019 5809 3325 5885 Epiphanii.
3355 5812 3585 5881 episcopi

317 5901 499 5973 Cypri,
527 5902 593 5956 de
612 5901 890 5958 duodecim
919 5903 1158 5974 qennnis,
1199 5911 1482 5971 quaterent
1512 5904 1565 5955 ia
1596 5910 1730 5955 ceste
1756 5888 2008 5983 ᾼιινοιιίὲ,
2031 5902 2165 5961 liber
2190 5903 2409 5961 Groecus
2441 5914 2491 5964 et
2512 5904 2764 5975 Latinus,
2788 5902 2914 5963 lala
2938 5902 3382 5962 Hierotarazttiuo
3412 5902 3582 5959 inter·
