3850 6517
314 525 400 601 ιε’
1470 545 1809 602 ΕΡιετοιΑ
1846 542 2414 601 NUNCUPATomA.
3479 554 3548 610 ιι

314 680 457 725 rans
478 661 718 737 omnio,
751 662 926 725 nuile
954 662 1389 742 disputatione
1418 664 1726 727 adversus
1754 662 2092 725 falsitatem
2122 677 2237 740 pro
2268 662 2535 724 veritate
2566 665 2926 726 decertunS.
2959 664 3192 727 Breves
3220 681 3374 727 sene
3391 675 3546 728 sunt

311 763 377 824 hi
409 762 611 826 libeni
639 785 656 825 ε
688 761 829 826 etsi
859 761 926 825 in
961 779 1161 826 unum
1188 762 1478 824 libellum
1510 763 1906 843 redigentur,
1944 778 2063 823 nec
2091 762 2231 840 ipse
2261 762 2383 823 erit
2413 763 2676 837 nostris,
2716 762 2815 826 vel
2849 762 3127 825 eliorum
3157 763 3544 843 quibusdum

312 862 492 926 libris
524 863 921 945 longitudine
948 858 1432 945 comperen'dus.
1471 865 1676 944 Hujus
1718 862 2098 926 brevitatem
2140 862 2196 923 si
2238 860 2423 925 suero
2453 862 2522 924 in
2565 863 3146 925 commemorandis
3190 863 3542 926 boresibus

309 964 623 1038 imitatus,
670 964 827 1044 quid
866 979 902 1026 a
950 982 1051 1028 me
1103 964 1365 1028 brevius
1423 964 1773 1045 postulare,
1824 964 1926 1029 vel
1967 973 2336 1043 exspectare
2380 966 2641 1038 debeas,
2692 980 2822 1027 non
2873 962 3165 1026 hebebis.
3224 966 3541 1039 Haecine,

308 1079 541 1142 quoeso.
570 1059 641 1123 de
667 1062 1023 1145 Epiphanii
1047 1066 1314 1128 Penei-io
1342 1065 1766 1147 Auqustinum
1792 1065 2069 1127 scribere
2087 1067 2118 1126 ?
2148 1064 2487 1145 Amrmare
2519 1084 2676 1146 opus
2717 1082 2847 1127 esse
2883 1063 3216 1144 perbreve,-
3273 1075 3354 1139 et,
3387 1066 3446 1129 si
3476 1067 3548 1129 in

309 1178 506 1221 unum
539 1161 815 1223 libellum
842 1162 1192 1243 rediqatur,
1224 1175 1350 1227 tam
1381 1164 1683 1227 mediocri
1708 1167 1867 1227 mole
1894 1174 1952 1227 et
1977 1163 2398 1245 amplitudine
2423 1168 2711 1246 [uturum
2729 1167 2760 1226 ?
2793 1165 3035 1245 Neqare
3072 1164 3336 1245 denique
3365 1164 3547 1227 aliud

309 1261 394 1323 iis
424 1262 489 1322 in
518 1262 723 1339 libris,
752 1274 985 1344 proeter
1012 1267 1355 1345 simplicem
1383 1269 1697 1329 hoereseon
1730 1270 2084 1341 historiam,
2135 1269 2270 1329 sine
2299 1266 2436 1330 ulla
2456 1266 2767 1329 mendacii
2798 1269 3272 1348 oppuqnatione
3303 1276 3545 1329 tracta·

303 1362 415 1422 ri?
442 1362 639 1443 Atqui
664 1373 723 1425 et
749 1364 1054 1427 uberrimi
1080 1378 1228 1428 sunt
1257 1366 1331 1427 de
1360 1368 1695 1431 haeresibus
1714 1370 2084 1449 'Epiphanii
2118 1369 2272 1431 libri
2307 1390 2329 1430 .·
2363 1380 2420 1430 et
2448 1368 2754 1434 adversus
2786 1368 3069 1447 sinquias
3104 1370 3244 1449 fuse
3274 1385 3540 1429 accura-

308 1470 482 1540 teque
523 1462 808 1544 disputat
837 1489 857 1527 .·
887 1484 998 1527 nec
1030 1466 1193 1529 illud
1221 1469 1429 1547 ipsum
1448 1479 1792 1550 postremo,
1824 1469 1992 1550 quod
2021 1470 2319 1530 omissum
2341 1467 2417 1530 ab
2440 1470 2832 1549 Epiphanio,
2856 1485 2976 1528 ase
3005 1485 3151 1529 vero
3183 1469 3422 1548 'sactum
3455 1466 3560 1529 iri-

304 1558 562 1622 dixerat
580 1607 596 1630 ,
628 1570 701 1624 ut
722 1562 1023 1624 adversus
1051 1566 1336 1643 sinqulas
1364 1568 1627 1629 hoereses
1656 1565 2016 1640 dissereret,
2045 1576 2155 1627 aut
2184 1567 2253 1629 in
2277 1566 2390 1628 illo
2423 1569 2513 1630 De
2543 1566 2898 1630 haeresibus
2931 1567 3162 1639 libello,
3193 1576 3305 1629 aut
3330 1567 3401 1629 in
3413 1567 3543 1629 alio

304 1662 696 1739 Auqustinus
724 1663 859 1742 ipse
891 1666 1223 1744 praestitit.
1253 1666 1434 1729 Nihil
1463 1669 1626 1729 enim
1650 1677 1887 1746 proeter
1914 1676 2229 1728 sectarum
2257 1668 2529 1728 omnium
2551 1685 2853 1727 summam
2888 1685 3295 1749 errorumque
3330 1670 3546 1753 capita

305 1759 667 1846 complexus
699 1776 811 1827 est.
844 1766 1031 1842 Quod
1045 1778 1439 1847 postremum
1465 1779 1539 1830 ut
1567 1770 2047 1832 admirationem
2069 1775 2278 1847 auqet,
2318 1768 2410 1828 ita
2443 1769 2630 1847 prius
2660 1768 2826 1830 illud
2865 1786 2993 1829 non
3024 1769 3213 1830 levem
3237 1770 3546 1847 suspicio-

303 1878 439 1921 nem
481 1863 661 1941 facit,
708 1864 1059 1944 Epiphanii
1100 1867 1440 1928 Penatium
1488 1869 1719 1947 ipsum,
1774 1882 2051 1945 opusque
2083 1866 2414 1937 Adversus
2459 1864 2736 1927 haereses
2775 1867 3090 1946 inteqrum
3123 1867 3546 1945 Auqustinum

301 1959 598 2033 nondum,
640 1962 755 2024 illa
783 1982 921 2024 cum
966 1964 1228 2042 scriptis
1264 1964 1589 2044 proderet,
1626 1963 1858 2025 vidisse
1891 1986 1910 2024 .·
1942 1962 2052 2023 sed
2095 1963 2275 2023 illius
2315 1960 2629 2023 duntaxat
2675 1964 3008 2042 epitomen,
3045 1972 3229 2043 atque
3273 1965 3548 2045 ejusdem

297 2062 593 2141 fortassis
621 2063 1195 2142 Anacephaloeosin,
1224 2067 1356 2126 sive
1385 2066 1787 2126 Breviorium
1838 2083 1921 2125 ex
1949 2062 2345 2141 sinqulorum
2378 2071 2685 2123 tomorum
2722 2073 2780 2123 et
2807 2064 3119 2126 hoercseon
3155 2067 3544 2146 arqumentis

301 2171 362 2223 et
397 2164 708 2243 capitibus
747 2167 1093 2228 collectum.
1138 2169 1504 2246 Quanquam
1545 2166 1713 2227 illud
1758 2166 1946 2226 etiam
1984 2172 2207 2238 mocet,
2250 2163 2418 2243 quod
2459 2164 2531 2225 in
2559 2183 2675 2226 sex
2705 2165 2903 2226 libros
2934 2166 3163 2225 asserit
3192 2166 3545 2244 Epiphanii

302 2279 459 2340 opus
489 2280 615 2322 esse
640 2265 972 2343 partitum.
1004 2264 1084 2327 At
1116 2264 1184 2327 id
1200 2284 1377 2328 secus
1409 2286 1472 2327 se
1500 2264 1708 2328 habet.
1735 2263 1894 2325 Nam
1929 2264 1999 2323 in
2030 2270 2157 2322 tres
2188 2260 2501 2322 duntaxat
2533 2264 2727 2324 libros
2758 2263 3088 2327 tribuitur.
3123 2264 3301 2327 Libri
3333 2281 3542 2324 omnes

300 2363 368 2421 in
423 2372 615 2423 tomos
644 2374 895 2443 septem.
926 2364 1139 2440 Quare
1180 2364 1345 2429 illud
1380 2363 1727 2445 Auqustini
1765 2360 2092 2439 sinqulare
2132 2370 2244 2432 est,
2289 2360 2453 2440 quod
2514 2380 2640 2423 un
2670 2364 2913 2439 hoeresi,
2969 2381 3149 2442 quam
3179 2364 3541 2426 Psalliano·

302 2476 443 2519 rum
467 2471 666 2536 cocat,
717 2464 1245 2528 Massalianorum
1291 2466 1720 2546 Epiphanius,
1771 2462 2103 2523 subtexuit
2146 2484 2167 2522 .·
2216 2462 2494 2524 Proinde
2542 2464 2652 2526 ille
2694 2464 2773 2526 de
2825 2464 3142 2543 octoginta
3186 2463 3542 2528 haeresibus

315 2560 624 2632 separatis
654 2561 905 2637 viginti,
935 2582 1095 2640 quas
1124 2576 1269 2628 eme
1302 2566 1561 2629 Domini
1590 2564 1936 2626 adventum
1982 2562 2333 2635 exstitisse,
2366 2561 2532 2624 sicut
2579 2562 2638 2625 ei
2693 2564 2902 2626 visum
2952 2574 3069 2639 est,
3119 2566 3538 2643 computavit,

322 2654 604 2733 reliquus
633 2666 775 2735 post
800 2661 1065 2720 Domini
1092 2679 1428 2725 ascensum
1454 2672 1632 2724 netes
1662 2662 2011 2742 sexaginte,
2048 2661 2450 2725 brevissimis
2483 2663 2667 2727 libris
2697 2663 2993 2743 quinque
3027 2663 3537 2742 comprehendit,

302 2756 496 2827 etque
524 2768 753 2814 omnes
785 2756 853 2817 in
887 2772 1005 2817 sex
1034 2755 1235 2819 libros
1267 2758 1463 2820 totius
1485 2758 1769 2837 ejusdem
1792 2760 1894 2821 sui
1921 2760 2134 2837 operis
2165 2758 2316 2822 fecit
2345 2761 2667 2824 concludi.
2706 2765 2859 2823 Tres
2882 2765 2949 2822 in
2983 2762 3176 2823 libros
3205 2763 3541 2824 panarium

297 2868 471 2910 omne
506 2850 845 2915 dividitur.
886 2855 1152 2916 Primus
1184 2869 1385 2917 tomos
1428 2858 1707 2919 continet
1748 2867 1873 2919 tres
1904 2901 1922 2932 ,
1976 2876 2245 2938 quorum
2292 2859 2361 2920 in
2392 2860 2634 2939 priore.
2658 2858 2894 2937 viqint'i
2934 2858 3061 2919 illoe
3101 2870 3251 2922 sunt
3286 2860 3541 2921 Christo

296 2949 682 3036 antiquiores
709 2954 993 3017 hoereses.
1026 2954 1211 3017 Alter
1249 2975 1485 3025 earum,
1534 2975 1672 3037 quoe
1696 2968 1847 3038 post
1876 2955 2200 3021 Christum
2243 2969 2481 3021 exortoe
2513 2968 2685 3034 sunt,
2726 2957 3023 3020 tredecim
3053 2960 3318 3040 colliqit.
3356 2962 3540 3023 Toti-

300 3049 432 3114 dem
458 3062 828 3134 postremus.
862 3057 954 3118 Ac
991 3058 1051 3120 si
1077 3058 1386 3123 librorum
1418 3062 1667 3124 nomine
1715 3073 1913 3125 tomos
1948 3062 2343 3143 Auqustinus
2385 3064 2711 3144 intelliqit,
2756 3062 3004 3141 dempto
3036 3065 3367 3146 superiore
3399 3064 3538 3141 illo,

292 3156 401 3234 qui
433 3155 664 3234 viginti
692 3176 773 3219 ex
799 3159 1139 3223 hoeresibus
1170 3172 1444 3237 constat,
1476 3162 1710 3245 reliqui
1738 3183 1855 3226 sex
1901 3174 2109 3237 erunt,
2144 3183 2276 3226 non
2302 3174 2555 3244 septem.
2600 3165 2806 3239 Quare
2835 3164 3037 3244 [uerit
3081 3163 3259 3226 illius
3304 3166 3538 3243 operis,

292 3254 421 3315 sive
451 3256 749 3334 epitomes
777 3257 908 3318 alia
944 3260 1110 3321 ratio
1139 3262 1536 3341 partitioque
1566 3280 1811 3322 necesse
1850 3270 1964 3331 est,
2003 3261 2168 3341 quod
2219 3280 2284 3322 se
2317 3261 2710 3341 Auqustinus
2749 3260 2992 3339 leqisse,
3038 3268 3096 3319 et
3135 3260 3380 3320 imitari
3425 3278 3539 3320 vo·

295 3353 488 3415 luisse
520 3352 928 3422 demonstrat.

374 3460 501 3523 Sed
526 3481 567 3521 a
590 3464 836 3524 minuta
861 3464 977 3540 illa
1006 3472 1063 3524 et
1088 3472 1354 3541 anqusta
1382 3462 1828 3543 disquisitione
1860 3460 1945 3521 ad
1982 3461 2048 3523 id
2091 3461 2299 3535 redeo,
2333 3459 2499 3541 quod
2527 3460 2601 3522 de
2634 3460 2879 3523 Panarii
2915 3458 3441 3523 commendatione
3465 3479 3538 3522 ae

289 3566 513 3638 fructu
536 3564 869 3644 disputare
897 3583 1217 3645 coeperam.
1250 3565 1413 3628 Nam
1438 3564 1521 3625 ad
1544 3564 1733 3634 illud,
1768 3564 1843 3623 de
1871 3582 1993 3643 quo
2013 3565 2339 3643 aqebatur,
2373 3564 2695 3627 catholica·
2723 3564 3053 3643 reliqionis
3080 3565 3535 3644 patrocinium,

292 3674 353 3725 st
394 3665 839 3731 hodiernorum
883 3666 1264 3728 eversionem
1303 3667 1605 3728 haeresum
1647 3666 2164 3745 opportunitates
2209 3666 2597 3738 innumeras,
2650 3675 2708 3726 et
2753 3662 3115 3745 adjumenta
3143 3664 3533 3745 suppeditat.

299 3765 572 3827 Primum
600 3764 766 3847 quod
790 3764 866 3827 de
898 3766 1033 3847 eJ‘us
1059 3767 1465 3840 auctoritate,
1492 3776 1764 3845 propter
1791 3774 1851 3826 et
1879 3765 2217 3842 scriptoris
2247 3774 2637 3840 vetustatem,
2672 3775 2731 3827 et
2764 3764 3076 3827 illustrem
3108 3764 3279 3825 inter
3305 3764 3535 3828 Patres

297 3865 627 3946 diqnitatis
672 3868 898 3941 locum,
935 3884 1012 3926 ne
1051 3866 1183 3944 ipsi
1227 3864 1476 3942 quidem
1504 3866 1951 3925 obtrectatores
1979 3865 2406 3943 antiquitatis,
2435 3882 2508 3924 ac
2544 3864 2849 3925 bonorum
2882 3863 3089 3923 hostes
3118 3864 3392 3924 omnium
3416 3863 3536 3925 du-

297 3967 517 4030 bitant.
548 3967 786 4029 Deinde
814 3964 987 4047 quod
1015 3964 1349 4042 proecipua
1377 3980 1625 4042 quaque
1663 3963 1912 4027 decreta
1938 3965 2107 4043 fidei,
2140 3982 2273 4043 quoe
2318 3964 2747 4043 opinosissimi
2780 3963 3059 4026 homines
3096 3964 3194 4026 his
3236 3968 3537 4045 tempori·

296 4071 409 4134 bus
445 4071 730 4151 inficiari
763 4069 1020 4144 audent,
1057 4075 1181 4128 tam
1225 4067 1543 4147 expressis
1583 4068 1659 4130 ab
1691 4068 1803 4130 illo
1842 4068 2218 4131 testimoniis
2245 4068 2720 4148 approbantur,·
2749 4084 2882 4144 quoe
2907 4075 3112 4127 autem
3141 4068 3222 4128 iis
3253 4067 3355 4129 illi
3379 4086 3531 4129 con-

299 4175 502 4237 traria
529 4167 895 4255 defendunt,
924 4185 1071 4229 suos
1100 4164 1185 4227 ad
1219 4175 1532 4240 auctores,
1564 4166 1679 4229 hoc
1716 4175 1807 4228 est
1835 4166 2165 4230 hoereticos
2194 4172 2485 4226 revocata
2513 4171 2772 4237 veteres,
2808 4170 2934 4222 tam
2972 4163 3255 4241 qraviter
3278 4182 3353 4225 ac
3388 4182 3530 4226 cre-

302 4269 405 4331 bro
445 4270 851 4351 refutantur.-
897 4273 971 4327 ut
1010 4283 1189 4345 quem
1237 4262 1438 4326 adhuc
1468 4266 1775 4344 salsitatis
1816 4265 2003 4328 istius
2041 4282 2171 4325 non
2204 4262 2460 4341 pudeat,
2496 4261 2874 4323 communem
2907 4273 3051 4324 ante
3076 4281 3321 4325 sensum
3349 4282 3536 4344 quam

295 4370 657 4433 modestiam
682 4362 1236 4444 verecundiamque
1256 4363 1640 4443 perdiderit.

374 4494 524 4555 Hoec
555 4493 627 4555 de
652 4487 1017 4571 Epiphanio
1050 4496 1269 4549 nostro
1298 4486 1451 4548 adeo
1481 4486 1804 4565 maqnifice
1844 4485 2290 4566 splendideque
2311 4488 2557 4566 jactata
2585 4504 2766 4563 quam
2800 4503 2948 4546 vera
2977 4486 3129 4558 sint,
3160 4486 3424 4563 planum
3463 4492 3532 4551 in

291 4593 566 4670 sinqulis
596 4590 1099 4652 Luthcranorum
1125 4594 1188 4645 et
1221 4585 1711 4646 Calvinistarum
1740 4581 2066 4644 erroribus
2092 4584 2383 4662 facerem,
2424 4584 2480 4642 si
2515 4579 2583 4641 id
2611 4590 2723 4643 aut
2753 4583 3034 4663 epistolae
3061 4583 3335 4646 brevitas
3361 4588 3533 4648 sine·

294 4701 420 4765 ret,
447 4700 556 4751 aut
586 4690 801 4762 alium,
842 4704 1025 4767 quam
1064 4696 1145 4760 te,
1192 4683 1537 4746 cardinalis
1579 4683 1844 4759 illustr„
1885 4686 2092 4746 oratio
2122 4686 2248 4746 haec
2287 4699 2328 4739 a
2370 4679 2550 4741 nobis
2582 4681 2884 4743 instituta
2910 4683 3273 4757 respiceret.
3310 4684 3433 4746 Sed
3463 4687 3534 4749 id

293 4802 411 4853 aut
434 4791 560 4851 alio
579 4794 844 4871 fortasse
874 4787 1009 4849 loco
1031 4786 1509 4867 proestabimus,
1544 4794 1655 4846 aut
1680 4784 1762 4846 ad
1791 4796 1994 4849 certos
2026 4786 2348 4849 hodiernis
2371 4802 2401 4843 e
2431 4780 2854 4861 scriptoribus
2882 4781 3290 4858 remittemus,
3321 4787 3431 4863 qui
3459 4788 3529 4850 in

297 4916 429 4958 eam
451 4902 696 4975 partem
724 4890 1005 4953 studiose
1029 4908 1103 4951 ac
1133 4908 1281 4950 sane
1298 4889 1548 4950 utiliter
1580 4889 2021 4951 incubuerunt.
2057 4888 2200 4949 Tibi
2232 4903 2378 4948 cero
2407 4893 2559 4946 nota
2583 4885 2779 4963 maqis
2810 4881 2925 4943 illa
2959 4900 3141 4962 quam
3169 4885 3323 4947 mihi
3349 4898 3523 4961 sunt,

297 4995 406 5075 qui
453 5000 722 5072 quantus
765 4990 867 5049 cir
906 4987 1311 5066 Epiphanius
1350 4986 1572 5065 fuerit,
1616 4992 2034 5063 quantumque
2081 4981 2327 5043 panarii
2370 4981 2558 5042 istius
2602 4989 2976 5042 momentum
3017 4985 3126 5058 sit,
3162 5004 3294 5046 non
3318 4985 3530 5047 aliena

298 5087 846 5159 commendatione,
880 5083 988 5146 sed
1020 5082 1231 5145 studio
1268 5083 1402 5161 ipse
1449 5089 1557 5142 tuo
1596 5080 2110 5160 experientiaque
2157 5076 2462 5139 didicisti.
2512 5076 2602 5136 Ac
2644 5075 2952 5158 quidquid
2994 5081 3292 5142 hactenus
3321 5084 3420 5145 001
3449 5083 3527 5146 (ι,

296 5198 578 5259 auctoris
609 5195 799 5275 hujus
829 5189 1224 5273 proestantia,
1254 5186 1354 5250 vel
1392 5185 1466 5248 de
1504 5187 1817 5249 hoereseon
1848 5180 2425 5261 labefactari-darum
2465 5181 2714 5241 ratione
2740 5179 2935 5260 paulo
2965 5181 3287 5242 verbosius
3328 5184 3528 5263 exepli-

297 5300 457 5371 caoi,
487 5314 620 5358 non
643 5293 712 5357 id
733 5302 842 5356 tua
868 5308 1083 5362 causa,
1114 5281 1306 5367 neque
1339 5293 1414 5347 ut
1446 5282 1614 5365 quod
1653 5282 1762 5345 abs
1790 5291 1848 5345 te
1876 5280 2117 5343 discere
2145 5279 2359 5356 debeo,
2384 5279 2499 5361 hqc
2531 5289 2588 5342 te
2619 5282 2751 5360 ipse
2787 5280 3092 5352 docerem,
3126 5288 3523 5357 pertractare

295 5402 468 5463 volui
499 5420 521 5460 .-
562 5397 673 5460 sed
712 5407 788 5459 ut
832 5394 1170 5458 consilium
1209 5389 1283 5451 de
1326 5390 1442 5452 hac
1474 5386 1747 5450 editione
1774 5404 1975 5447 meum
2003 5385 2361 5464 expositum
2394 5381 2532 5456 tibi,
2568 5402 2607 5441 a
2638 5393 2812 5459 teque
2837 5373 3204 5456 probatum,
3240 5391 3523 5443 manaret

295 5502 381 5564 ad
418 5511 694 5573 coeteros,
734 5507 960 5577 tuoque
998 5514 1061 5557 se
1082 5490 1332 5575 judicio
1363 5497 1424 5550 et
1451 5490 1831 5551 auctoritate
1862 5485 2242 5566 defenderet.
2277 5484 2473 5559 Quam
2516 5499 2623 5560 eqo
2658 5477 3144 5558 proeroqativam
3175 5479 3521 5583 voluntatis

293 5601 821 5679 humanitatisque
851 5606 972 5658 tuoe
998 5594 1305 5674 diqnitate
1333 5591 1477 5669 ipsa
1509 5589 1786 5650 muneris
1833 5606 1906 5647 ac
1948 5586 2155 5665 pretio
2187 5585 2533 5674 impetrare·
2573 5579 2791 5652 malui,
2839 5595 3043 5658 quam,
3096 5596 3228 5659 quce
3279 5581 3435 5641 trita
3465 5590 3523 5641 et

288 5708 640 5784 peroaqata
659 5697 1113 5777 Proesationum
1132 5710 1302 5773 seqes
1333 5698 1447 5761 est,
1473 5687 1777 5750 ornandis
1805 5687 1935 5749 tuis
1973 5682 2266 5747 laudibus
2293 5700 2365 5743 ac
2395 5682 2705 5744 virtutum
2727 5687 2981 5739 tuarum
2994 5679 3317 5758 proeconio
3348 5682 3526 5743 colli·

290 5817 459 5881 qere.
493 5798 652 5862 Nam
682 5794 855 5878 apud
877 5804 935 5856 te
967 5794 1044 5855 de
1073 5801 1131 5854 te
1156 5800 1227 5854 ut
1256 5788 1444 5853 cerba
1468 5788 1720 5868 faciam,
1752 5786 2124 5866 sinqularis‚
2153 5800 2290 5861 quoe
2327 5782 2398 5843 in
2424 5789 2483 5843 te
2512 5790 2624 5854 est,
2656 5782 2940 5859 qravitas
2966 5799 3039 5841 ac
3068 5777 3370 5841 modestia
3394 5800 3523 5842 non

290 5900 566 5981 patitur.
607 5882 817 5977 Neque
850 5903 909 5958 ts
942 5891 1395 5957 ambitiuneula
1436 5891 1581 5963 ista,
1614 5897 1697 5965 et,
1741 5887 1907 5968 quod
1936 5904 2064 5947 esse
2073 5881 2613 5965 ,iucundissimum
2644 5884 2918 5945 omnium
2938 5897 3230 5943 acroama
3256 5880 3519 5948 dicitur,
