3850 6517
290 484 390 538 '177

956 475 1323 531 ADVERSUS
1362 474 1705 531 HAERESES
1742 475 1870 531 ΗΒ.
1905 477 1948 530 1.
1991 472 2154 530 Tou.
2196 459 2393 526 ltl.'-
2431 467 2706 525 nAEnEs.
2748 466 2907 523 xLll.

3414 464 3517 518 778

290 599 485 671 ἔπραξε
513 616 523 628 ·
548 598 694 669 φημὶ
712 597 792 661 δὲ,
823 597 922 667 τὴν
966 597 1223 667 ἀθέτησιν
1252 595 1342 649 τοῦ
1379 595 1545 648 αὐτοῦ
1578 594 1847 648 Δεσπότου
1879 599 1924 655 Α
1952 593 2026 645 lio
2056 598 2278 662 peccato
2321 605 2379 643 se
2414 587 2725 653 obstrinxit,
2763 587 2891 642 dum
2921 599 3016 655 per
3051 582 3214 638 animi
3245 590 3523 636 contuma-

290 692 373 746 διὰ
406 694 504 762 τῆς
558 688 844 760 παρακοῆς
900 688 1281 757 ποιησάμενος.
1337 685 1448 739 Ποῦ
1486 687 1668 738 τοίνυν
1692 681 1854 756 ἦντὸ
1957 684 2097 737 ciam
2154 679 2364 735 Domini
2413 680 2497 734 sni
2554 679 2891 749 majestatem
2943 675 3234 731 imminuit.
3291 672 3522 729 Ubinam

234 781 249 798 *
291 784 479 847 κακὸν,
535 780 701 852 πρινὴ
732 782 828 850 τὴν
864 781 1041 851 σάρκα
1082 775 1250 843 εἷναι;
1290 777 1417 839 Πῶς
1442 776 1498 829 δὲ
1529 776 1688 839 εὐθὺς
1720 776 1856 829 πλα-

293 877 478 929 σθείσα
534 876 596 928 ού
640 874 702 926 τὸ
744 872 914 925 κακὸν
963 871 1290 942 εἰργάσατο,
1332 869 1469 924 ἀλλὰ
1507 870 1681 940 χρόνῳ
1725 886 1855 939 μετ-

1957 788 2086 843 ergo
2134 784 2336 833 rerum,
2386 760 2671 839 a'ntequam
2728 783 2857 823 earo
2901 767 3209 837 prodiisset,
3242 775 3525 837 peccatum

1958 861 2093 919 luit?
2130 863 2238 916 Aut
2261 875 2495 930 quanam
2541 861 2751 915 ratione
2782 874 2888 913 non
2921 858 3083 913 simul
3114 868 3275 929 atque
3306 857 3528 912 condita

294 968 520 1031 ἐπειτα;
547 967 688 1036 'Apa
723 962 851 1031 γοίν
875 963 1137 1033 ἀνῄρηται
1160 964 1189 1015 ὁ
1213 962 1452 1034 περὶτῆς
1469 961 1664 1024 κακίας
1686 959 1857 1031 ἀρχῆς
1958 964 2062 1018 est,
2086 954 2178 1009 sed
2217 953 2493 1021 aliquanto
2523 960 2711 1021 postea
2751 951 3036 1005 intervallo
3077 949 3278 1003 malum
3308 947 3531 1002 commi·

299 1058 472 1124 λόγος.
509 1058 580 1108 oo
613 1056 718 1126 γάρ
743 1054 962 1106 δύναται
989 1053 1289 1123 ἀρχαῖζειν,
1313 1052 1497 1121 ἐπειδὴ
1518 1054 1575 1105 ὲν
1604 1054 1669 1122 τῇ
1696 1051 1859 1121 σαρκὶ

304 1150 364 1217 τῇ
403 1145 829 1216 μεταγενεστέρᾳ
878 1144 939 1196 τὸ
991 1143 1235 1211 γίνεσθαι
1284 1143 1455 1213 ἔχειὴ
1493 1144 1679 1208 κακία,
1716 1144 1749 1213 ἢ
1783 1142 1859 1212 μὴ

304 1233 544 1303 γίνεσθαι
567 1252 580 1263 ·
606 1234 699 1286 καὶ
712 1232 835 1287 οὔτε
866 1234 900 1302 ὴ
929 1231 1066 1301 σάρξ
1086 1231 1247 1284 πάλιν
1279 1231 1718 1303 ἀκληρονόμητός
1744 1232 1860 1284 ἐστι

302 1324 408 1377 τῶν
428 1326 784 1394 ἐπουρανίων.
816 1321 926 1376 Καὶ
955 1323 1028 1392 μή
1050 1339 1133 1383 τις
1146 1320 1377 1392 λάδηται
1398 1323 1491 1374 τοῦ
1516 1322 1667 1389 ἁγίου
1699 1323 1862 1374 Ἀπο-

301 1414 491 1467 στόλου
542 1414 789 1476 εἰπόντος
813 1427 828 1441 ·
862 1411 1021 1480 ΣὰῙξ
1060 1412 1160 1464 καὶ
1190 1408 1332 1481 αἷμα
1363 1412 1689 1477 βασιλείαν
1716 1410 1864 1466 Θεοῦ

299 1506 372 1558 οὐ
437 1502 1025 1573 κληρονομήσουσιν.
1068 1502 1143 1554 Οὐ
1183 1502 1291 1573 γὰρ
1343 1503 1522 1555 πᾶσαν
1574 1501 1750 1573 σάρκα
1782 1501 1868 1554 αἱ·

300 1596 501 1647 τιᾶται.
545 1593 669 1656 Πῶς
692 1591 801 1662 γὰρ
839 1590 1211 1663 αἰτιαθήσεται
1240 1589 1396 1661 σάρξ,
1432 1594 1465 1663 η
1508 1590 1583 1663 μὴ
1618 1590 1867 1661 πράξασα

300 1687 371 1738 τά
396 1685 796 1759 προειρημένας
826 1684 937 1738 Καὶ
956 1684 1016 1748 ἐξ
1036 1686 1236 1755 ἐτέρων
1266 1685 1322 1737 δὲ
1351 1683 1674 1748 ἀποδείξεων
1695 1700 1871 1753 παρα-

308 1779 491 1848 στήσω
522 1778 582 1831 τὸ
627 1777 971 1848 ζητούμενον.
1020 1780 1062 1830 Τ
1062 1776 1117 1841 ῖς
1156 1777 1285 1846 γὰρ,
1327 1777 1510 1847 φησὶν,
1558 1775 1872 1845 ἐγκαλέσει

308 1871 458 1923 κατὰ
487 1868 786 1923 ἐκλεκτῶν
811 1867 992 1931 Θεοῦ,·
1015 1867 1139 1930 Πῶς
1170 1868 1231 1920 ού
1260 1867 1655 1939 κληρονομήσει
1683 1866 1872 1936 Μαρία

1961 1048 2032 1102 sit
2055 1048 2078 1100 ἲ
2103 1046 2464 1112 Quamobrem
2496 1044 2673 1098 omnis
2718 1043 2807 1097 illa
2842 1042 2909 1098 de
2939 1040 3208 1112 principio
3249 1040 3371 1092 mali
3407 1055 3530 1094 sen-

1963 1136 2129 1190 tentia
2167 1134 2394 1189 corruit.
2429 1132 2548 1187 Non
2573 1134 2715 1187 enim
2751 1132 3030 1200 antiquum
3059 1145 3179 1185 esse
3205 1137 3379 1198 potest
3419 1144 3532 1182 ma-

1963 1227 2096 1291 lum,
2123 1226 2270 1297 quod
2308 1227 2364 1280 in
2394 1223 2678 1279 recentiori
2712 1237 2841 1277 caro
2875 1222 3035 1276 habet
3077 1230 3133 1275 ut
3184 1223 3274 1280 sit.
3300 1229 3393 1275 aut
3425 1236 3533 1275 nou

1964 1320 2037 1374 sit
2067 1319 2307 1373 omnino.
2346 1315 2532 1385 Neque
2567 1330 2695 1369 vero
2723 1329 2752 1367 a
2790 1312 2997 1367 coelesti
3027 1312 3373 1381 possessione
3404 1327 3534 1366 earo

1965 1409 2234 1479 dejicitur.
2274 1406 2385 1463 Nec
2415 1415 2499 1461 est
2531 1406 2675 1476 quod
2708 1403 2950 1475 Apostoli
2982 1403 3305 1457 auctoritate
3345 1402 3537 1456 abuta-

1967 1510 2056 1555 tur
2082 1498 2375 1571 quispiam,
2403 1496 2530 1553 dum
2556 1497 2632 1550 ait
2662 1515 2675 1551 z
2706 1494 2844 1551 Caro
2875 1505 2924 1548 et
2952 1495 3166 1563 sanquis
3196 1509 3409 1563 requam
3440 1494 3537 1547 Dei

1968 1608 2069 1644 mm
2096 1589 2433 1660 possidebunt
2461 1589 2500 1641 ¹.
2532 1585 2667 1641 Nam
2710 1601 2816 1641 non
2868 1601 3087 1642 carnem
3131 1600 3346 1640 omnem
3377 1599 3540 1640 accu-

1970 1689 2073 1737 sat.
2108 1681 2221 1735 Cur
2270 1680 2415 1736 enim
2442 1684 2728 1733 accusetur
2755 1691 2819 1732 ea
2846 1692 2967 1748 quae
3023 1675 3158 1731 niliil
3185 1692 3371 1732 eornm
3418 1691 3543 1747 quae

1971 1780 2129 1827 antea
2162 1779 2582 1827 commemorata
2633 1777 2763 1824 sunt
2805 1768 3119 1824 admiserit?
3162 1766 3267 1823 Sed
3326 1778 3381 1824 et
3417 1769 3542 1825 aliis

1972 1879 2190 1934 quoque
2228 1862 2532 1917 rationibus
2564 1861 2708 1932 quod
2755 1860 3016 1931 quaeritur
3052 1861 3329 1916 evidenter
3354 1872 3543 1918 osten-

305 1962 339 2029 ἠ
387 1961 518 2028 ἀγία
571 1961 709 2031 μετὰ
741 1960 941 2030 σαρκὸς
982 1960 1082 2030 τὴν
1111 1957 1386 2029 βασιλείαν
1413 1959 1520 2011 τῶν
1550 1955 1812 2028 οὐρανῶν,
1833 1956 1870 2027 ἡ
1906 1951 1946 2006 Β
1972 1957 2142 2011 ditur.
2175 1955 2330 2022 Quis,
2364 1955 2559 2024 inquit,
2584 1953 2852 2007 accusabit
2880 1955 3127 2008 adversus
3159 1955 3345 2010 electos
3376 1955 3546 2011 Det’!

310 2051 386 2120 μὴ
422 2049 785 2120 πορνεύσασα,
842 2050 917 2119 μὴ
962 2048 1334 2119 ἀσελγήσασα,
1372 2048 1449 2119 μὴ
1503 2044 1870 2119 μοιχευθεῖσα,

311 2137 478 2208 μηδὲν
497 2156 550 2191 τι
574 2140 683 2193 τῶν
712 2140 1024 2209 ἀνηκέστων
1055 2140 1256 2209 σαρκὸς
1293 2138 1471 2208 ἔργων
1503 2138 1874 2209 ἐργασαμένη,

308 2228 443 2281 ἀλλά
469 2229 729 2302 ἄχραντος
754 2231 1015 2301 μείνασα;
1042 2232 1153 2284 Ούκ
1180 2231 1285 2301 άρα
1302 2230 1480 2283 τοίνυν
1511 2230 1639 2300 περὶ
1676 2229 1877 2301 σαρκὸς

308 2322 458 2389 λέγει
489 2322 562 2393 μὴ
595 2315 951 2395 κληρονομεῖν
984 2324 1256 2393 βασιλείαν
1276 2323 1542 2393 οὐρανῶν,
1582 2320 1716 2374 ἀλλὰ
1749 2321 1877 2392 περὶ

206 2486 209 2489 ⁴
312 2414 587 2483 σαρκικῶν
639 2414 942 2485 ἀνθρώπων
970 2415 1077 2467 τῶν
1101 2416 1171 2469 τά
1210 2414 1389 2484 φαῦλα
1435 2414 1523 2468 διά
1546 2413 1644 2484 τῆς
1678 2411 1879 2483 σαρκὸς

313 2505 654 2574 πραττόντων
672 2523 686 2538 ·
727 2505 885 2557 ἅτινά
912 2509 1026 2558 ἐστι
1056 2506 1298 2575 πορνεία,
1327 2504 1754 2575 είδωλολατρεία,
1784 2504 1879 2557 καὶ

318 2598 389 2650 τά
425 2596 630 2659 τούτοις
659 2597 837 2666 ὃμοια.
874 2595 985 2648 Καὶ
1031 2594 1328 2660 ἐξάπαντος
1364 2595 1682 2666 ὲληλεγκταί
1716 2612 1807 2648 σου
1844 2597 1878 2664 ἡ

317 2687 611 2759 σκευωρία,
665 2681 709 2739 ῶ
749 2686 1015 2755 Μαρκίων
1043 2682 1450 2755 πεπλανημένε,
1495 2684 1593 2754 τῆς
1629 2684 1885 2754 ἀληθείας

316 2781 488 2849 πάντη
523 2777 915 2848 προλαδούσης,
952 2777 1046 2830 καὶ
1077 2775 1137 2830 τὸ
1167 2775 1384 2846 στερεὸν
1410 2773 1503 2827 τοῦ
1535 2774 1886 2847 κηρύγματος

316 2872 414 2939 τῆς
438 2870 582 2939 ζωῆς
616 2867 1065 2940 άσιραλιζομένης.

1974 2046 2167 2101 Nonne
2217 2046 2562 2101 sanctissima
2600 2042 2765 2112 Virgo
2822 2042 2991 2099 Maria
3039 2060 3163 2100 cum
3220 2047 3337 2116 ipsa
3382 2061 3545 2102 carne

1975 2138 2199 2193 coeleste
2221 2152 2447 2208 regnum
2476 2145 2754 2206 capesset3
2788 2137 2879 2189 cui
2906 2152 3084 2208 neque
3108 2138 3298 2192 vitium
3329 2148 3415 2195 est
3446 2155 3549 2193 un·

1978 2242 2142 2297 quam
2165 2226 2449 2293 oblatum;
2481 2240 2580 2280 nee
2626 2223 2851 2281 libidine
2879 2234 2958 2282 est
2995 2228 3126 2290 ulla,
3153 2234 3247 2281 aut
3280 2230 3551 2286 adulterio

1981 2319 2214 2386 l'oedata3
2267 2335 2444 2389 neque
2508 2319 2803 2390 quidquam
2854 2334 2919 2373 ex
2948 2318 3174 2375 nefariis
3207 2320 3312 2375 illis
3368 2324 3553 2379 carnis

1984 2409 2241 2479 operibus
2287 2410 2526 2474 admisit,
2580 2410 2674 2465 sed
2710 2412 2915 2479 integra
2952 2409 3319 2482 inviolataque
3355 2416 3553 2483 persti-

1987 2500 2094 2554 tit?
2132 2499 2253 2554 Non
2300 2501 2467 2571 igitur
2511 2508 2785 2572 utcunque
2821 2502 2889 2556 de
2930 2516 3095 2557 carne
3132 2503 3389 2573 ioquitur,
3425 2521 3550 2561 cum

1988 2604 2107 2644 eam
2134 2598 2297 2659 negat
2325 2591 2549 2646 coeleste
2575 2607 2798 2661 regnum
2824 2592 3136 2662 possidere;
3163 2595 3261 2650 sed
3297 2594 3364 2651 de
3400 2598 3551 2652 carui

1989 2680 2264 2738 immersis
2304 2681 2637 2748 bominibus,
2666 2683 2762 2754 qui
2807 2684 3136 2740 adminiculo
3167 2687 3350 2743 carnis
3384 2689 3556 2744 scele-

1989 2779 2074 2825 sta
2105 2773 2349 2842 quat-dam
2375 2781 2725 2846 perpetrant:
2753 2774 3057 2843 cujusmodi
3084 2788 3212 2834 sunt
3243 2779 3554 2849 fornicatio,

1990 2862 2321 2930 idololatria,
2343 2873 2449 2920 etc.
2481 2865 2633 2921 Unde
2662 2871 2776 2930 tua,
2811 2865 3034 2930 Marcio,
3063 2868 3214 2925 fraus
3241 2879 3405 2942 atque
3439 2875 3555 2927 cal·

317 2962 502 3017 liditas
537 2964 760 3020 omnino
784 2962 1072 3033 detegitur,
1102 2976 1229 3016 cum
1251 2975 1441 3018 omnes
1468 2962 1673 3017 erroris
1700 2960 1881 3017 aditus
1915 2960 2236 3030 jamdudum
2257 2961 2453 3016 veritas
2482 2962 2782 3030 occuparit,
2845 2962 3353 3037 praedicationisque
3411 2968 3556 3034 ejus,

314 3069 440 3124 quae
484 3053 650 3108 vitam
704 3051 877 3117 affert,
924 3052 1233 3107 firmitatem
1273 3050 1733 3121 stabilitatemque
1765 3052 2042 3110 munierit.

387 3145 542 3217 Σχόλ.
574 3144 639 3209 ζ’.
680 3145 746 3197 ot
797 3142 865 3195 δὲ
892 3141 999 3196 τοῦ
1028 3143 1285 3210 Χριστοῦ
1329 3144 1444 3211 τὴν
1464 3140 1660 3209 σάρκα
1677 3142 1888 3195 ἐσταύ-
1910 3150 1954 3206 c
2059 3138 2242 3195 Schol.
2277 3142 2327 3196 Ἰ.
2360 3141 2466 3208 Qun·
2504 3150 2680 3196 autem
2722 3142 2923 3200 Chi-ion·
2952 3155 3074 3202 sunt
3104 3163 3315 3204 earnm
3336 3153 3557 3225 cntes'fi-

314 3250 521 3304 ρωσαν
553 3234 678 3288 σὺν
695 3232 822 3299 τοῖς
846 3231 1154 3300 παθήμασι
1187 3231 1286 3285 καὶ
1313 3231 1440 3297 ταῖς
1463 3232 1817 3301 ἐπιθυμίαις.

393 3326 609 3395 Ἔλεγχ.
651 3323 719 3389 ζ’.
761 3325 826 3377 Εἰ
877 3323 1269 3389 ἐσταύρωσαν
1312 3322 1412 3391 τὴν
1448 3320 1646 3391 σάρκα
1689 3327 1744 3377 οὶ
1784 3322 1891 3378 τοῦ

324 3418 600 3483 Χριστοῦ,
622 3411 667 3470 fu
700 3415 984 3487 Μαρκίων,
1011 3416 1171 3487 δῆλον
1222 3411 1313 3487 ἦν,
1341 3416 1423 3469 ὅτι
1454 3417 1505 3469 οἱ
1525 3415 1621 3469 τοῦ
1653 3414 1892 3487 Χριστοῦ

325 3505 499 3560 δοῦλοι
529 3508 624 3562 σὺν
655 3510 776 3569 ταῖς
803 3506 1117 3578 ἐπιθυμίαις
1150 3506 1244 3561 καὶ
1276 3507 1385 3568 τοῖς
1411 3505 1693 3577 παθήμασι
1720 3505 1894 3558 καθα-

327 3595 426 3668 ράν
460 3598 558 3670 τὴν
592 3598 767 3670 σάρκα
799 3597 1088 3663 ἀπέδειξαν
1107 3614 1122 3628 ·
1155 3597 1250 3650 καὶ
1272 3597 1613 3667 ἐμιμήσαντο
1633 3594 1725 3648 τὸν
1756 3596 1894 3665 Χρι-

325 3687 468 3753 στὸν,
493 3690 763 3754 δείξαντες
814 3691 974 3744 αύτδν
1018 3691 1195 3759 σάρκα
1231 3689 1654 3757 ἐσταυρωκὲναι.
1688 3689 1779 3741 Διδ
1802 3688 1897 3741 καὶ

323 3780 497 3841 αὐτοὶ,
520 3780 588 3831 τά
618 3782 708 3830 ἴσα
741 3779 817 3845 τῷ
849 3778 1094 3847 Δεσπότῃ
1147 3777 1327 3828 αὐτῶν
1371 3778 1756 3846 φρονήσαντες,
1799 3776 1898 3850 τὴν

329 3868 507 3935 σάρκα
555 3864 929 3940 ἐσταύρωσαν.
963 3862 1071 3914 Καὶ
1104 3863 1153 3914 εί
1179 3862 1278 3933 τὴν
1316 3863 1494 3934 σάρκα
1526 3864 1894 3935 ἐσταύρωσαν,

330 3955 643 4008 ἀνένδεκτον
674 3952 771 4023 τὴν
826 3953 1001 4023 σάρκα
1050 3953 1191 4024 ὑπὲρ
1235 3954 1469 4025 Χριστοῦ
1516 3954 1791 4010 παθοῦσαν
1823 3956 1898 4029 μὴ

336 4050 431 4096 σὺν
481 4043 696 4114 Χριστῷ
733 4042 1067 4112 βασιλεύειν·
1122 4044 1304 4108 καθὼς
1348 4046 1442 4098 καὶ
1484 4047 1542 4098 ἐν
1581 4046 1724 4118 ἄλλῳ
1750 4046 1900 4119 ῥητῷ

334 4135 600 4187 δείκνυσιν
634 4139 662 4189 ό
709 4136 859 4202 ἅγιος
916 4136 1230 4198 Ἀπόστολος
1254 4136 1466 4205 λέγων,
1517 4140 1598 4191 ὅτι
1626 4138 1900 4209 Καθάπερ

335 4227 608 4278 κοινωνοί
656 4228 795 4280 ἐστε
828 4225 945 4279 τῶν
972 4227 1327 4295 παθημάτων
1346 4228 1452 4282 τοῦ
1488 4231 1764 4298 Χριστοῦ,
1799 4230 1901 4285 οῦ-

332 4331 446 4379 τως
465 4314 559 4369 καὶ
590 4313 697 4382 τῆς
726 4314 928 4381 δόξης.

402 4406 559 4475 Σχόλ.
595 4405 664 4477 η’.
698 4406 847 4459 Οὔτε
871 4405 980 4475 γὰρ
1007 4409 1060 4459 οἱ
1091 4411 1568 4478 περιτεμνόμενοι
1599 4410 1766 4465 αὐτοὶ
1801 4412 1901 4465 rd-

326 4514 447 4567 μοι·
474 4495 923 4567 φυλάσσουσιν.

406 4588 623 4658 Ἐλεγχ.
646 4595 714 4660 η’.
738 4588 849 4641 Ούκ
869 4588 1208 4658 ἀπηγόρευτο
1226 4588 1404 4643 τοίνυν
1426 4592 1460 4659 ἡ
1479 4590 1718 4661 προτέρα
1746 4609 1900 4662 περι-

332 4680 473 4752 τομὴ
505 4682 562 4733 ἐν
587 4680 665 4749 τῷ
691 4679 806 4750 ἰδίῳ
831 4679 1029 4749 καιρῷ,
1068 4682 1116 4732 εί
1145 4681 1309 4750 νόμον
1346 4679 1596 4749 ἐφύλαξε.
1629 4682 1814 4753 Νόμος
1840 4683 1900 4737 δὲ

335 4771 567 4843 Χριστὸν
618 4769 981 4841 κατήγγελλεν
1030 4769 1321 4841 ἐρχόμενον
1375 4771 1540 4841 νόμον
1587 4772 1899 4846 ἐλευθερίας

336 4861 732 4933 παρασχέσθαι,
777 4860 870 4914 καὶ
914 4861 1097 4913 ούκὲτι
1126 4862 1160 4932 ὴ
1208 4863 1476 4933 περιτομὴ
1518 4864 1577 4916 ἐν
1618 4866 1780 4936 σαρκὶι
1817 4865 1897 4938 τῷ

336 4955 513 5025 χρόνῳ
534 4953 625 5005 τοῦ
651 4949 886 5022 Χριστοῦ
917 4950 1388 5023 ἐξυπηρετήσειεν.
1419 4949 1587 5008 Ἦλθε
1613 4955 1725 5027 γάρ
1749 4958 1783 5028 ὴ
1813 4956 1903 5011 διὰ

338 5043 573 5116 Χριστοῦ
608 5043 855 5113 ἀληθινὴ,
882 5038 949 5113 ἧς
988 5042 1158 5106 τύπος
1204 5040 1507 5115 ὲκείνηῆν.
1537 5048 1600 5099 Οί
1638 5047 1694 5099 δὲ
1730 5047 1812 5100 ἔτι
1843 5049 1902 5101 ἐν

337 5137 518 5208 ἐκείνῃ
549 5134 988 5206 σφραγιζόμενοι,
1022 5136 1123 5188 κάν
1157 5153 1216 5188 τε
1245 5137 1418 5190 πάντα
1443 5138 1533 5191 τὸν
1551 5138 1713 5209 νόμον
1735 5138 1902 5206 φῦλά-

339 5230 522 5295 ξωσιν,
553 5228 738 5281 ούκέτι
780 5226 963 5288 αὐτοῖς
1015 5226 1391 5298 λογισθήσεται
1439 5229 1602 5299 νόμου
1653 5227 1898 5298 φύλαξις.

352 5316 572 5387 Ἐπειδὴ
597 5316 709 5388 γάρ
742 5316 771 5368 ό
804 5315 966 5385 νόμος
993 5314 1144 5383 ἔλεγε
1191 5318 1320 5384 περὶ
1345 5318 1602 5388 Χριστοῦ,
1628 5318 1712 5370 ὅτι
1759 5321 1903 5385 Προ-

341 5404 543 5475 φήτην
572 5405 764 5474 ἐγερεῖ
799 5405 943 5474 ὑμῖν
976 5406 1188 5474 Κύριος
1230 5410 1262 5459 ὀ
1296 5406 1438 5472 Θεὸς
1466 5407 1533 5460 ἐκ
1560 5406 1679 5460 τῶν
1725 5406 1904 5462 ἁδελ-

341 5499 474 5570 φῶι·
504 5518 621 5569 μου
647 5502 728 5566 ὠς
757 5500 861 5569 ἐμέ
880 5516 893 5530 ·
926 5498 1110 5553 αὑτοῦ
1143 5500 1435 5557 ἀκούσετε
1455 5516 1469 5532 ·
1503 5498 1681 5552 αὐτῶν
1715 5498 1772 5552 δὲ
1803 5498 1900 5551 τοῦ

224 5643 237 5654 .
341 5592 580 5666 Χριστοῦ
618 5592 691 5664 μὴ
739 5592 1123 5654 ἀκουσάντων,
1167 5593 1201 5661 ἡ
1253 5590 1518 5661 περιτομὴ
1571 5589 1906 5660 ἀκροὸυστία

342 5686 547 5754 γίνεται
600 5686 814 5747 αὐτοῖς,
868 5683 959 5736 καὶ
1009 5686 1043 5754 ἡ
1085 5683 1310 5752 φύλαξις
1368 5684 1458 5736 τοῦ
1511 5684 1676 5755 νόμου
1723 5684 1905 5740 οὐκέτι

1990 3239 2184 3286 xerunt
2210 3248 2330 3285 cum
2358 3233 2496 3287 titiis
2520 3243 2571 3287 et
2598 3236 3028 3304 cont-apiscentiis
3060 3238 3107 3294 ⁸.

2060 3318 2244 3377 Resut.
2269 3322 2319 3377 7.
2345 3321 2400 3377 Si
2423 3325 2513 3395 qui
2543 3323 2742 3380 Christi
2763 3338 2905 3391 sunt,
2927 3345 3137 3384 carnem
3159 3334 3559 3405 crucifiamurt,

1993 3411 2221 3478 Marcio,
2252 3417 2595 3485 perspicuum
2635 3426 2718 3471 est
2754 3417 2957 3473 Christi
3001 3435 3186 3477 sen'os
3220 3424 3561 3484 circumcisis

1995 3502 2387 3574 cupiditatibus
2439 3514 2494 3560 et
2537 3504 2915 3563 affectionibus
2956 3511 3397 3581 purgatissimam
3438 3529 3562 3570 car·

1995 3606 2119 3646 nem
2164 3608 2319 3648 suam
2365 3593 2691 3662 reddidisse,
2718 3596 3065 3668 imitatosque
3105 3614 3227 3657 esse
3258 3601 3557 3670 Christum,

1997 3681 2125 3735 dum
2150 3683 2325 3753 ipsum
2364 3699 2581 3739 carnem
2619 3700 2774 3740 suam
2805 3688 2953 3742 cruci
2991 3687 3224 3746 affixisse
3257 3692 3557 3750 declarant.

1997 3772 2153 3854 Unde
2180 3782 2236 3830 et
2269 3775 2347 3829 illi
2379 3775 2567 3832 eodem
2591 3792 2702 3848 quo
2728 3777 2992 3836 Dominus
3027 3796 3163 3838 suus
3194 3785 3426 3841 consilio
3448 3800 3565 3842 car·

1996 3879 2120 3919 nem
2156 3866 2211 3921 in
2238 3881 2402 3923 cruce
2438 3868 2695 3939 deligunt.
2720 3869 2841 3925 Iam
2887 3887 3017 3928 vero
3064 3873 3110 3929 si
3149 3889 3366 3932 carnem
3404 3891 3563 3934 suam

1998 3957 2389 4021 crucifixerint,
2421 3958 2535 4015 lieri
2565 3975 2674 4016 nou
2720 3970 2897 4031 potest
2933 3964 3064 4034 quin
3101 3981 3229 4021 caro
3270 3983 3368 4038 pro
3404 3967 3565 4024 Chri-

2000 4057 2086 4103 sto
2115 4064 2371 4120 perpessa
2405 4065 2528 4104 eum
2570 4050 2786 4108 Cbristo
2818 4054 3020 4124 pariter
3060 4066 3289 4127 regnet:
3324 4058 3376 4114 id
3416 4054 3561 4132 quod

2000 4138 2107 4194 alio
2134 4141 2189 4193 in
2214 4140 2335 4195 loco
2363 4140 2450 4198 liis
2476 4143 2658 4198 verbis
2682 4142 3016 4200 demonstrat
3037 4145 3332 4216 Apostolus
3363 4168 3376 4204 ι
3410 4150 3565 4208 Sicut

2001 4234 2130 4288 socii
2153 4236 2457 4301 passionum
2483 4234 2685 4291 Christi
2716 4238 2862 4299 estis,
2892 4238 2971 4292 ita
3000 4247 3050 4293 et
3077 4239 3260 4311 alorioe
3279 4243 3320 4299 ⁸.

2074 4413 2258 4468 Schol.
2311 4413 2364 4468 8.
2411 4411 2591 4485 Neque
2636 4416 2774 4470 enim
2826 4418 2915 4487 qut
2963 4420 3407 4479 circumciduntur
3460 4428 3563 4499 ipss

1931 4472 1976 4527 D
2005 4504 2163 4573 leqem
2197 4503 2496 4557 custodiunt
2523 4505 2567 4559 ⁸.

2073 4594 2233 4667 353
2244 4593 2424 4651 Resut.
2437 4595 2491 4651 8.
2509 4595 2628 4652 Non
2649 4596 2813 4669 igitur
2825 4614 2923 4655 suo
2940 4608 3180 4672 ternpore
3196 4608 3463 4674 prohibita
3478 4625 3562 4666 ve-

2001 4694 2090 4742 tus
2107 4686 2196 4740 illa
2216 4686 2560 4742 circumcisio
2587 4685 2707 4754 suit,
2730 4690 2775 4744 si
2800 4689 3018 4760 quidem
3051 4692 3221 4764 legem
3243 4698 3561 4757 custodiret.

2002 4775 2171 4831 Porro
2215 4774 2299 4832 lex
2342 4775 2616 4832 Christum
2661 4778 2946 4834 nuntiabat
2989 4780 3195 4838 idcirco
3233 4787 3561 4846 venientem.

2002 4870 2061 4916 ut
2100 4862 2271 4931 legem
2307 4863 2571 4920 libertatis
2609 4865 2844 4932 afferret,
2884 4878 2937 4923 et
2983 4870 3329 4930 circumcisio
3379 4877 3566 4936 carnis

1996 4967 2105 5009 non
2137 4955 2372 5025 amplius
2405 4965 2645 5027 tempore
2698 4957 2903 5016 Clu-isti
2940 4961 3121 5019 locum
3173 4963 3420 5022 baberet.
3458 4967 3563 5024 Ve-

1993 5043 2074 5098 nit
2102 5044 2247 5099 enim
2286 5060 2378 5114 per
2400 5044 2680 5104 Christum
2714 5066 2861 5117 vera,
2893 5053 3052 5124 cujus
3090 5053 3180 5110 illa
3212 5057 3437 5129 figuram
3469 5075 3565 5116 ex·

1987 5135 2205 5204 pressit.
2250 5136 2574 5209 Quicunque
2610 5156 2739 5198 vero
2782 5145 2962 5200 adbuc
3008 5148 3061 5201 in
3113 5147 3202 5201 illa
3245 5150 3559 5218 signantur,

1996 5229 2209 5285 tametsi
2267 5229 2439 5300 legem
2490 5248 2705 5290 omnem
2757 5237 3067 5302 observent,
3099 5255 3208 5295 non
3263 5249 3443 5298 tamen
3486 5243 3558 5301 iis

1989 5320 2299 5375 observatio
2329 5322 2429 5377 ista
2470 5324 2605 5395 legis
2640 5327 3009 5397 imputabitur.
3041 5330 3175 5383 Cum
3202 5331 3347 5388 enim
3374 5333 3459 5390 lex
3486 5334 3557 5392 do

1982 5411 2199 5467 Christo
2231 5415 2537 5482 praeulixerit
2571 5435 2585 5471 ι
2618 5419 2930 5489 Propleetam
2962 5425 3238 5480 suscitabit
3276 5427 3419 5484 vobis
3449 5429 3554 5483 Do·

1982 5503 2156 5556 minus
2180 5502 2317 5558 Deus
2341 5521 2370 5559 e
2403 5508 2655 5577 fratribus
2694 5512 2821 5566 nteit
2847 5513 2980 5567 sicut
3006 5531 3082 5567 me
3105 5533 3127 5581 ,-
3170 5515 3339 5586 ipsum
3373 5520 3553 5574 uindic-

1984 5595 2049 5648 εἰς
2076 5594 2098 5625 ⁸
2128 5612 2144 5649 ι
2175 5595 2267 5665 qui
2302 5612 2368 5653 ex
2406 5598 2513 5654 illis
2546 5599 2823 5658 Christum
2868 5620 2976 5660 non
3027 5608 3315 5672 audierint,
3352 5611 3547 5666 borum

1982 5686 2328 5744 circumcisio
2355 5692 2602 5759 praeputii
2623 5694 2794 5749 instar
2814 5698 3128 5767 aestimatur,
3153 5701 3378 5774 ipsaque
3412 5702 3548 5774 legis

418 5839 478 5895 ¹1
505 5843 631 5899 Cor.
670 5856 759 5905 xv,
788 5841 874 5896 50.
952 5843 973 5872 ¹
1006 5837 1161 5893 Rom.
1193 5856 1307 5905 νιιι,
1342 5841 1428 5896 53.
1505 5842 1525 5870 ³
1564 5840 1738 5897 Galat.
1770 5860 1802 5898 v
1863 5842 1953 5897 22.
2030 5839 2117 5894 ⁸11
2147 5838 2272 5895 Cor.
2304 5852 2346 5904 t,
2376 5839 2429 5894 7.
2514 5836 2535 5870 ⁸
2558 5835 2716 5894 Galat
2768 5852 2843 5906 vt,
2868 5837 2953 5894 15.
3027 5839 3048 5873 ⁸
3076 5838 3233 5896 Dent.
3276 5857 3430 5907 xvttt,
3470 5841 3561 5902 ¹15.

668 5934 937 5994 Parnoi..
970 5936 1084 5994 Gn.
1123 5932 1284 5994 xm.

3174 5934 3255 5998 22
