3850 6517
201 1179 208 1184 '
294 1172 434 1235 θεια,
474 1170 536 1224 οὗ

295 507 393 567 841

968 504 1336 563 ADVERSUS
1372 506 1714 565 uAEm-:SES
1752 503 1878 565 ΜΒ.
1922 509 1966 566 1.
1999 505 2162 566 Tou.
2199 509 2286 567 ΙΙΙ.
2330 510 2602 568 uAERES.
2635 510 2818 571 xtw.

3452 515 3562 575 ⁸52

296 623 435 679 κατὰ
460 623 711 696 διαδοχὴν
740 624 1114 694 γεννωμένων.
1136 624 1202 676 Αἱ
1231 622 1339 694 γὰρ
1371 619 1527 677 οὖσαι
1555 624 1746 678 πολλαὶ
1771 624 1867 679 καὶ
1896 633 1941 690 Α
1969 641 2092 680 rum
2129 641 2248 696 quae
2288 630 2641 686 successione
2684 636 3038 701 generantur.
3085 627 3248 685 Plura
3286 631 3559 703 siquidem

298 715 394 786 μία
443 717 509 769 ἐκ
559 716 658 785 τῆς
704 715 834 786 μιᾶς
880 714 1243 785 ὑπάρχουσαι,
1276 717 1339 768 ἐκ
1373 716 1470 786 τῆς
1518 714 1684 785 οὔσης
1738 718 1869 787 μιᾶς

294 806 474 869 αἰτίας
500 805 608 860 τῶν
634 805 823 858 παθῶν
850 807 864 837 ¹
895 805 1287 876 εὑρεθήσονται
1309 822 1323 837 ·
1349 806 1445 860 καὶ
1468 804 1652 858 οὐκέτι
1678 806 1869 863 πολλαὶ

293 897 481 967 ἀρχαὶ,
522 897 637 950 ἀλλ’
669 897 702 968 ἢ
766 897 865 968 μία
913 898 947 968 ἠ
1000 896 1206 951 τούτων
1248 897 1399 950 αἰτία
1440 899 1721 967 γεγονυῖα·
1772 898 1869 951 καὶ

294 988 660 1059 ἀναχθήσεται
724 989 903 1043 πάντα
944 990 1024 1053 είς
1074 988 1173 1058 τὴν
1214 988 1342 1060 μίαν
1387 988 1721 1061 μοναρχίαν·
1773 988 1869 1043 καὶΙ

292 1081 544 1135 διέπεσεν
574 1082 608 1151 ἡ
650 1080 745 1134 τοῦ
777 1079 1022 1133 τοιούτου
1055 1078 1425 1147 πιθανολογία,
1460 1080 1556 1133 καὶ
1595 1080 1694 1133 οὐκ
1737 1078 1870 1149 ἁλή-

540 1189 599 1224 τε
620 1170 720 1242 τὴν
761 1171 1144 1241 πιθανολογίαν
1171 1171 1448 1243 δυναμένη
1482 1171 1643 1242 ἔχειν.
1670 1169 1867 1242 Μωρὸν

291 1263 403 1334 γὰρ
446 1263 507 1316 τὸ
536 1262 655 1316 ὅλον
706 1264 984 1335 κήρυγμα.
1026 1265 1136 1317 Καὶ
1164 1264 1214 1316 εί
1255 1266 1284 1317 ὁ
1307 1263 1482 1334 Ἀδὰμ
1516 1262 1577 1316 οὗ
1615 1261 1867 1327 σώζεται,

290 1350 353 1405 τὸ
385 1352 645 1425 φύραμα,
694 1354 817 1409 οὐδέ
865 1369 919 1407 τι
965 1352 1061 1407 τοῦ
1110 1353 1432 1426 φυράματος
1475 1349 1705 1418 σώζεται
1726 1355 1768 1409 ¹.
1806 1354 1869 1409 Ei

293 1444 404 1516 γὰρ
432 1447 463 1500 ὁ
496 1446 918 1517 πρωτόπλαστος
948 1444 1045 1499 καὶ
1086 1445 1146 1512 ἐξ
1185 1444 1408 1499 ἀθίκτου
1440 1447 1544 1516 γῆς
1579 1445 1870 1515 γενόμενος

295 1535 571 1608 σωτηρίας
604 1535 667 1591 οὐ
696 1534 931 1609 μεθέξει,
963 1534 1082 1600 πῶς
1108 1536 1180 1590 τά
1218 1536 1278 1601 ἐξ
1303 1535 1469 1590 αὐτοῦ
1498 1536 1869 1609 γεγεννημένα

296 1628 511 1700 μεθέξει
538 1628 839 1701 σωτηρίας;

1975 720 2097 782 illa,
2132 728 2186 775 et
2231 736 2436 786 unum,
2487 722 2557 777 ab
2589 736 2700 777 nno
2745 720 3021 792 prolecta,
3069 723 3140 778 ab
3179 738 3287 779 una
3312 728 3558 782 omnium

1975 824 2172 876 causa,
2223 826 2479 867 manasse
2525 813 2888 882 reperiemus.
2936 810 3014 867 lta
3062 828 3175 869 non
3230 813 3347 884 Jam
3386 816 3559 873 multa

1973 899 2274 970 principia,
2308 900 2403 955 sed
2431 918 2596 956 unum
2632 903 2758 965 erit,
2790 917 2820 956 a
2848 917 2959 974 quo
2984 910 3181 959 caetera
3212 905 3556 976 dependent,

1973 1000 2028 1046 ει
2055 994 2120 1049 ad
2151 994 2318 1050 unius
2346 980 2634 1064 imperium
2676 996 2931 1052 universa
2970 995 3282 1053 reserentur
3317 1016 3332 1053 ι
3365 999 3560 1071 sicque

1975 1084 2138 1139 fallax
2185 1099 2250 1139 ac
2293 1084 2483 1139 sucosa
2529 1085 2678 1141 illius
2717 1086 2896 1142 oratio
2927 1088 3216 1154 concidet,
3254 1090 3387 1145 nihil
3437 1091 3558 1159 ipsa

1975 1174 2193 1243 quidem
2230 1174 2481 1230 veritatis
2512 1175 2745 1239 babens,
2782 1190 2846 1232 ac
2875 1177 2960 1233 vel
2988 1178 3139 1232 omni
3168 1179 3559 1250 probabilitate

1974 1264 2256 1320 destituta.
2295 1263 2474 1319 Stulta
2507 1268 2708 1337 quippe
2755 1275 2872 1322 tota
2907 1268 3025 1324 baec
3054 1277 3142 1325 est
3168 1270 3379 1341 opinio.
3417 1270 3555 1326 Nam

1971 1358 2016 1411 si
2051 1357 2297 1415 Adamus
2335 1359 2568 1415 salntem
2623 1359 2849 1417 minime
2891 1369 2978 1417 est
3022 1363 3291 1433 adeptus,
3330 1362 3435 1418 boc
3470 1369 3557 1419 est

1972 1450 2091 1520 ipsa
2130 1449 2535 1519 quodammodo
2561 1451 2778 1521 generis
2816 1465 3034 1517 massa;
3083 1467 3188 1508 nec
3218 1454 3328 1508 ulla
3359 1467 3558 1509 massa

1972 1541 2139 1610 liujus
2185 1542 2456 1612 particula
2502 1544 2710 1598 servari
2762 1544 2984 1614 poterit.
3023 1541 3085 1599 Si
3124 1531 3279 1601 enim*
3314 1545 3409 1617 qui
3443 1544 3560 1616 pri-

1970 1647 2095 1687 mus
2146 1634 2392 1688 omnium
2428 1631 2690 1689 conditus
2735 1639 2856 1698 est,
2905 1641 2962 1689 et
3004 1648 3074 1690 ex
3112 1633 3326 1705 integra
3371 1634 3553 1691 adbuc

295 1724 440 1773 terra
476 1719 772 1786 formatus,
802 1716 999 1774 salutis
1036 1716 1261 1773 minime
1285 1726 1372 1775 est
1402 1717 1709 1789 particeps,
1740 1731 1864 1789 quae
1894 1720 1965 1775 ab
1991 1722 2184 1778 eodem
2224 1730 2345 1778 orta
2384 1729 2515 1779 sunt
2544 1738 2655 1793 quo
2699 1724 2920 1780 tandem
2956 1733 3121 1797 pacto
3174 1725 3405 1781 salutem
3457 1723 3556 1780 ob-

295 1808 578 1863 tinebunt?

364 1898 438 1951 Γ.
478 1896 635 1952 Κατὰ
659 1899 767 1971 γὰρ
803 1897 898 1953 δύο
919 1898 1156 1971 τρόπους
1190 1897 1548 1971 εὑρεθήσεται
1581 1899 1701 1953 καθ’
1733 1898 1863 1953 ὲαυ-
1897 1907 1939 1961 Β
2037 1894 2127 1947 ill.
2165 1892 2531 1960 Quamobrem
2577 1892 2797 1952 duobus
2842 1894 3023 1951 modis
3066 1909 3252 1952 secum
3296 1898 3414 1970 ipse
3441 1914 3547 1971 pu·

290 1987 385 2041 τοῦ
416 1988 622 2057 λέγων·
656 1988 853 2058 φάσκει
886 1987 997 2061 γὰρ
1042 1988 1132 2042 τὸν
1161 1990 1339 2060 γάμον
1367 1985 1510 2043 εἶναι
1549 1990 1650 2043 οὐκ
1681 1991 1746 2043 ὲκ
1771 1988 1868 2043 τοῦ

292 2076 465 2145 Θεοῦ,
513 2077 651 2132 ἀλλὰ
695 2078 954 2150 πορνείας
984 2075 1125 2131 εἶναι
1169 2079 1333 2132 αὐτὸν
1390 2080 1486 2133 καὶ
1529 2077 1734 2149 μῦσος,
1775 2081 1897 2133 καὶ.

292 2168 485 2223 ἑαυτὸν
516 2169 695 2240 γάμου
725 2170 1061 2241 ὑπάρχοντα,
1093 2168 1190 2221 καὶ
1221 2171 1284 2221 ὲκ
1319 2170 1578 2236 γυναικὸς
1608 2181 1870 2240 γεγεννη·

296 2259 477 2331 μένον,
497 2262 592 2315 καὶ
610 2262 675 2314 ὲκ
704 2264 915 2333 σπορᾶς
936 2262 1145 2333 ἀνδρῶν
1168 2264 1389 2333 ἡγεῖται
1419 2259 1706 2326 σώζεσθαι.
1729 2264 1872 2335 'Apa

293 2347 386 2406 οὖν
414 2352 574 2406 πάλιν
613 2352 838 2406 ἀνέλυσε
880 2352 979 2423 τὴν
999 2351 1164 2406 αὑτοῦ
1192 2351 1332 2406 κατὰ
1361 2351 1456 2407 τοῦ
1499 2352 1678 2423 γάμου
1705 2352 1872 2424 βλασ-

296 2441 526 2513 φημίαν.
553 2444 617 2496 El
638 2444 744 2514 γάρ
798 2437 955 2506 οὗτος
983 2446 1048 2496 ὲκ
1073 2443 1267 2513 γάμων
1297 2443 1559 2516 ὑπάρχων
1586 2445 1865 2515 σωτηρίαν

295 2529 428 2598 ἔξει,
452 2533 561 2604 άρα
599 2532 660 2586 ού
707 2532 983 2603 βδέλυγμα
1008 2534 1036 2586 ὁ
1067 2533 1265 2603 γάμος,
1295 2535 1327 2587 ὁ
1366 2534 1573 2603 γεννῶν
1615 2536 1745 2599 τοὺς
1773 2535 1875 2607 τῆς

299 2623 570 2694 σωτηρῖας
600 2622 950 2694 μετέχοντας,
979 2624 1078 2696 οῑῳ
1112 2624 1159 2677 δ’
1180 2623 1248 2678 ἂν
1280 2624 1429 2678 θέλοι
1454 2626 1642 2697 τρόπῳ
1666 2626 1872 2695 λέγειν.

298 2713 363 2767 El
393 2713 449 2766 δὲ
477 2714 706 2785 συσταίη
741 2716 863 2767 κατ’
889 2712 1068 2768 αὐτῶν
1090 2714 1267 2785 λόγος,
1296 2715 1422 2768 Ὅτι
1448 2715 1704 2786 ἀθέμιτός
1725 2718 1873 2784 &mv

292 2804 324 2856 ὁ
358 2805 533 2876 γάμος
554 2822 567 2836 ·
617 2806 727 2875 ἄρα
776 2805 975 2875 μᾶλλον
1002 2807 1031 2860 ὁ
1081 2806 1252 2877 Ἀδάμ
1294 2804 1620 2878 σωθήσεται,
1655 2807 1730 2879 μὴ
1763 2808 1873 2863 άπὸ

295 2897 472 2966 γάμου
510 2895 861 2969 ὁρμώμενος.
896 2897 1012 2951 ἀλλ’
1061 2900 1121 2954 ὲν
1152 2898 1295 2970 χειρὶ
1342 2898 1558 2970 Πατρὸς
1601 2900 1695 2954 καὶ
1740 2898 1871 2953 Υίοῦ

296 2988 393 3041 καὶ
411 2985 580 3057 ’ἁγίου
607 2986 923 3062 Πνεῦματος
947 2989 1350 3062 πεπλασμένος,
1374 2990 1517 3044 κατὰ
1540 2991 1602 3045 τὸ
1627 3008 1874 3064 γεγραμ-

299 3075 503 3147 μένον*
534 3078 630 3133 ὑπ’
666 3080 833 3135 αὐτοῦ
861 3080 957 3134 τοῦ
994 3081 1150 3148 ἁγίου
1184 3082 1402 3152 Πατρὸς
1429 3081 1566 3153 πρὸς
1602 3082 1696 3136 τὸν
1721 3081 1869 3149 Υίὸν,

294 3166 376 3221 ὅτι
415 3168 770 3240 Ποιήσωμεν
806 3169 1122 3238 ἄνθρωπον
1166 3171 1293 3224 κατ’
1341 3170 1545 3223 εἰκόνα
1580 3170 1873 3241 ἡμετέραν

1983 1991 2116 2055 gnat
2144 1998 2160 2037 ι
2190 1983 2337 2053 quod
2367 1989 2424 2038 et
2456 1984 2679 2052 nuptias
2721 1985 2934 2039 auctori
2971 1983 3084 2039 Deo
3114 1985 3433 2044 tribuendas
3462 2003 3562 2045 nc-

1972 2081 2099 2139 gat,
2139 2088 2345 2143 easque
2385 2072 2653 2144 flagitium
2701 2082 2758 2130 et
2803 2074 3134 2131 adulterium
3176 2078 3456 2145 nominat,
3506 2090 3565 2138 et

1970 2164 2213 2235 seipsum
2254 2163 2613 2219 nibilominus
2653 2178 2687 2219 e
2735 2165 2965 2220 muliere
2999 2175 3328 2237 prognatum
3389 2178 3557 2239 atque

1971 2270 2037 2309 ex
2075 2254 2222 2310 virili
2274 2262 2401 2310 satu
2455 2264 2807 2325 procreatum
2856 2256 3068 2311 servari
3103 2272 3270 2328 posse
3308 2258 3560 2317 conlidit.

1971 2346 2091 2413 Qua
2122 2345 2343 2417 quidem
2376 2348 2591 2402 ratione
2627 2348 2865 2418 priorem
2905 2348 3056 2403 illam
3077 2387 3095 2412 ,
3144 2365 3312 2421 quam
3352 2352 3565 2423 nuptiis

1974 2438 2333 2507 imposuerat,
2367 2438 2757 2502 contumeliam
2787 2438 3032 2495 rescidit.
3064 2438 3122 2495 Si
3153 2441 3302 2496 enim
3329 2441 3425 2497 ille
3446 2442 3565 2512 ipae

1975 2531 2247 2600 originem
2296 2528 2521 2584 trahens
2563 2544 2594 2581 a
2634 2529 2846 2599 nuptiis
2902 2528 3135 2585 salutem
3179 2531 3561 2601 consequitur,

1973 2635 2086 2676 non
2111 2620 2283 2693 igitur
2323 2618 2663 2674 detestandae
2699 2626 2830 2674 sunt
2879 2619 3115 2690 nuptiae,
3166 2633 3294 2690 qua
3337 2635 3437 2678 eos
3480 2621 3564 2694 gi-

1971 2720 2180 2781 gnant,
2217 2710 2417 2781 quibus
2470 2710 2623 2766 salus
2677 2709 2968 2766 tribuenda
3015 2710 3123 2776 sit,
3175 2703 3564 2786 quamcunque

1974 2809 2184 2872 partem
2201 2802 2421 2872 eligant.
2433 2799 2593 2867 Quod
2614 2802 2660 2857 si
2673 2816 2803 2857 vera
2818 2802 2892 2857 sit
2907 2804 3226 2860 eorumdem
3242 2806 3520 2863 sententia
3533 2845 3553 2873 ,

1974 2896 2048 2953 Ut
2070 2896 2276 2952 illicitae
2300 2896 2414 2952 sint
2431 2897 2640 2967 nuptiae
2663 2913 2678 2963 ;
2700 2904 2853 2954 tanto
2888 2886 3353 2970 magis'Adamum
3380 2900 3561 2973 ipsum

1973 3000 2074 3058 par
2102 2995 2190 3045 est
2226 2988 2425 3044 salutis
2450 2998 2759 3059 compotem
2787 2989 2927 3056 lieri,
2958 2991 3054 3062 qui
3092 2992 3263 3051 nullis
3291 3009 3562 3069 propaga-

1973 3085 2066 3137 tus
2093 3079 2304 3152 nuptiis
2329 3119 2346 3145 ,
2423 3071 2606 3136 Patris
2658 3093 2724 3135 ιιε
2758 3077 2921 3146 Filii,
2971 3089 3028 3138 et
3084 3080 3327 3153 Spiritus
3374 3085 3559 3142 uncti

1976 3188 2142 3228 manu
2186 3178 2273 3227 est
2324 3170 2580 3226 effictus:
2614 3170 3077 3241 quemadmodum
3135 3172 3421 3246 Scriptura
3470 3182 3558 3236 te·

293 3259 390 3313 καὶ
419 3262 548 3316 καθ’
595 3261 900 3330 ὁμοίωσιν.
929 3260 1055 3323 Πῶς
1099 3261 1157 3314 δὲ
1204 3260 1269 3313 οὗ
1301 3258 1532 3325 σώζεται
1558 3264 1588 3314 ὀ
1619 3262 1808 3334 Ἀδὰμ,
1842 3267 1872 3317 ὀ
1899 3248 1941 3304 (ἶ
1976 3273 2179 3330 statur,
2203 3277 2329 3319 cum
2371 3264 2447 3318 ita
2482 3261 2646 3319 Pater
2688 3260 2886 3319 Filium
2925 3265 3213 3337 alloquens
3252 3267 3556 3327 introclud-

293 3348 444 3419 παρὰ
494 3349 578 3402 σοὶ
637 3350 1107 3422 ἀπελπιζὸμενος,
1164 3351 1326 3406 ὁπότε
1376 3351 1540 3415 αὐτὸς
1586 3354 1616 3406 ὁ
1666 3350 1870 3421 Κύριος

299 3439 452 3510 ἡμῶν
469 3441 677 3514 Ἰησοῦς
709 3443 964 3515 Χριστὸς,
995 3442 1163 3496 ἐλθὼν
1190 3442 1375 3504 είςτδν
1399 3442 1628 3512 κόσμον,
1645 3441 1872 3511 νεκροὶς

293 3533 434 3606 μετὰ
465 3533 566 3608 τὴν
604 3536 862 3608 τελευτὴν
886 3535 1097 3607 ἐγείρει
1131 3538 1191 3589 ὲν
1227 3534 1377 3605 αὐτῷ
1415 3533 1494 3605 τῷ
1527 3532 1765 3604 σώματι,
1794 3534 1873 3595 ὡς
1972 3616 1977 3620 -

287 3621 382 3677 τὸν
405 3622 679 3698 Λάζαρον,
717 3626 811 3679 καὶ
836 3626 951 3678 υἱὸν
981 3626 1082 3695 τῆς
1109 3626 1304 3695 χήρας,
1340 3623 1437 3676 καὶ
1461 3622 1562 3693 τὴν
1595 3622 1872 3694 θυγατέρα

285 3711 872 3782 ταῦᾌρχισυναγὼγου
898 3732 913 3776 ;
937 3715 1050 3765 Καὶ
1075 3716 1124 3763 εί
1146 3713 1307 3773 αὐτὸς
1333 3713 1434 3763 οὒκ
1451 3708 1520 3781 ἦν
1548 3712 1577 3763 ὁ
1594 3710 1686 3765 τὸν
1701 3712 1872 3784 ’Δδὰμ

290 3799 504 3859 πλάσας
548 3800 614 3848 ὲκ
660 3797 783 3865 χοὸς
830 3798 925 3848 ἀπ’
980 3796 1160 3865 ἀρχῆς
1181 3836 1196 3859 ,
1258 3796 1377 3860 πῶς
1422 3795 1633 3860 πτύσας
1698 3801 1871 3871 χαμαὶ

291 3889 516 3957 ἐποίησε
559 3887 752 3956 πηλὸν,
787 3887 882 3940 καὶ
906 3886 1132 3940 ἐπέθετο
1151 3888 1246 3941 ἐπὶ
1275 3888 1404 3949 τοὺς
1441 3888 1747 3961 ὀφθαλμοὺς
1774 3891 1871 3945 τοῦ

293 3973 496 4045 τυφλοῦ
526 3975 621 4029 τοῦ
654 3977 719 4029 ὲκ
749 3976 995 4047 γενετῆς,
1019 3976 1117 4030 καὶ
1145 3976 1402 4049 ἐποίησεν
1424 3977 1587 4032 αὐτὸν
1617 3978 1867 4050 βλέπειν;

296 4070 415 4124 ’Ίνα
448 4070 594 4141 δείξῃ
632 4069 822 4132 ἑαυτὸν
846 4069 945 4141 μὲν
977 4063 1115 4124 εἶναι
1138 4069 1233 4124 τὸν
1253 4069 1506 4142 Πλάστην
1532 4072 1631 4127 σὺν
1655 4070 1735 4143 τῷ
1758 4073 1874 4127 Πα-

294 4165 384 4235 τρὶ
408 4164 504 4218 καὶ
530 4162 611 4233 τῷ
637 4161 777 4234 ἁγίῳ
800 4161 1101 4231 Πνεύματι,
1132 4161 1227 4216 καὶ
1259 4161 1322 4215 τὸ
1357 4160 1573 4227 δλλιπὶς
1605 4162 1770 4235 μέρος
1810 4163 1871 4217 ὲν

294 4253 373 4325 τῷ
394 4253 504 4308 άπὸ
546 4254 770 4324 γενετῆς
792 4252 1177 4324 γεγεννημένῳ
1213 4250 1400 4325 τυφλῷ
1426 4253 1518 4308 διὰ
1553 4253 1649 4309 τοῦ
1694 4253 1869 4327 πηλοῦ

292 4343 606 4416 προστιθεὶς
636 4343 715 4414 τῷ
739 4343 977 4396 λείποντι
1005 4342 1182 4415 τύπῳ·
1237 4342 1574 4416 διορθώσεως
1603 4344 1715 4417 γὰρ
1750 4344 1870 4400 ἶνε-

290 4453 386 4490 κεν
422 4435 517 4490 τοῦ
561 4435 841 4499 λείποντος
870 4435 1069 4506 μέρους
1102 4433 1351 4504 φαίνεται
1386 4433 1548 4489 τοῦτο’
1575 4436 1870 4506 mmmm(-

290 4546 400 4582 ναι.
431 4527 494 4582 Ei
521 4527 578 4582 δὲ
601 4527 766 4583 πάλιν
799 4526 961 4591 αὐτός
981 4527 1130 4580 ἐστιν
1153 4528 1184 4581 ὀ
1208 4525 1412 4597 Κύριος
1441 4526 1613 4597 Ἀδάμ
1636 4525 1867 4593 πλάσας,

292 4620 388 4674 καὶ
412 4618 576 4673 αὐτὸν
594 4620 688 4673 τὸν
709 4616 1133 4689 πρωτόπλαστον
1152 4616 1430 4679 ἀπολλύει,
1446 4618 1572 4681 τοὺς
1588 4617 1646 4670 δὲ
1669 4616 1866 4680 ἄλλους

292 4711 478 4778 σώζει,
503 4706 549 4767 ὧ
573 4710 741 4781 πολλή
778 4726 871 4763 σου
907 4708 1369 4779 ματαιοφροσύνη,
1405 4708 1671 4763 Τατιανέί
1707 4708 1863 4763 ’Aeo-

290 4804 492 4873 ναμίαν
523 4802 632 4874 γὰρ
656 4802 736 4872 τῷ
757 4800 949 4873 Κυρίῳ
977 4798 1122 4855 κατὰ
1149 4798 1377 4870 δύναμιν
1406 4801 1762 4871 προσάπτεις,
1784 4798 1864 4871 τῷ

289 4896 571 4967 δυναμένῳ
606 4895 697 4948 τὸν
728 4893 1154 4965 πρωτόπλαστον
1193 4891 1382 4958 αὐτοῦ,
1417 4891 1504 4946 διὰ
1525 4893 1657 4964 μίαν
1683 4909 1864 4965 παρα·

291 4987 426 5057 κοὴν
463 4985 863 5057 ὲκὸεόλημένον
893 4984 989 5037 τοῦ
1019 4979 1374 5055 παραδείσου,
1405 4984 1499 5037 καὶ
1525 4983 1772 5049 παιδείας
1799 4983 1862 5036 ού

288 5078 390 5149 τῆς
444 5076 714 5150 τυχούσης
748 5075 1118 5146 μετασχοντα,
1152 5076 1212 5128 ἐν
1272 5074 1458 5146 ἱδρῶτι
1490 5076 1586 5128 καὶ
1633 5075 1867 5146 καμάτῳ

289 5164 731 5231 διατετελεκότα,
766 5164 861 5218 καὶ
894 5163 1185 5217 κατέναντι
1224 5161 1319 5217 τοῦ
1365 5163 1694 5235 παραδείσου
1732 5180 1864 5218 κατ-

289 5258 567 5330 ῳκηκότα,
593 5257 742 5319 ὅπως
782 5254 1110 5326 μνημονεύοι
1146 5253 1246 5324 τῆς
1288 5254 1498 5325 ἀγαθῆς
1541 5253 1630 5309 διὰ
1657 5254 1758 5326 τῆς
1787 5256 1869 5317 εἰς

296 5351 514 5422 μνήμην
571 5347 860 5420 μετανοίας
911 5346 1107 5411 σώζειν
1126 5362 1139 5378 ·
1197 5346 1231 5416 ἢ
1283 5345 1564 5417 δυναμένῳ
1603 5345 1732 5416 μὲν,
1789 5345 1866 5419 μὴ

292 5438 533 5492 ὲλεοῦντι
564 5439 645 5492 δέ.
679 5437 757 5491 Δι’
784 5437 851 5508 ῆν
881 5435 977 5491 τοῦ
1006 5435 1101 5491 νῦν
1128 5436 1308 5490 αἰτίαν
1330 5434 1354 5467 ⁸
1381 5437 1512 5507 ἄχρι
1549 5435 1658 5488 τῶν
1697 5452 1867 5489 κατα-

293 5529 521 5601 χθονίων
552 5530 786 5601 Χριστδς
813 5526 1081 5598 κατῆλθες
1113 5526 1236 5581 Τίνι
1262 5523 1341 5597 τῷ
1369 5525 1516 5597 λόγῳ
1541 5524 1604 5578 τὸ
1629 5525 1863 5596 τριήμε-

296 5639 387 5696 ρον
421 5620 704 5693 κοιμηθεὶς
733 5618 1021 5682 πεπονθὼς
1053 5618 1291 5688 ἀνέστη,
1275 5633 1289 5646 ·
1312 5616 1437 5679 Πῶς
1460 5616 1518 5670 δὲ
1539 5614 1863 5686 πληροῦται,

362 5779 378 5811 ¹
405 5774 465 5833 F.
494 5778 733 5833 πάντων.

288 5848 411 5906 τίνα
432 5848 490 5903 δὲ
520 5848 719 5902 αἰτίαν.
865 5845 887 5876 ⁸
912 5845 1047 5898 (ιειι.
1076 5858 1093 5896 t

692 5946 963 6007 Pmoc.
1004 5941 1123 6003 Gn.
1157 5939 1319 6004 xtl.

1324 5842 1526 5899 ‘Joam
1560 5857 1639 5910 ιιι,
1605 5792 1752 5899 ⁰⁵43.

1976 3362 2065 3410 tur
2100 3368 2114 3411 ι
2149 3354 2438 3410 Faciamus
2462 3353 2813 3410 Ιιοιιιὶιιεηιαιί
2843 3356 3124 3427 imaginem
3160 3367 3211 3413 et
3236 3358 3556 3416 similitudi·

1974 3460 2090 3499 nem
2120 3456 2357 3500 nostram
2388 3446 2431 3498 ⁸.
2456 3445 2560 3511 Qui
2596 3459 2762 3516 porro
2789 3447 3048 3501 convenit
3072 3447 3365 3515 Adamum,
3386 3465 3554 3522 quon

2161 3550 2260 3607 pro
2275 3535 2565 3607 desperato
2577 3535 2768 3600 babes,
2787 3551 2817 3590 a
2830 3536 3007 3593 salute
3021 3538 3257 3595 alienum
3271 3555 3414 3607 esse,
3428 3555 3558 3600 eum

2056 3626 2238 3683 minus
2252 3626 2570 3698 ipsenoster
2582 3624 2742 3682 Jesus
2764 3626 3037 3694 cbristus,
3057 3628 3110 3681 in
3129 3627 3275 3685 bunc
3293 3631 3559 3689 mundum

1972 3716 2227 3782 veniens,
2269 3716 2382 3772 vita
2429 3715 2546 3787 jam
2580 3713 2868 3772 defunctos
2890 3715 3141 3773 homines
3173 3731 3406 3789 corpore
3431 3720 3556 3792 ipso

1973 3806 2296 3872 suscitarit,
2349 3805 2430 3861 uti
2472 3804 2741 3862 Lazarum
2772 3807 2828 3871 ⁸,
2887 3821 2954 3862 ac
3007 3804 3183 3863 viduae
3211 3806 3381 3864 fllium
3409 3807 3456 3877 '',
3494 3818 3552 3868 et

1974 3895 2270 3968 Synagogae
2297 3897 2561 3967 principis
2589 3896 2754 3952 liliam
2784 3897 2847 3952 ⁸?
2871 3894 3008 3952 Nam
3039 3897 3086 3954 si
3117 3896 3167 3954 is
3204 3913 3551 3971 nequaquam

1970 3986 2239 4042 Adamum
2270 3987 2428 4044 initio
2469 3989 2539 4045 de
2568 3997 2713 4044 terra
2747 3987 3070 4056 formasset,
3109 3988 3289 4044 curin
3329 3989 3556 4047 bunum

1972 4078 2245 4149 despuens
2276 4077 2453 4133 lutum
2498 4079 2705 4133 taceret
2726 4118 2741 4142 ,
2774 4078 3004 4149 ejusque
3051 4077 3145 4149 qui
3179 4093 3358 4135 eoecus
3392 4090 3557 4137 natus

1972 4167 2150 4225 luerat
2197 4169 2379 4227 oculis
2430 4170 2702 4235 illinerct,
2755 4169 2922 4241 eique
2971 4169 3151 4226 visum
3212 4170 3469 4228 redderet
3492 4172 3557 4228 ’ἲ

1971 4257 2092 4324 Quo
2125 4256 2297 4327 l'acto,
2340 4258 2693 4316 Conditorem
2741 4273 2943 4316 seesse
2984 4272 3110 4313 cum
3141 4256 3303 4315 Patre
3329 4274 3395 4315 ae
3434 4253 3556 4334 Spi-

1971 4347 2079 4402 ritu
2108 4354 2303 4403 sancto
2326 4348 2618 4405 manifeste
2645 4346 2967 4416 declaravit,
2989 4359 3114 4402 cum
3140 4354 3351 4417 partem
3377 4346 3551 4415 illam,

1970 4449 2093 4506 quae
2126 4451 2273 4492 caeco
2309 4444 2442 4491 nato
2472 4438 2662 4493 deerat
2681 4479 2696 4502 ,
2721 4451 2950 4506 asperso
2978 4437 3114 4503 luto,
3148 4436 3400 4493 mutilato
3421 4450 3551 4494 cor-

1969 4525 2123 4597 poris
2179 4527 2425 4582 membro
2476 4527 2750 4592 restituit;
2803 4536 2860 4582 ut
2903 4528 3048 4582 enim
3104 4542 3359 4585 maneum
3398 4528 3549 4586 istud

1967 4617 2275 4674 membrum
2300 4618 2601 4686 corrigeret
2624 4657 2640 4682 ,
2673 4619 2777 4673 lioc
2804 4615 2986 4689 egisse
3012 4619 3247 4675 videtur.
3268 4617 3389 4675 Iam
3417 4633 3549 4678 vero

1966 4706 2016 4763 si
2050 4706 2321 4761 Adamum
2364 4704 2631 4763 Dominus
2674 4706 2793 4777 ipse
2833 4705 3157 4771 fabricavit,
3203 4722 3268 4764 ac
3308 4709 3547 4780 primum

1966 4794 2100 4851 illud
2145 4810 2307 4852 suum
2341 4810 2484 4867 opus
2512 4784 2872 4852 nibilominus
2907 4797 3272 4866 exterminat,
3300 4797 3434 4855 dum
3462 4814 3548 4858 re-

1963 4888 2147 4962 liquos
2172 4887 2389 4946 interim
2423 4896 2638 4958 servat3
2666 4896 2874 4961 quanta
2902 4889 3042 4955 baec,
3072 4888 3301 4948 Tatiane
3324 4929 3342 4956 ,
3373 4892 3553 4950 stulti·

1968 4981 2043 5037 tia
2073 4981 2195 5039 est!
2224 4979 2659 5037 imbecillitatem
2683 4982 2829 5037 enim
2853 4980 3085 5038 Domino
3109 4992 3372 5053 quantum
3402 4982 3459 5040 in
3488 4989 3547 5042 te

1973 5080 2058 5129 est
2084 5071 2332 5142 affingis3
2354 5073 2449 5143 qui
2489 5085 2616 5128 cum
2666 5071 2944 5130 bominem
2963 5113 2979 5139 ,
3005 5088 3169 5144 quem
3201 5081 3329 5130 ante
3355 5088 3549 5134 omnes

1970 5164 2287 5228 effinxerat,
2320 5162 2395 5218 ob
2424 5163 2649 5219 unicum
2664 5164 2853 5219 violati
2889 5163 3134 5220 mandati
3163 5165 3372 5223 crimen
3396 5182 3431 5223 e
3456 5181 3549 5239 pa·

1971 5254 2157 5309 radiso
2207 5253 2529 5325 depulsum,
2589 5268 2695 5311 nee
2746 5252 3010 5309 mediocri
3072 5253 3549 5314 animadversione

1972 5346 2334 5415 castigatum,
2371 5352 2431 5401 ut
2473 5352 2688 5400 aetatem
2737 5357 2893 5399 suam
2930 5352 3193 5414 perpetuo
3234 5343 3437 5403 sudore
3481 5361 3548 5402 ac
3652 5381 3657 5388 ·

1970 5433 2162 5491 labore
2204 5436 2536 5506 transigeret
2559 5474 2577 5500 ,
2617 5441 2783 5504 atque
2807 5448 2842 5489 e
2868 5432 3111 5505 paradisi
3140 5434 3363 5507 regione
3385 5435 3549 5507 dege·

1968 5534 2083 5592 ret,
2121 5541 2234 5597 quo
2262 5541 2329 5584 ex
2355 5524 2534 5582 felicis
2557 5523 2819 5581 domicilii
2848 5524 3232 5583 recordatione
3255 5527 3547 5584 vehemen-

1966 5624 2053 5673 ter
2070 5632 2200 5674 eum
2252 5616 2573 5689 poeniteret3
2601 5615 2771 5684 bunc,
2803 5616 3050 5690 inquam,
3076 5632 3296 5675 servare
3315 5618 3543 5676 mini-c

843 5777 865 5807 *
899 5774 1060 5859 Deest
1097 5775 1381 5906 νεξέιίιιιιιι
1441 5772 1503 5827 οὐ
1557 5769 1807 5839 σώζεται,
1792 5772 1919 5897 'wil
1942 5773 2049 5846 leg
2075 5772 2138 5827 οὐ
2182 5771 2241 5828 δὲ
2273 5772 2398 5843 τδφ
2359 5772 2702 5912 ‹paphiae-uec.
2816 5771 2919 5829 ⁸⁸.
2945 5775 3254 5847 εἰρημένον.
3329 5770 3434 5829 ⁸12.
3454 5772 3548 5830 διὰ

983 5885 987 5890 .
1920 5857 2010 5900 uc.
2038 5858 2140 5911 vn,
2166 5843 2256 5900 u.
2333 5844 2357 5878 ⁸
2443 5857 2542 5900 arc
2591 5859 2625 5896 v
2680 5843 2771 5903 tt.
2843 5844 3052 5900 noan,
3091 5860 3166 5905 ix,
3205 5843 3382 5914 lsqq.

3200 5935 3287 6000 27
