3850 6517
339 502 447 561 897

1060 497 1421 554 Anvtssltstxs
1464 496 1802 551 ttAEttlisES
1842 497 1965 550 Lm.
2014 496 2075 550 ΙΙ.
2115 496 2274 551 Tou.
2319 495 2357 552 Ι.
2399 529 2465 536 -
2527 497 2796 555 nst-:uss
2839 497 2920 555 Lt.

332 618 392 681 ἐξ
417 618 584 687 αὐτῆς
626 618 724 687 τῆς
755 616 933 687 πηγῆς
975 617 1291 686 ὥρμηνται·
1313 617 1383 669 τὰ
1410 618 1465 669 δὲ
1494 616 1705 683 ἑκάστῳ
1732 632 1910 685 παρα·
1939 632 1985 681 Α
2017 630 2120 669 nus
2165 616 2460 670 haherent?
2494 615 2570 669 lta
2619 615 2862 684 quidem,
2915 626 2972 671 ut
3025 619 3286 674 nouimlla
3321 622 3586 677 concordi

332 707 626 778 ληφθέντα,
657 708 813 770 ἄλλος
833 707 1164 778 διηγήσεται,
1191 708 1250 771 ὃς
1271 708 1427 760 ἕλαὸε
1450 707 1600 779 παρὰ
1618 706 1711 759 τοῦ
1739 706 1907 759 Πνεῦ-

334 817 502 871 ματος
535 801 703 871 μέρος
732 801 833 870 τῆς
866 800 1177 868 ἀναλογίας.
1207 801 1250 851 Τ
1258 800 1272 851 ί
1312 801 1373 853 δὲ
1409 801 1724 869 ποιήσομεν,
1755 800 1906 852 Ματ-

330 890 484 944 θαίου
516 892 614 960 μὲν
645 890 1001 961 κηρύττοντος
1034 893 1092 945 ὲν
1126 891 1372 961 Βηθλεὲμ
1424 891 1522 960 τὴν
1553 889 1785 960 Μαριὰμ
1810 906 1903 957 γε·

330 980 669 1048 γεννηκέναι,
713 977 855 1031 κατὰ
900 978 998 1041 τὰς
1048 980 1178 1049 παρ’
1204 979 1351 1049 αὐτῷ
1392 977 1760 1046 γενεαλογίας,
1786 977 1895 1029 ἀπὸ

343 1070 591 1140 Ἀὖραὰμ
615 1072 711 1125 καὶ
736 1067 897 1124 Δαὸὶδ
918 1072 1015 1142 τὴν
1040 1072 1300 1141 ἐνσαρκον
1321 1068 1554 1140 Χριστοῦ
1576 1068 1899 1139 παρουσίαν,

329 1160 405 1222 ὼς
455 1161 553 1230 οὐχ
600 1163 914 1233 εὑρίσκεται
960 1165 988 1216 ὁ
1035 1163 1190 1230 ἅγιος
1220 1162 1445 1232 Μάρκος
1471 1160 1643 1214 ταῦτα
1691 1153 1896 1227 λέγων’·

327 1252 465 1305 ἀλλὰ
493 1253 601 1306 ἀπὸ
626 1254 727 1324 τῆς
759 1255 817 1307 ὲν
846 1253 922 1324 τῷ
956 1255 1197 1325 Ἰορδάνῃ
1242 1254 1624 1325 πραγματείας
1668 1254 1901 1305 ποιεῖται

324 1344 423 1415 τὴν
455 1345 764 1417 εἰσαγωγὴν
815 1347 909 1399 τοῦ
953 1346 1309 1414 Εὐαγγελίου,
1345 1347 1439 1400 καὶ
1482 1345 1676 1416 φησίν·
1728 1343 1899 1413 Ἀρχὴ

326 1436 431 1489 τοῦ
456 1438 827 1505 Εὑαγ-γελίου
847 1455 861 1468 ·
884 1439 966 1504 ὡς
988 1437 1307 1507 γέγραπται
1329 1439 1399 1490 ὲν
1422 1438 1627 1502 Ἡσαΐᾳ
1653 1434 1734 1500 τῷ
1757 1452 1900 1502 προ·

325 1527 505 1597 gemitu.
539 1528 711 1595 Φωνὴ
735 1528 1008 1594 βοῶντος
1047 1530 1117 1582 ὲν
1162 1528 1237 1597 τῇ
1270 1528 1484 1597 ἐρήμῳ.
1512 1527 1668 1581 Οὕτω
1709 1528 1803 1580 καὶ
1831 1526 1900 1580 τὰ

324 1616 401 1686 τῷ
450 1619 587 1687 ἁγίῳ
638 1618 859 1690 Ἰωάννῃ
905 1620 1470 1692 πεπραγματευμένα,
1518 1620 1611 1673 καὶ
1655 1620 1714 1672 ὲν
1760 1618 1900 1688 ἁγίῳ

324 1708 599 1777 Πνεῦματι
643 1710 1022 1780 ὴσφαλισμένα
1057 1710 1156 1780 τὴν
1202 1711 1455 1781 φροντίδα
1489 1709 1643 1780 ἔσχεν
1675 1710 1737 1763 οὐ
1768 1707 1898 1780 περὶ

2010 720 2073 756 ac
2107 715 2476 761 consentanea
2527 722 2659 762 voce
2695 717 3016 772 narrarent,
3055 725 3166 779 quo
3195 726 3254 765 se
3281 727 3347 766 ex
3388 712 3584 769 eodem

2008 793 2258 849 hausisse
2289 794 2439 849 sonte
2485 805 2853 851 monstrarent
2883 815 2898 861 ;
2932 799 3179 868 quazdam
3215 815 3343 856 vcro
3372 802 3442 857 ab
3468 803 3585 860 sin·

2005 885 2146 953 gulis
2201 885 2567 954 proetermissa
2614 887 2755 942 alius
2801 898 3133 958 exponeret,
3185 892 3274 946 cui
3328 893 3581 961 privatim

2006 973 2138 1027 illud
2164 982 2311 1030 essct
2342 990 2371 1028 a
2402 973 2605 1045 Spiritu
2636 986 2830 1031 sancto
2878 995 2977 1049 pro
3006 988 3127 1035 rata
3162 984 3417 1050 portione
3447 999 3581 1038 con·

2005 1081 2240 1120 cessum.
2269 1064 2408 1131 Quid
2445 1066 2611 1135 igitur
2645 1065 2929 1134 faciemus,
2966 1085 3093 1125 cum
3141 1071 3432 1128 Matthaeus
3463 1073 3580 1128 Ma·-

2004 1156 2142 1210 riam
2173 1157 2509 1214 Bethlehemi
2542 1160 2822 1228 peperisse
2866 1163 3092 1228 scribat,
3124 1165 3428 1219 secundum
3458 1181 3581 1235 per-

2002 1247 2261 1316 scriptam
2333 1249 2407 1303 ab
2462 1247 2656 1304 eodem
2715 1252 3084 1323 genealogiam
3109 1293 3123 1316 ,
3189 1270 3296 1324 qua
3370 1255 3580 1311 Christi

2000 1353 2125 1392 cum
2156 1354 2321 1394 carne
2347 1341 2618 1397 venientis
2647 1343 2914 1413 originem
2947 1344 3016 1398 ah
3038 1346 3350 1404 abrahamo
3379 1364 3444 1405 ac
3471 1348 3579 1402 Da-

1999 1427 2122 1484 vide
2154 1432 2456 1500 pertexuit;
2496 1431 2712 1489 Marcus
2748 1450 2877 1489 vero
2902 1435 3037 1490 nihil
3063 1436 3258 1491 haheat
3279 1438 3575 1508 ejusmodi,

2000 1520 2095 1576 sed
2130 1522 2198 1575 ab
2228 1536 2294 1576 eo
2322 1522 2467 1591 quod
2513 1523 2580 1578 ad
2624 1521 2918 1578 Jordanem
2945 1534 3159 1595 gestum
3190 1537 3295 1591 est,
3330 1530 3576 1600 Evange-

2000 1608 2131 1663 lium
2185 1611 2458 1671 ordiatur,
2513 1612 2587 1666 ita
2637 1614 2931 1669 scribens:
2980 1613 3204 1669 Initium
3248 1617 3521 1690 Evanqelii
3552 1635 3577 1674 .·

1998 1702 2136 1754 sicut
2162 1702 2414 1770 scriptum
2438 1713 2515 1757 est
2540 1704 2594 1756 in
2631 1701 2781 1758 Isaia
2809 1706 3061 1775 propheta
3089 1723 3108 1761 .·
3147 1707 3258 1762 Vox
3291 1711 3575 1766 claniamis

322 1791 428 1843 τῶν
461 1794 560 1863 ἤδη
601 1798 1026 1866 κεκηρυγμένων
1054 1798 1310 1870 πολλάςκις
1348 1799 1505 1868 μόνον
1531 1798 1730 1865 λέγειν,
1761 1796 1898 1850 ἀλλὰ
1997 1791 2053 1845 t‘n
2090 1791 2296 1846 deserto
2326 1792 2382 1846 *ἲ
2415 1792 2507 1849 Sic
2554 1795 2609 1850 in
2650 1796 2718 1851 iis
2762 1812 2884 1866 quae
2917 1798 3108 1853 heatus
3139 1797 3378 1857 «loannes
3414 1818 3576 1856 man-

324 1883 451 1952 περ»,
474 1884 582 1936 τῶν
616 1887 927 1953 ἀναγκαίων
954 1888 1058 1941 ὑπὸ
1087 1888 1193 1941 τῶν
1225 1889 1398 1943 ἄλλων
1425 1891 1505 1952 et<
1530 1890 1729 1952 αὐτοὺς
1749 1890 1763 1919 ²
1798 1904 1896 1957 κη-
1998 1880 2150 1935 davit
2181 1883 2476 1949 memoriae,
2505 1901 2735 1955 quaeque
2770 1886 2976 1956 Spiritu
3007 1898 3201 1944 sancto
3230 1893 3575 1963 gubernante.

326 1975 617 2045 ρυγμάτων
651 1978 1220 2046 καταλειφθέντων.ᾚ
1259 1980 1367 2052 γὰρ
1409 1982 1558 2033 πᾶσα
1585 1979 1691 2033 τῶν
1718 1979 1895 2047 Εὑαγ-
1925 1960 1969 2014 Β
1999 1974 2104 2030 lide
2135 1976 2283 2029 omni
2336 1992 2401 2030 ac
2444 1979 2675 2033 veritate
2726 1981 2968 2033 stabilita
3009 1990 3159 2043 sunt,
3214 1985 3265 2037 id
3318 1984 3571 2040 videlicet

320 2068 513 2133 γελίων
540 2071 792 2134 ὑπόθεσις
810 2071 1050 2125 τοιοῦτον
1078 2067 1190 2142 εἶχε
1217 2071 1439 2142 τρόπον.
2001 2073 2184 2119 actum
2216 2075 2327 2131 est,
2374 2074 2435 2121 ut
2476 2084 2586 2123 non
2629 2070 2804 2125 solum
2840 2087 2905 2124 ea
2944 2088 3066 2141 qnae
3094 2074 3293 2143 sapius
3323 2078 3572 2134 nuntiata

320 2160 553 2225 fuerant,
591 2173 1055 2232 proponerentur;
1088 2163 1182 2219 sed
1221 2171 1277 2217 et
1306 2164 1616 2218 necessaria
1641 2159 1889 2233 quaedam
1924 2156 2257 2212 adderentur
2281 2158 2555 2230 dogmata,
2586 2177 2707 2231 qum
2732 2164 2914 2218 caeteri
2965 2173 3091 2219 ante
3141 2166 3291 2221 illum
3349 2169 3572 2224 minime

326 2256 547 2326 scriptis
578 2257 909 2327 attigissent.
938 2256 1218 2326 Ejusmodi
1262 2270 1458 2323 nempe
1502 2262 1676 2307 totum
1713 2248 2134 2320 Evangeliorum
2163 2257 2547 2320 argumentum
2576 2251 2697 2307 suit.

388 2347 664 2400 Ματθαίου
694 2349 792 2418 μὲν
823 2349 933 2419 γὰρ
960 2347 1323 2418 κεκηρυχότος
1354 2345 1443 2399 τὸν
1487 2343 1720 2414 Χριστὸν
1767 2358 1892 2411 γεν-
2065 2338 2203 2393 Cum
2235 2339 2521 2397 Matthaeus
2549 2343 2789 2412 genitum
2815 2345 3096 2400 Christum
3128 2355 3294 2418 atque
3316 2365 3347 2405 e
3377 2361 3572 2408 sancto

322 2436 573 2504 νηθέντα,
600 2438 693 2490 καὶ
740 2440 805 2489 ὲκ
838 2439 1152 2507 Πνεύματος
1192 2437 1347 2506 ἁγίου
1399 2435 1789 2506 συλληφθέντα,
1823 2433 1890 2486 ἐκ
1998 2426 2205 2498 Spiritu
2251 2440 2616 2502 conceptum,
2666 2448 2731 2489 ac
2777 2436 2846 2490 dc
2873 2435 3096 2492 Daridis
3142 2447 3196 2493 et
3244 2439 3566 2506 Abrahami,

321 2527 632 2598 σπέρματος
662 2527 825 2580 Δασὶδ
868 2529 962 2581 καὶ
1008 2527 1256 2598 Ἀὅραὰμ
1284 2526 1427 2580 κατὰ
1471 2528 1651 2596 σάρκα
1681 2528 1889 2579 οίκονο-
1996 2520 2141 2590 quod
2183 2520 2253 2575 ad
2296 2536 2518 2578 carnem
2566 2525 2794 2589 attinet,
2836 2542 3037 2597 genere
3089 2538 3416 2597 prognatum
3464 2539 3569 2586 sua

320 2617 580 2687 μηθέντα,
613 2617 789 2687 πλάνη
817 2616 927 2670 τισὶ
951 2616 1241 2686 γεγένηται
1262 2619 1376 2679 τοῖς
1423 2617 1499 2687 μὴ
1541 2615 1848 2686 νενοηκόσιν
1869 2631 1884 2645 ·

314 2710 374 2760 οὐ
408 2708 500 2761 τοῦ
531 2709 869 2776 Εὐαγγελίου
899 2708 1071 2762 αίτίου
1105 2709 1254 2773 ὄντος
1281 2707 1463 2770 αὐτοῖς
1487 2708 1566 2769 είς
1588 2705 1649 2758 τὸ
1681 2705 1888 2775 πλανη-

315 2800 493 2871 θῆναι,
525 2802 660 2855 ἀλλά
700 2802 799 2872 τῆς
841 2801 1019 2854 αὐτῶν
1061 2802 1299 2865 διανοίας
1340 2798 1785 2870 πεπλανημένης,
1807 2798 1889 2861 είς

314 2892 653 2961 παράστασιν
695 2891 797 2961 τῆς
840 2891 970 2963 περὶ
1017 2892 1126 2946 τῶν
1177 2890 1357 2946 αὐτῶν
1398 2887 1793 2960 πληροφορίας,
1819 2884 1890 2939 τὰ

311 2981 420 3034 ἀπὸ
469 2980 560 3035 τοῦ
599 2980 935 3050 Εὐαγγελίου
982 2985 1126 3053 κακῇ
1162 2982 1387 3054 ὑπονοίᾳ
1435 2985 1886 3058 ’ἑπινενοημένα.

316 3070 510 3125 Ἔνθεν
532 3070 642 3144 γὰρ
670 3072 723 3126 ol
747 3073 878 3145 περὶ
922 3072 1193 3145 Κήρινθον
1223 3075 1320 3128 καὶ
1350 3075 1583 3130 Ἐδίωνα
1612 3077 1768 3146 ψιλὸν
1792 3077 1883 3133 τὸν

310 3159 596 3231 ἄνθρωπον
652 3161 938 3233 κατέσχον,
990 3163 1085 3217 καὶ
1126 3164 1424 3236 Μὴρινθον,
1468 3167 1563 3220 καὶ
1603 3166 1876 3234 Κλεόόιον,

1994 2613 2310 2668 narratione
2334 2613 2740 2684 descripsisset,
2771 2619 3052 2673 nonnullis
3078 2619 3456 2690 ignorantibus
3480 2638 3567 2677 er·

1994 2702 2136 2756 roris
2171 2702 2318 2757 istud
2347 2707 2695 2761 occasionem
2741 2707 2910 2763 dedit.
2939 2709 3111 2778 Cujus
3149 2712 3366 2779 quidem
3397 2728 3567 2770 causa

1989 2806 2103 2847 non
2129 2792 2422 2863 Evangelio
2452 2794 2552 2865 ipsi
2584 2795 2907 2858 tribuenda;
2936 2798 3030 2852 sed
3069 2797 3204 2853 salsa
3231 2801 3444 2854 illorum
3475 2818 3566 2856 ac·

1990 2883 2235 2937 cusanda
2264 2899 2442 2948 mens,
2467 2886 2560 2955 qui
2593 2887 2658 2940 ad
2686 2885 2739 2939 id
2774 2887 2917 2957 quod
2956 2904 3037 2943 cei
3052 2896 3106 2943 to
3138 2891 3240 2945 sibi
3272 2906 3564 2961 persuase-

1987 2980 2134 3039 rant,
2163 2988 2447 3044 perperam
2476 2985 2731 3047 acceptas
2772 2993 2836 3032 ex
2880 2978 3176 3051 Evangelio
3207 2984 3565 3040 auctoritates

1991 3065 2499 3120 accommodabant.
2557 3065 2697 3121 ilinc
2747 3067 2891 3123 enim
2941 3069 3234 3126 cerinthus
3258 3111 3275 3134 ,
3324 3082 3379 3127 ct
3430 3072 3563 3128 Ehio

1984 3153 2192 3209 nudum
2241 3154 2518 3211 hominem
2574 3156 2749 3212 fuisse
2781 3156 3057 3215 Christum
3108 3162 3367 3229 asseruit,
3409 3172 3468 3216 ut
3509 3171 3562 3219 ct

309 3250 483 3304 εἴτουν
532 3250 865 3305 Κλεόὸουλον
899 3253 1032 3323 (19),
1078 3254 1173 3307 καὶ
1219 3254 1502 3321 Κλαύδιον,
1535 3258 1631 3310 καὶ
1674 3261 1883 3330 Δημᾶν,
1913 3252 1956 3308 C
1989 3245 2312 3315 Merintbus,
2338 3256 2394 3304 et
2410 3248 2693 3313 ClcohiuS,
2717 3249 2834 3307 sive
2853 3250 3170 3318 CleobuluS,
3199 3260 3255 3308 et
3277 3254 3560 3318 Claudius,

311 3342 402 3393 καὶ
443 3339 776 3411 Ἑρμογένην
808 3339 941 3409 (20),
973 3344 1099 3405 τοὺς
1119 3344 1512 3414 ἀγαπήσαντας
1535 3346 1627 3400 τὸν
1653 3348 1887 3403 ἐνταῦθα

311 3429 503 3492 αἰῶνα,
534 3432 628 3484 καὶ
673 3432 1103 3503 καταλείψαντας
1150 3435 1249 3506 τὴν
1296 3434 1414 3491 ὁδὸν
1454 3437 1555 3507 τῆς
1604 3437 1882 3509 ἀληθείας.

322 3519 720 3592 ’Δντιλέγοντες
768 3525 877 3596 γὰρ
919 3526 1032 3590 τοῖς
1077 3525 1172 3579 τοῦ
1218 3527 1424 3598 Κυρίου
1470 3528 1739 3599 μαθηταῖς
1760 3532 1882 3584 κατ’

305 3614 483 3668 ἐκεῖνο
509 3615 726 3690 καιροῦ,
759 3618 869 3672 ἀπὸ
898 3618 997 3688 τῆς
1027 3619 1168 3673 κατὰ
1194 3618 1287 3673 τὸν
1312 3619 1565 3691 Ἀὁραὰμ
1590 3622 1686 3674 καὶ
1716 3622 1884 3676 Δαὸὶδ

302 3704 653 3770 γενεαλογίας
699 3706 802 3773 τὴν
826 3706 1006 3757 αὐτῶν
1033 3707 1216 3757 ἄνοιαν
1252 3711 1523 3775 παριστᾷν
1550 3711 1871 3779 ἐπειρῶντο·

303 3793 363 3845 οὑ
398 3777 577 3851 καλῶς
624 3792 724 3859 μὲν
748 3792 1003 3859 οἰόμενοι,
1037 3793 1176 3862 πλὴν
1201 3794 1451 3849 ἐντεῦθεν
1476 3798 1575 3867 τὴν
1610 3799 1882 3870 πρόφασιν

307 3880 635 3951 θηρώμενοι.
654 3881 994 3950 Ἀντέλεγον*
1025 3883 1130 3954 γὰρ
1159 3885 1418 3952 πολλάκις
1452 3889 1558 3944 ὑπὸ
1597 3892 1693 3945 τοῦ
1722 3894 1880 3963 ἁγίου

320 3972 564 4024 Ἰωάννου
604 3975 698 4025 καὶ
738 3972 845 4026 τῶν
884 3974 1019 4044 ἀμφ’
1049 3975 1251 4041 αὐτῶν,
1279 3979 1513 4035 Λευκίου
1568 3985 1662 4037 καὶ
1706 3986 1880 4042 ἄλλων

310 4062 537 4117 πολλῶν.
566 4065 959 4137 Παρατρίψασα
984 4068 1041 4121 δὲ
1067 4069 1266 4139 ἑαυτῆς
1286 4072 1349 4125 τὸ
1370 4073 1637 4143 μετώπιον
1664 4078 1699 4149 ἡ
1725 4080 1877 4133 ἀναι-

311 4153 552 4221 σχυντία,
583 4155 748 4226 ἑαυτῇ
783 4157 928 4209 κακὰ
957 4158 1363 4216 ἐπισπάσασθαι
1393 4163 1839 4238 ἐφιλοτιμήσατο.

372 4412 548 4478 Εὐθὺς
577 4414 634 4468 δὲ
664 4417 802 4486 μετὰ
831 4417 921 4472 τὸν
952 4418 1229 4473 Ματθαίον
1256 4419 1367 4490 (2¹)
1405 4421 1696 4487 ἀκόλουθος
1723 4425 1876 4492 γενό·

1982 3352 2048 3394 ac
2076 3336 2292 3405 DemaS,
2335 3348 2390 3396 et
2431 3340 2819 3412 Hermogenes,
2853 3344 2946 3413 qui
2989 3343 3298 3400 dilexerunt
3326 3347 3429 3402 hoc
3455 3364 3559 3403 sae·

1979 3429 2185 3494 culum,
2268 3439 2321 3485 ct
2365 3430 2508 3486 viam
2554 3432 2808 3489 veritatis
2860 3434 3199 3504 reliquerunt
3242 3437 3285 3491 ⁸.
3343 3438 3559 3509 Quippe

1984 3518 2199 3578 Domini
2221 3523 2509 3594 discipulis
2532 3539 2630 3595 per
2651 3525 2707 3579 id
2731 3531 2945 3595 tempus
2984 3528 3426 3584 contradicentes
3449 3530 3553 3589 illi.

1978 3628 2044 3670 ex
2069 3614 2272 3669 Christi
2314 3616 2628 3685 genealogia
2664 3615 2734 3671 ab
2773 3616 3082 3672 Abrahamo
3114 3625 3168 3671 ct
3197 3617 3403 3675 Dat-ide
3433 3636 3555 3691 per-

1978 3705 2142 3760 ducta
2161 3705 2431 3761 insaniam
2458 3720 2614 3760 suam
2638 3706 2994 3783 corroborare
3017 3706 3364 3763 studuerunt.
3394 3710 3553 3777 Quod

1977 3794 2082 3851 etsi
2112 3809 2396 3865 perperam
2440 3795 2495 3849 iu
2536 3794 2782 3850 animum
2815 3795 3165 3863 induxerant,
3192 3797 3553 3857 nihilominus

1978 3884 2130 3940 illinc
2156 3884 2501 3939 occasionem
2546 3884 2694 3939 nacti
2733 3892 2881 3940 sunt.
2925 3884 2992 3940 Et
3022 3884 3260 3943 loannes
3313 3890 3550 3958 quidem,

1977 3974 2205 4044 ejusque
2247 3972 2534 4044 discipuli,
2565 3974 2909 4044 maximeque
2949 3973 3183 4043 Lucius,
3216 3985 3271 4032 et
3307 3978 3401 4033 alii
3432 3980 3552 4049 ple-

1978 4062 2135 4132 rique
2175 4061 2404 4117 istorum
2449 4064 2741 4118 conatibus
2765 4064 2965 4134 saepius
3005 4063 3173 4137 428
3199 4066 3549 4125 obstiterant.

1977 4150 2087 4206 Sed
2122 4150 2383 4206 nimirum
2416 4151 2512 4206 ubi
2537 4152 2704 4207 semel
2752 4151 2988 4207 frontem
3016 4140 3176 4209 suam
3211 4155 3548 4226 impudentia

1975 4238 2296 4311 perfricuit,
2330 4242 2474 4296 mala
2522 4242 2627 4298 sibi
2677 4241 2846 4296 multa
2884 4242 3144 4315 deinceps
3198 4248 3548 4305 accumulare

1977 4347 2086 4387 non
2115 4332 2341 4388 destitit.

2044 4425 2230 4496 ltaque
2257 4435 2382 4497 post
2420 4426 2730 4484 Mattliaeum
2770 4430 2954 4484 statim
3000 4428 3203 4497 Marco,
3235 4432 3330 4503 qui
3360 4431 3545 4489 Roma

376 4599 391 4629 ¹
426 4596 486 4651 F.
522 4597 703 4650 αὐτόν.
778 4598 798 4627 ¹
834 4596 1031 4653 Deessc
1089 4598 1304 4655 ridetur
1359 4599 1627 4653 nonnihil.
1703 4601 1725 4632 ⁸
1759 4598 1820 4655 F.
1855 4599 2222 4669 ἀντελέγοντο,
2260 4613 2314 4657 ct
2358 4614 2503 4665 mox,
2560 4602 2696 4672 ἀμφ·
2729 4604 2907 4657 αὐτόν.
2987 4605 3009 4637 ⁸
3039 4604 3206 4664 Marc.
3237 4623 3252 4660 t
3279 4648 3295 4672 ,
3340 4610 3364 4663 l
3419 4626 3542 4683 sqq.

299 4667 321 4697 ⁸
349 4666 393 4721 11
426 4666 565 4721 Tim.
602 4683 674 4731 tv,
707 4665 760 4721 9.

375 4824 486 4893 (19)
525 4824 635 4877 Καὶ
673 4824 981 4883 Κλεόδιον,
1013 4821 1217 4875 εἷτουν
1262 4820 1660 4874 Κλεόόουλον.
1698 4820 1856 4890 lgna·
1883 4823 1936 4884 D
1960 4827 2178 4893 potest,
2228 4828 2306 4880 nti
2354 4826 2464 4881 duo
2508 4828 2756 4897 ejusdem
2797 4832 3035 4887 nominis
3079 4832 3261 4889 Demae
3311 4835 3535 4894 suerint.

299 4898 407 4951 tius
438 4893 507 4947 ad
547 4894 849 4948 Trallianos
879 4909 900 4948 .·
936 4892 1198 4959 Φεύγετε,
1235 4892 1328 4945 καὶ
1368 4889 1437 4943 τὰ
1478 4889 1585 4972 ²⁰³⁴..
1614 4891 1852 4963 πονηροῦ

297 4966 325 5018 ἔ
400 4980 516 5027 ονα,
543 4963 816 5026 Θεόδοτον,
846 4963 940 5016 καὶ
973 4961 1302 5014 Κλεόὸουλον
1329 4960 1397 5014 τὰ
1422 4977 1696 5029 γεννωντα
1719 4978 1857 5032 καρ-

299 4984 398 5089 ‚g
434 5032 824 5105 θανατηφόρον.
852 5029 954 5087 Ubi
981 5046 1088 5085 non
1115 5029 1498 5084 Nicolaitarum
1533 5031 1855 5099 propagines

300 5108 433 5161 istos
461 5104 629 5159 fnisse
658 5102 815 5157 docet
834 5142 850 5166 ,
881 5109 940 5155 ut
978 5113 1062 5154 est
1089 5100 1142 5153 in
1179 5100 1376 5154 Aiinal.
1395 5138 1412 5162 ,
1441 5098 1536 5154 scd
1565 5099 1658 5153 τοῦ
1687 5116 1855 5171 πονη-

299 5177 395 5245 ροῦ
423 5174 644 5244 ἔγγονα,
698 5174 801 5229 hoc
846 5181 930 5227 est
959 5171 1222 5226 daemonis
1255 5170 1417 5226 fetus.
1448 5169 1710 5238 imposuit
1741 5173 1854 5223 An-

295 5246 500 5299 nalium
532 5244 788 5312 scriptori
817 5241 1043 5295 Latinus
1082 5239 1369 5310 interpres,
1405 5239 1500 5309 qui
1524 5241 1597 5293 ita
1628 5240 1806 5295 reddit
1832 5257 1850 5297 ε

301 5314 511 5382 Fnyite,
547 5314 776 5380 perversi
811 5313 957 5365 illius
990 5321 1219 5378 nepotes.

368 5386 478 5452 (Ξο)
519 5382 741 5453 Δημᾶν,
792 5381 891 5435 καὶ
932 5379 1308 5449 Ἑρμογένην.
1361 5378 1731 5434 Theodoretus
1782 5378 1851 5433 ad

295 5450 338 5507 ΙΙ
367 5455 509 5507 Tim.
557 5468 607 5508 c.
640 5469 723 5515 iv,
768 5451 1019 5507 eumdem
1058 5452 1209 5504 illum
1257 5449 1475 5502 Demam
1514 5464 1637 5504 esse
1710 5455 1848 5514 utet,

295 5523 386 5591 qni
439 5522 610 5591 Epist.
664 5522 730 5576 ad
789 5521 1019 5576 Philem.
1079 5528 1148 5575 et·
1203 5516 1416 5572 Coloss.
1446 5532 1501 5571 iv
1561 5518 1664 5571 lau·
1690 5528 1848 5585 atur;

294 5594 497 5662 quique
531 5592 788 5646 saeculum
821 5592 1072 5661 diligens,
1108 5588 1299 5643 relicto
1335 5586 1539 5650 Paulo,
1570 5586 1847 5646 discessit.

296 5663 399 5717 Sed
436 5669 646 5716 mutato
672 5662 903 5717 consilio
929 5659 999 5714 ad
1028 5657 1255 5713 Paulum
1300 5658 1588 5712 revertisse
1621 5658 1842 5727 quidam

290 5734 622 5787 existimant.
675 5731 955 5803 chrysost.
982 5744 1112 5784 vero
1147 5736 1268 5811 post
1300 5726 1656 5783 honorificam
1695 5729 1841 5784 illam

290 5799 360 5857 de
384 5818 449 5857 eo
480 5803 807 5858 mentionem
839 5818 869 5853 a
899 5798 1064 5855 Paulo
1095 5805 1402 5867 sejunctum
1429 5812 1553 5853 esse
1577 5804 1752 5868 putat.
1783 5807 1843 5853 nt

291 5870 384 5928 illa
426 5872 493 5928 ad
537 5870 764 5930 Philcm.
804 5877 928 5928 ante
969 5868 1009 5925 ll
1043 5870 1111 5926 ad
1141 5868 1282 5923 Titn.
1315 5867 1520 5940 scripta
1565 5868 1657 5924 sit.
1700 5867 1844 5963 Fieri

1959 4893 2117 4962 Apud
2146 4895 2318 4964 ignat.
2347 4896 2527 4967 Epist.
2551 4898 2621 4952 ad
2654 4898 2960 4971 Maqnesios
2987 4905 3308 4960 nominatur
3337 4909 3536 4963 Damas

1956 4962 2042 5018 Ma
2083 4968 2358 5022 nesiorum
2393 4969 2709 5038 episcopus.

2027 5044 2041 5096 (
2094 5035 2141 5105 l)
2183 5035 2381 5103 Εὐθὺς
2427 5036 2495 5090 δὲ
2529 5040 2681 5108 μετὰ
2722 5040 2831 5093 τὸν
2868 5041 3188 5097 Ματθαῒον.
3237 5041 3317 5098 Ex
3367 5060 3533 5114 prava

1954 5101 2203 5158 Cornarii
2238 5106 2687 5175 interpretatione
2732 5119 2823 5164 aut
2855 5111 2991 5167 falsa
3022 5119 3114 5166 aut
3139 5113 3306 5167 dubia
3335 5129 3401 5169 ex
3445 5117 3532 5173 his

1953 5174 2137 5229 verbis
2170 5175 2399 5231 historia
2427 5177 2727 5250 calligitnr.
2752 5181 2969 5250 jussum
3024 5197 3055 5235 a
3094 5181 3256 5237 Petro
3286 5182 3533 5240 Marcum

1951 5243 2238 5299 historiam
2289 5247 2599 5315 scripsisse.
2649 5249 2739 5303 Sic
2786 5252 2932 5304 enim
2974 5250 3348 5312 Carnarius:
3400 5253 3531 5310 Post

1951 5312 2264 5369 Matthaeunt
2309 5327 2534 5372 secutus
2586 5326 2669 5374 cst
2701 5317 2935 5382 Marcus,
2972 5320 3163 5389 iussus
3198 5337 3229 5376 a
3265 5322 3324 5377 S.
3366 5322 3528 5380 Petro

1954 5381 2142 5437 Romze
2183 5383 2537 5453 Evangelium
2583 5389 2765 5444 edere.
2822 5387 3084 5445 Neutrum
3137 5391 3334 5447 horum
3393 5393 3528 5451 dicit

1951 5452 2144 5524 Epiph.
2193 5464 2287 5508 aut
2316 5454 2460 5510 Petri
2483 5456 2647 5523 jussu
2669 5498 2684 5520 ,
2714 5467 2807 5513 aut
2846 5459 3034 5515 Rumae
3063 5464 3356 5534 scripsisse
3385 5464 3530 5519 Mar-

1950 5539 2096 5585 cum,
2129 5524 2224 5580 scd
2264 5526 2367 5578 hoc
2397 5535 2632 5590 tantum,
2667 5530 2925 5584 comitem
2954 5530 3107 5585 illum
3141 5531 3329 5589 Romae
3355 5533 3527 5590 fuisse

1950 5592 2117 5655 Petri,
2155 5603 2209 5649 et
2240 5594 2632 5664 ἐπιτρέπεσθαι
2675 5596 2736 5652 τὸ
2785 5599 3114 5668 Εὐαγγὲλιον
3156 5603 3435 5657 ἐκθέσθαι.
3475 5605 3523 5658 A

1951 5664 2227 5733 quonam?
2275 5665 2320 5716 A
2364 5664 2574 5734 Spiritu
2621 5676 2835 5724 saneto.
2867 5668 3046 5727 luscio
3076 5674 3221 5729 enim
3255 5672 3416 5728 Petro
3453 5672 3523 5727 ad

1951 5733 2302 5789 scribendum
2353 5748 2644 5806 aggressus
2698 5746 2820 5802 cst,
2871 5738 3133 5798 Romanis
3187 5744 3240 5797 id
3289 5744 3359 5797 ah
3400 5745 3520 5810 ipso

1952 5801 2371 5873 postulantibus,
2408 5815 2466 5859 ut
2486 5815 2679 5862 auctor
2706 5815 2794 5864 est
2829 5807 3053 5867 llieron.
3101 5811 3197 5867 lib.
3230 5810 3306 5866 De
3334 5814 3521 5880 script.

1950 5873 2158 5946 eccles„
2183 5880 2238 5930 et
2282 5872 2480 5932 Euseb.
2512 5876 2607 5933 lib.
2641 5892 2701 5946 n,
2728 5894 2761 5936 c
2811 5880 2899 5938 ss.
2929 5879 3084 5949 Quod
3111 5896 3242 5940 cum
3274 5881 3521 5941 audisset
