3850 6517
218 461 315 517 sot

870 455 1237 513 ADVERSUS
1277 458 1619 516 ltAEltESES
1655 460 1783 516 Ltn.
1824 461 1863 516 Ι.
1906 459 2071 517 Tou.
2113 460 2177 514 ll.
2202 494 2268 502 —
2309 458 2583 515 HAERES.
2625 456 2815 514 xxw.

3358 461 3467 519 502

216 591 318 628 που
342 571 688 644 ὀγδοήκοντα,
714 573 808 626 καὶ
827 571 923 644 τὴν
946 573 1099 626 πόλιν
1125 573 1222 642 τῆς
1243 573 1421 627 αὐτῶν
1444 573 1787 638 ζιζανιώδους
1816 583 1859 638 Α
1889 590 2078 630 corum
2106 575 2379 630 illecebris
2399 576 2540 645 capti
2562 589 2772 638 sumuS,
2793 573 2887 629 scd
2916 570 3202 642 cffng‘ntus
3225 571 3461 634 tandem,

215 664 349 733 ὕλης
373 661 468 719 καὶ
495 663 836 729 ἀκανθώδους
858 665 1212 736 καθαρθῆναι.

1897 681 2022 719 mox
2058 664 2125 720 ad
2170 665 2479 736 episcopos,
2502 668 2604 745 'qui
2652 665 2708 719 in
2739 666 2832 719 illo
2880 665 3000 720 loco
3038 670 3217 729 crant,
3254 661 3469 718 deferre

215 756 615 819 studuerimus,
648 760 917 811 eteorum
956 744 1223 812 hactenus
1251 757 1434 828 ignota
1468 761 1687 814 nomina
1730 759 1784 813 in
1829 756 2070 813 Ecclesia
2095 755 2370 828 detegere.
2399 755 2476 810 Ex
2525 771 2632 825 quo
2678 756 2878 812 lactum
2923 763 3028 821 est,
3072 763 3130 810 ut
3192 752 3467 826 octoginta

216 845 332 900 lere
355 845 536 915 capita
565 847 786 901 exulare
812 846 966 917 jussa
996 846 1066 901 ab
1091 846 1218 902 lolio
1243 848 1524 918 spinisque
1551 850 1669 906 suis
1704 854 2050 919 repurgatam
2082 847 2271 902 urbem
2305 846 2648 916 reliquerint.

289 940 395 991 tfl'.
419 937 807 1010 Μνημονεύσας
828 938 885 992 δέ
906 957 988 1002 τις
1002 939 1101 1009 τῆς
1118 939 1228 993 ἀνω
1242 939 1399 1010 ἡμῶν
1415 940 1784 1011 ὑποσχέσεως,

213 1031 356 1100 τάχα
386 1029 479 1082 καὶ
511 1029 866 1095 ἐπαινέσειεν,
894 1030 968 1093 ὡς
995 1030 1152 1101 ημῶν
1185 1032 1681 1102 προαγγειλάντων,
1705 1033 1789 1086 ὅτι

214 1121 356 1172 τισὶν
380 1119 559 1174 αὐτῶν
587 1119 984 1191 παρετύχομεν,
1011 1120 1134 1175 τινά
1150 1121 1206 1175 δὲ
1231 1122 1319 1177 διὰ
1346 1124 1787 1195 συγγραμμάτων

216 1208 555 1279 ἐγνώκαμεν,
581 1210 705 1264 τινά
732 1209 790 1263 δὲ
817 1209 888 1263 δι’
921 1208 1232 1282 ἐνηχήσεών
1258 1229 1318 1264 τε
1344 1212 1437 1265 καὶ
1478 1213 1788 1285 μαρτυρίων

217 1300 542 1365 ἀξιοπίστων
596 1301 828 1373 ἀνδρῶν,
866 1302 1177 1374 δυναμένων
1219 1304 1350 1374 ἡμῖν
1390 1304 1488 1376 τὴν
1535 1305 1789 1376 ἀλήθειαν

215 1390 625 1447 ὑποδεικνύναι·
673 1391 750 1456 ὡς
781 1395 874 1448 καὶ
902 1393 1136 1448 ἐνταῦθα
1165 1394 1473 1466 φιλαλήθως
1500 1396 1599 1466 οὑχ
1622 1397 1789 1465 ὑπερ-

212 1482 529 1554 δεὸήκαμεν
549 1483 641 1538 τὸν
672 1485 856 1551 τόπον,
891 1485 1029 1540 ἀλλά
1060 1485 1365 1557 ἐδείξαμεν,
1395 1487 1471 1552 ὡς
1505 1489 1605 1558 μία
1639 1489 1788 1542 ἐστὶν

214 1575 353 1646 αὓτη
392 1575 500 1629 τῶν
535 1578 665 1647 ημῖν
694 1578 1101 1648 περιτυχουσῶν
1130 1577 1412 1649 αἱρέσεων.
1462 1579 1567 1634 Καὶ
1602 1580 1788 1650 σαφῶς

215 1666 345 1738 περὶ
368 1666 572 1739 ταύτης
606 1667 952 1740 ἠδυνήθημεν
978 1669 1176 1738 λέγειν,
1211 1669 1270 1736 ἐξ
1303 1665 1399 1736 ὧν,
1435 1672 1509 1744 μὴ
1539 1673 1747 1742 γένοιτο
1773 1678 1784 1728 l

213 1757 273 1809 οὑ
309 1756 634 1829 πράξαντες,
671 1757 807 1813 ἀλλὰ
827 1761 1205 1832 μεμαθηκότες
1232 1762 1478 1834 ἁκριὸῶς
1506 1765 1659 1837 παρὰ
1682 1766 1789 1820 τῶν

212 1851 360 1919 ἡμᾶς
401 1851 482 1913 είς
520 1848 676 1903 τοῦτο
710 1851 1022 1919 πειθόντων,
1061 1854 1156 1908 καὶ
1209 1854 1283 1926 μὴ
1319 1857 1781 1928 κατιοχυσάντων,

1961 937 2146 993 xvltl.
2182 932 2547 1004 Quamobrem
2599 937 2645 993 si
2673 934 2797 1008 quis
2836 936 2981 1007 quod
3025 936 3182 992 initio
3240 933 3465 1007 polliciti

1889 1045 2078 1084 sumus
2097 1030 2355 1085 memoria
2372 1037 2602 1099 repetat,
2630 1027 2864 1084 sortasse
2891 1027 3198 1083 institutum
3216 1033 3463 1081 nostrum

1890 1121 2233 1191 approbabit,
2283 1121 2430 1189 quod
2464 1121 2538 1175 ita
2583 1121 2791 1191 prael'ati
2826 1135 3039 1185 sumus,
3081 1133 3205 1189 quae
3243 1117 3309 1171 ad
3345 1118 3466 1174 illas

1891 1222 2071 1267 sectas
2102 1212 2337 1266 attinent
2369 1227 2472 1267 nos
2497 1212 2696 1283 partim
2734 1226 2836 1266 usu
2861 1225 2925 1266 ac
2946 1208 3344 1266 consuetudine
3378 1207 3466 1263 di·

1889 1302 2114 1365 dicisse,
2163 1303 2361 1374 partim
2403 1318 2468 1358 ex
2518 1301 2869 1358 monimentis
2910 1301 3212 1373 accepisse,
3265 1297 3466 1370 partim

1892 1395 1996 1450 lide
2025 1394 2312 1465 dignorum
2342 1394 2642 1459 hominum,
2678 1395 2770 1465 qui
2802 1393 2878 1448 rei
2917 1392 3202 1448 veritatem
3224 1389 3468 1446 indicare

1891 1492 2137 1556 possent,
2167 1484 2481 1540 narratione
2512 1500 2577 1540 ac
2603 1485 2919 1540 testimonio
2950 1483 3118 1538 luisse
3150 1482 3463 1552 perductos.

1892 1579 2079 1647 ltaque
2110 1591 2211 1646 pro
2233 1591 2298 1633 eo
2328 1576 2472 1647 quod
2499 1592 2609 1647 prae
2636 1575 2794 1631 nobis
2826 1574 3051 1630 serimus
3078 1574 3321 1629 veritatis
3349 1583 3468 1628 stu-

1892 1669 1984 1724 dio
2020 1671 2432 1740 praetermittere
2454 1670 2601 1724 hunc
2623 1669 2802 1724 locum
2828 1666 3135 1735 noluimns3
3170 1667 3264 1722 sed
3287 1677 3468 1722 osten·

1892 1760 2073 1815 dimus
2114 1775 2278 1815 unam
2327 1760 2473 1815 illem
2506 1776 2572 1816 ex
2629 1760 2697 1816 iis
2722 1759 3020 1815 haeresibus
3052 1772 3192 1824 esse,
3234 1772 3465 1829 quarum

1895 1868 2055 1907 usum
2088 1850 2403 1912 babuimus,
2438 1852 2507 1908 de
2539 1868 2646 1922 qua
2674 1852 2809 1909 certi
2844 1851 3222 1922 exploratique
3258 1849 3465 1921 aliquid

213 1940 348 1994 ἀλλὰ
375 1940 472 2013 τὴν
500 1941 706 1996 ἑαυτῶν
736 1943 922 1998 ἐλπίδα
949 1946 1048 2016 τῆς
1073 1947 1153 2009 εἰς
1179 1948 1324 2017 ἡμᾶς
1356 1948 1629 2012 ἀπωλείας
1650 1950 1784 2002 ἀπο.
1819 1945 1857 1998 Β
1885 1938 2080 1994 afferre
2104 1953 2390 2009 possemus
2416 1960 2427 1994 :
2453 1954 2561 1994 non
2588 1955 2655 1994 ex
2678 1954 2743 1994 eo
2774 1938 2916 2009 quod
2942 1939 3275 2010 gesserimus
3304 1938 3407 2015 ipsi
3441 1958 3456 1995 ι

212 2027 503 2095 λεσάντων,
547 2031 641 2083 καὶ
682 2031 755 2102 μὴ
794 2034 1159 2104 ἐπιτυχόντων
1198 2034 1290 2088 τοῦ
1341 2035 1545 2090 σκοποῦ
1581 2037 1679 2106 τῆς
1706 2039 1786 2101 εἰς

212 2121 310 2192 τὴν
333 2120 591 2174 τάλαιναν
624 2121 777 2194 ἡμῶν
809 2123 986 2195 ψυχὴν
1008 2127 1463 2198 ἐπιχειρουμένης
1485 2127 1576 2180 ὑπ’
1606 2127 1786 2180 αὐτῶν

212 2229 271 2264 τε
302 2214 395 2267 καὶ
427 2211 523 2266 τοῦ
545 2215 603 2266 ἐν
623 2215 803 2278 αὐτοῖς
838 2215 1085 2269 διαδόλου
1119 2218 1408 2289 συσκευῆς,
1440 2217 1516 2282 ὡς
1539 2219 1633 2271 καὶ
1663 2235 1787 2271 συν-

212 2301 325 2371 ῳδὰ
351 2303 501 2372 ἡμᾶς
523 2300 699 2370 λέγειν
730 2300 808 2373 τῷ
831 2303 1118 2373 ἁγιωτάτῳ
1135 2304 1319 2368 aalma,
1337 2305 1417 2358 ὅτι
1439 2321 1453 2335 ·
1485 2303 1643 2372 Beda
1677 2322 1784 2371 rn-

213 2393 365 2446 πίων
395 2393 771 2463 ἐγενήθησαν
797 2397 855 2447 αἱ
885 2395 1110 2465 πληγαὶ
1142 2395 1358 2460 αὐτῶν,
1391 2398 1486 2450 καὶ
1529 2395 1599 2449 τά
1625 2396 1749 2466 ἐξῆς
1770 2413 1782 2427 ·

217 2482 311 2532 καὶ
345 2482 448 2532 ὅτι·
486 2482 863 2551 Ἐπιστρέψει
894 2487 926 2538 ὀ
955 2485 1140 2550 ,τόνος
1163 2484 1360 2539 αὐτῶν
1395 2488 1483 2552 είς
1511 2486 1788 2555 κεφαλὴν

217 2569 433 2636 αὐτῶν,
475 2571 571 2625 καὶ
617 2573 654 2639 ἡ
691 2572 890 2628 ἀδικία
924 2573 1124 2627 αὐτῶν
1156 2576 1252 2629 ἐπὶ
1285 2577 1549 2645 κορυφὴν
1592 2577 1789 2632 αὐτῶν

218 2661 634 2727 καταὸήσεται.
674 2662 760 2727 Ὦς
778 2660 871 2716 οὖν
896 2664 1296 2734 περιτυχόντες,
1323 2665 1417 2716 καὶΙ
1438 2665 1788 2737 ἀποδράντες,

217 2753 309 2803 καὶ
336 2753 679 2820 ἀναγνόντες,
714 2754 810 2806 καὶ
846 2752 1087 2822 γνόντες,
1137 2754 1230 2806 καὶ
1263 2755 1644 2822 καταγνόντες,
1683 2774 1789 2811 σω-

214 2833 396 2896 θέντες
430 2835 486 2887 δέ
512 2835 991 2906 ὑπερδεόήκαμεν,
1030 2834 1174 2889 οὕτω
1205 2838 1298 2891 καὶ
1325 2838 1384 2892 σὲ
1413 2839 1503 2892 τὸν
1527 2839 1792 2910 ἀναγινώ-

214 2941 412 2979 σκοντα
453 2927 878 2999 παρακαλοῦμεν
895 2967 911 2992 ,
959 2928 1264 2996 ἀναγνόντα
1307 2930 1401 2982 καὶ
1451 2932 1788 3000 καταγνόντα

213 3012 308 3066 τοῦ
327 3015 342 3043 ¹
371 3014 693 3085 ὑπερδῆναι,
721 3019 800 3080 είς
820 3020 881 3071 τὸ
907 3015 983 3088 μὴ
1005 3018 1264 3087 ἐμπεσεῖν
1287 3017 1345 3071 ἐν
1366 3018 1443 3089 τῷ
1473 3018 1537 3090 ίῷ
1560 3021 1660 3092 τῆς
1678 3021 1786 3077 τῶν

213 3102 458 3175 ἑρπετῶν
494 3104 696 3159 τούτων
741 3106 1063 3178 μοχθηρίας.
1126 3106 1263 3159 Ἀλλ’
1291 3110 1338 3161 εί
1361 3108 1455 3162 καί
1482 3127 1610 3164 ποτε
1637 3129 1788 3182 περι·

209 3197 395 3268 τύχοις
436 3198 548 3251 τισὶ
585 3196 694 3252 τῶν
734 3198 843 3252 ἀπὸ
886 3199 985 3270 τῆς
1024 3198 1291 3267 ὁφιώδους
1311 3198 1516 3271 ταύτης
1566 3202 1783 3274 σχολῆς,

1893 2033 2104 2081 avertat
2125 2026 2229 2081 boc
2254 2026 2466 2083 anobis
2488 2026 2632 2083 Deus
2658 2029 2672 2082 l
2708 2027 2801 2082 sed
2832 2043 2897 2082 ex
2927 2043 2992 2082 eo
3012 2027 3156 2098 qnod
3188 2027 3254 2082 ab
3284 2027 3351 2082 iis
3375 2040 3471 2083 ac·

1893 2127 2084 2172 curate
2116 2116 2434 2183 didicimuS,
2474 2119 2567 2189 qni
2600 2118 2746 2173 illam
2783 2117 2943 2174 nobis
2982 2118 3312 2188 persuadere
3345 2117 3465 2173 l'ru-

1894 2215 2006 2262 stra
2031 2207 2342 2265 voluerunt.
2374 2217 2428 2262 et
2460 2217 2777 2278 conceptam
2815 2208 2882 2264 de
2909 2219 3097 2264 nostro
3119 2208 3286 2265 exitio
3313 2226 3464 2280 spem

1893 2299 2115 2372 penitus
2137 2298 2485 2369 abjecerunt:
2527 2314 2650 2354 cum
2686 2299 2895 2354 insidiae
2919 2313 3110 2354 omnes
3137 2313 3201 2355 ac
3221 2298 3464 2363 fraudes,

1892 2406 2033 2461 quas
2059 2389 2124 2444 ad
2150 2389 2389 2446 infelicis
2422 2390 2617 2445 animae
2650 2396 2850 2446 nestrae
2873 2391 3169 2460 perniciem
3200 2401 3310 2446 tam
3338 2391 3465 2461 ipsi,

1892 2500 2055 2555 quam
2077 2483 2169 2555 qui
2199 2484 2254 2539 in
2283 2483 2393 2539 illis
2433 2483 2573 2539 inest
2602 2483 2851 2539 diabolus
2882 2483 3181 2538 machinati
3227 2481 3464 2549 fuerant,

1895 2574 2069 2629 irritae
2106 2581 2270 2643 atque
2317 2573 2510 2628 inanes
2556 2573 2918 2637 exstitissent,
2958 2579 3016 2626 ut
3052 2571 3157 2626 hoe
3195 2586 3226 2626 a
3266 2568 3469 2627 Davide

1894 2662 2100 2718 dictum
2131 2662 2700 2717 accommodatissime
2724 2676 2992 2732 usurpare
3018 2661 3293 2731 possimus
3320 2676 3334 2714 ι
3362 2659 3470 2715 Sa·-

1894 2754 2038 2825 9iuae
2053 2753 2392 2825 parvulorum
2414 2751 2571 2821 [actoe
2591 2761 2713 2807 sunt
2736 2753 3109 2824 plaqoewrum
3128 2752 3172 2817 ⁸,
3192 2760 3301 2808 etc.
3326 2750 3467 2806 Tum

1895 2846 2069 2902 illud:
2122 2844 2463 2900 Comeroetnr
2511 2843 2664 2898 labor
2702 2859 2883 2898 eorum
2916 2843 2972 2898 in
3009 2852 3166 2913 caput
3210 2845 3466 2911 ipsorum,

1898 2939 2051 3010 101
2085 2947 2136 2992 et
2166 2938 2420 3009 iniquitas
2447 2953 2628 2991 eorum
2657 2939 2711 2991 in
2734 2937 3233 3006 verticem-ipsorum
3258 2935 3470 2992 descen-

1892 3028 1982 3085 det
2004 3029 2049 3083 ⁸.
2078 3027 2247 3098 igitur
2268 3025 2728 3098 quemadmodum
2752 3028 2836 3082 sic
2865 3043 2966 3083 nos
2992 3027 3047 3082 in
3075 3027 3293 3083 illorum
3315 3040 3469 3082 erro·

1894 3132 2008 3171 rem
2036 3115 2393 3179 incurrimus,
2429 3125 2485 3170 ut
2508 3115 2657 3170 illius
2689 3130 2887 3171 noxam
2908 3113 3296 3186 effugeremus,
3322 3130 3471 3170 eum-

1893 3221 2001 3275 que
2036 3203 2368 3275 simulatque
2388 3202 2619 3275 legimus
2648 3218 2714 3259 ac
2742 3203 3099 3274 cognovimus
3120 3201 3465 3265 damnantes,

211 3289 374 3354 εὐθὺς
397 3289 460 3342 τὸ
487 3289 644 3356 ξύλον
663 3288 947 3345 ἀναλαὸὼν
968 3290 1027 3344 τὸ
1045 3289 1132 3344 διὰ
1148 3289 1242 3343 τοῦ
1273 3290 1477 3363 Κυρίου
1495 3293 1626 3363 ἡμῖν
1647 3294 1787 3346 ἐτοι»
1815 3294 1858 3354 C
1889 3297 2029 3352 salvi
2066 3304 2232 3366 atque
2277 3296 2582 3352 incolumes
2623 3295 2998 3367 praetergressi
3037 3309 3261 3362 sumus;
3309 3295 3385 3349 ita
3414 3302 3469 3348 te

218 3379 441 3450 μασθὲν,
462 3381 522 3433 ἐν
539 3374 583 3447 ᾧ
602 3382 630 3433 ὁ
645 3381 847 3452 Κύριος
863 3381 894 3450 ή
903 3381 1017 3451 μῶν
1039 3379 1360 3454 προσεπάγη
1379 3382 1631 3453 Χριστὸς,
1644 3384 1786 3437 κατὰ

213 3469 316 3540 τῆς
342 3470 580 3542 κεφαλῆς
601 3471 695 3524 τοῦ
724 3472 920 3541 ὄφεως,
941 3472 1101 3536 εὐθὺς
1127 3469 1309 3526 λαόὼν
1329 3473 1524 3537 εἴποις,
1554 3474 1634 3527 ὅτι
1660 3474 1787 3544 Χρι-

214 3561 337 3627 στὸς
360 3562 702 3634 ἐσταύρωται
726 3563 867 3635 ὑπὲρ
894 3563 1069 3635 ἡμῶν,
1105 3563 1470 3634 ὑπογραμμὸν
1504 3565 1636 3634 ημῖν
1658 3564 1787 3618 ὑπο-

209 3654 493 3726 λιμπάνων
527 3656 826 3727 σωτηρίας,
867 3656 948 3710 ὅτι
990 3657 1091 3710 οὑκ
1135 3656 1202 3709 ἂν
1237 3653 1585 3725 ὲσταυροῦτο,
1636 3656 1687 3707 εί
1711 3654 1785 3726 μὴ

210 3747 390 3818 σάρκα
417 3742 552 3816 εἶχε.
587 3748 773 3817 Σάρκα
801 3747 860 3800 δὲ
889 3746 1048 3816 ἔχων,
1082 3748 1179 3799 καὶ
1212 3745 1569 3814 σταυρωθεὶς,
1592 3745 1788 3798 ἐσταύ-

210 3855 384 3909 ρωσεν
413 3838 569 3908 ἡμῶν
605 3838 703 3900 τὰς
737 3837 1034 3906 ἁμαρτίας.
1084 3834 1278 3885 Πίστει
1304 3833 1496 3900 ἔχομαι
1524 3834 1625 3900 τῆς
1654 3833 1788 3902 ἀλη-

209 3932 383 3993 θείας,
408 3930 501 3981 καὶ
519 3930 619 3996 οὑχ
640 3929 920 3993 ὑπάγομαι
939 3923 1117 3993 πλάνῃ
1142 3925 1211 3991 τῇ
1234 3920 1568 3992 νωθείᾳ’τοῦ
1593 3923 1787 3992 δφεως,

211 4022 308 4073 καὶ
340 4013 808 4087 παραψιθυρισμῷ
830 4013 930 4082 τῆς
955 4011 1118 4066 αὑτοῦ
1141 4012 1504 4076 διδασκαλίας.

1892 3386 2147 3456 quisquis
2182 3401 2243 3441 es
2275 3385 2368 3456 qui
2397 3386 2501 3442 ista
2534 3385 2670 3457 legis
2714 3385 3022 3450 hortamur,
3064 3391 3124 3438 ut
3156 3384 3295 3440 lecta
3323 3385 3470 3455 pari·

1891 3487 1976 3533 ter
2001 3493 2065 3534 ac
2084 3478 2343 3533 damnata
2367 3478 2669 3543 transilias,
2686 3492 2754 3533 ne
2776 3480 2830 3531 in
2858 3483 3174 3547 serpentum
3197 3474 3392 3546 ejusnu
3412 3476 3468 3531 di

1891 3572 2042 3626 velut
2080 3570 2450 3642 improbitatis
2496 3569 2769 3640 quoddam
2825 3570 2976 3623 virus
3020 3567 3253 3624 incidas.
3303 3568 3383 3623 Ac
3417 3567 3468 3622 si

1890 3664 2113 3731 quando
2133 3659 2366 3717 lorsitan
2391 3675 2456 3716 ex
2481 3661 2583 3716 liae
2606 3666 2921 3732 serpentum
2952 3659 3139 3715 schola
3157 3658 3466 3729 quempiam

1892 3749 2210 3812 offenderis,
2270 3751 2452 3820 subito
2482 3751 2686 3820 lignum
2736 3748 2870 3803 illud
2900 3745 3047 3818 quod
3093 3746 3251 3803 nobis
3296 3760 3327 3800 a
3361 3744 3469 3802 Do-

1897 3839 2047 3893 mino
2076 3848 2457 3910 comparatum
2504 3848 2611 3903 est,
2639 3847 2695 3894 et
2733 3839 2791 3895 in
2828 3854 2942 3909 quo
2976 3837 3231 3895 Christus
3276 3836 3468 3894 affixus

1895 3938 2004 3993 est,
2047 3938 2242 3986 contra
2272 3930 2547 4001 serpentis
2577 3941 2743 4001 eaput
2774 3929 3070 4003 arripiens,
3098 3930 3171 3986 ita
3200 3930 3423 4001 loquere
3449 3948 3466 3985 ι

1895 4022 2153 4081 Christus
2191 4031 2382 4079 nostra
2425 4032 2512 4080 est
2538 4023 2595 4079 in
2640 4038 2805 4091 eruce
2853 4036 3022 4078 causa
3063 4036 3388 4093 suspensus,
3413 4029 3471 4076 et

216 4121 447 4170 formam
527 4125 728 4169 nostrae
771 4113 966 4169 salutis
1016 4125 1336 4183 expressam
1385 4127 1450 4167 ac
1494 4112 1822 4171 delineatam
1899 4118 2146 4189 reliquit.
2198 4119 2354 4187 Quod
2407 4118 2513 4175 nisi
2563 4133 2785 4174 carnem
2834 4116 3135 4183 habuisset,
3187 4131 3466 4189 nunquam

214 4213 360 4261 esset
405 4205 650 4261 suffixus.
679 4203 757 4259 Eo
784 4219 912 4259 vero
939 4204 1085 4274 quod
1117 4217 1284 4257 carne
1328 4203 1593 4273 praeditus
1617 4211 1673 4260 et
1714 4206 1919 4266 affixus
1940 4217 2026 4267 est
2060 4211 2234 4275 cruci,
2302 4217 2491 4265 nostra
2558 4209 2721 4264 simul
2760 4215 2985 4278 peccata
3031 4204 3239 4262 defixit.
3303 4202 3471 4274 Equi·

213 4300 335 4355 dem
374 4298 585 4354 veritati
620 4314 716 4370 per
745 4297 906 4354 tidem
932 4298 1188 4364 inhaereo,
1245 4313 1345 4354 nec
1372 4300 1674 4357 tardissimi
1743 4307 2017 4376 serpentis
2065 4321 2257 4363 errore
2321 4305 2406 4361 vel
2457 4304 2581 4376 ejus
2628 4303 2891 4359 doctrinae
2935 4301 3115 4359 sibilis
3146 4298 3339 4357 abduci
3381 4312 3469 4353 me

211 4389 410 4459 patior.

283 4483 382 4536 16'.
422 4483 620 4536 Λοιπὸν
659 4488 862 4553 ταύτην
893 4482 1201 4556 παρελθὼν,
1235 4482 1541 4554 ἀγαπητοὶ,
1586 4483 1783 4555 ἐφεξῆς

214 4572 502 4643 βαδιοῦμαι
537 4574 630 4627 ἐπὶ
678 4575 777 4637 τάς
808 4574 972 4639 άλλας
1000 4574 1260 4646 τραχείας
1293 4574 1535 4645 τρίδους,
1567 4575 1665 4643 οὑχ
1703 4575 1790 4629 ἵνα

216 4661 442 4730 βαδίσω,
480 4663 595 4716 ἀλλ’
633 4664 719 4717 ἴνα
751 4665 859 4719 ἀπὸ
891 4665 1127 4736 μήκοθεν
1159 4664 1425 4730 ὑποδείξω
1447 4667 1560 4728 τοῖς
1606 4664 1790 4734 βουλο-

218 4753 400 4823 μένοις
439 4753 509 4807 τά
534 4755 840 4828 τραχύτερα
876 4758 975 4828 μὲν
1008 4755 1420 4825 ἐπιγινώσκειν,
1464 4754 1690 4825 φεύγειν
1732 4755 1789 4809 δὲ

211 4845 302 4898 διὰ
328 4843 432 4914 τῆς
461 4847 653 4917 στενῆς
692 4849 788 4901 καὶ
828 4849 1194 4919 τεθλιμμένης
1224 4848 1347 4902 ὁδοῦ
1385 4848 1486 4920 τῆς
1517 4848 1788 4920 φερούσης

211 4937 293 4998 εἰς
321 4934 470 5008 ζωὴν
507 4935 722 4991 αἰώνιον
743 4954 756 4969 ·
788 4940 882 4992 καὶ
924 4939 1356 5010 καταλιμπάνειν
1375 4939 1475 5010 τὴν
1508 4939 1788 5002 πλατεῖαν,

211 5026 307 5081 καὶ
336 5025 683 5098 εὐρύχωρον,
729 5031 822 5081 καὶ
859 5029 1141 5100 ἀκανθὼδη
1163 5072 1178 5094 ,
1222 5032 1317 5084 καὶ
1347 5029 1790 5101 προσκομμάτων

211 5116 465 5186 ἔμπλεων
494 5117 614 5170 ὁδὸν
636 5116 1078 5189 βορὸορώδη,καὶ
1103 5117 1387 5185 ἀσελγείας
1413 5118 1507 5171 καὶ
1533 5117 1788 5188 πορνείας

212 5207 700 5279 ἐμπεπλησμένην.
756 5201 863 5271 τΗς
921 5207 1177 5280 πορνείας
1224 5209 1318 5262 καὶ
1376 5207 1660 5277 ἀσελγείας
1726 5206 1788 5260 τό

212 5299 395 5369 ὅμοιον
422 5300 568 5353 ἐστιν
593 5301 720 5354 ἰδεῖν
749 5301 808 5355 ἐν
832 5301 911 5372 τῷ
934 5299 1150 5371 ἑρπετῷ
1171 5299 1250 5370 τῷ
1285 5300 1592 5371 δεινοτάτῳ,
1616 5293 1661 5368 ᾧ
1686 5301 1786 5354 ἐπ·

214 5388 396 5440 έθεντο
425 5389 486 5440 τὸ
525 5389 695 5460 δνομα
739 5388 1130 5458 ἀπειρώδινον
1158 5387 1405 5457 ἔχιδναν
1442 5390 1492 5441 οἱ
1540 5387 1779 5442 παλαιοί.

218 5479 374 5531 Ἐστι
411 5478 520 5552 γάρ
543 5481 640 5551 τῆς
673 5480 927 5551 τοιαύτης
970 5479 1183 5551 ἐχίδνης
1222 5481 1256 5550 ὴ
1303 5479 1464 5548 φύσις
1494 5479 1657 5548 ὁμοία
1684 5479 1785 5549 τῆς

213 5571 418 5624 τούτων
453 5573 768 5644 μοχθηρίας.
795 5573 892 5626 Διά
933 5573 1040 5647 γὰρ
1070 5573 1170 5644 τῆς
1211 5570 1462 5644 ἀνδρείας
1502 5571 1715 5640 φύσεως
1745 5572 1778 5644 ἢ

219 5659 533 5730 γυναικείας
581 5661 679 5732 τὴν
735 5661 1062 5734 αἰσχρότητα
1119 5658 1516 5726 ἐπιτελοῦντες,
1578 5659 1781 5731 ταύτην

1961 4480 2105 4536 xlx.
2141 4480 2248 4537 Sed
2264 4496 2414 4536 nunc
2430 4480 2623 4537 haeresi
2648 4480 2742 4535 illa
2767 4480 3157 4552 praetermissa,
3181 4482 3464 4550 deinceps,

1821 4552 1866 4609 D
1896 4569 2243 4632 charissimi,
2283 4569 2350 4624 ad
2398 4578 2700 4640 praeruptas
2730 4570 2867 4625 alias
2894 4570 3012 4626 vias
3052 4587 3117 4625 ac
3154 4571 3466 4628 salebrosas

1895 4678 1985 4718 me
2013 4660 2315 4726 conseram,
2358 4676 2466 4717 non
2501 4669 2562 4714 ut
2596 4662 2698 4715 iter
2727 4676 2825 4732 per
2871 4662 2993 4717 illas
3033 4661 3249 4729 faciam,
3282 4662 3374 4717 sed
3409 4673 3468 4716 ιιι

1895 4752 2130 4808 eminus.
2174 4753 2245 4809 iis
2299 4759 2764 4818 commonstrem,
2814 4752 2909 4824 qui
2960 4752 3283 4822 asperitates
3346 4754 3467 4807 illas

1892 4859 2242 4916 cognoscere,
2270 4852 2324 4901 et
2355 4844 2423 4900 ad
2449 4851 2657 4900 arctam
2689 4844 2836 4899 illam
2873 4855 3268 4916 angustamque
3298 4844 3463 4911 viam,

1890 4950 2014 5003 quae
2048 4933 2119 4989 ad
2146 4943 2404 4991 aeternam
2445 4934 2613 4989 vitam
2642 4935 2911 5006 perducit,
2939 4934 3237 5007 confugere
3276 4935 3462 4991 volue-

1889 5027 2019 5092 rint,
2058 5027 2227 5081 latam
2274 5041 2406 5082 vero
2456 5040 2521 5080 ac
2559 5027 2856 5095 spatiosam
2907 5026 3072 5081 aliam
3130 5026 3461 5096 relinquere,

1886 5132 2008 5186 quae
2029 5118 2203 5187 spinis
2226 5117 2547 5186 intercepta,
2571 5124 2626 5172 et
2639 5116 2980 5173 offendiculis
3005 5116 3288 5186 impedita,
3304 5131 3464 5172 coeno

1885 5208 2085 5275 obsita,
2113 5216 2168 5263 et
2216 5209 2539 5265 libidinibus
2586 5223 2650 5264 ac
2700 5207 2923 5280 flagitiis
2957 5205 3211 5261 omnibus
3248 5216 3328 5261 est
3373 5224 3463 5264 re-

1887 5300 2046 5356 ferta.
2077 5300 2247 5369 Cujus
2278 5301 2497 5370 quidem
2529 5300 2903 5369 impudicitiae,
2939 5311 3003 5354 ac
3039 5297 3281 5353 libidinis
3310 5299 3457 5354 simi·

1885 5387 2170 5442 litudinem
2201 5386 2368 5444 refert
2384 5404 2557 5459 genus
2579 5387 2711 5442 illud
2742 5387 3011 5457 serpentis
3036 5387 3459 5449 atrocissimum,

1883 5479 1972 5531 eni
2005 5487 2189 5546 partus
2226 5481 2454 5549 expertis
2485 5481 2675 5540 vineroe
2712 5493 2912 5534 nomen
2945 5486 3193 5535 vetustas
3241 5479 3457 5534 indidit.

1882 5567 2057 5638 liujus
2089 5570 2233 5624 enim
2288 5576 2481 5625 natura
2522 5572 2737 5625 illorum
2780 5571 3040 5641 nequitiae
3084 5584 3248 5641 quam
3284 5569 3462 5624 simil-

1882 5659 2009 5719 lima
2048 5670 2135 5719 est
2163 5678 2177 5715 ι
2217 5661 2308 5735 qni
2348 5676 2472 5720 cnm
2507 5663 2767 5719 masculis
2799 5671 2891 5722 aut
2922 5661 3141 5721 feminis
3168 5659 3463 5734 turpitudi-

296 5811 374 5868 ¹1?
377 5824 496 5868 orte
527 5814 750 5869 τούτων.
824 5817 844 5847 ⁸
880 5815 1013 5871 Vide
1039 5834 1108 5872 an
1138 5822 1319 5889 νοθείᾳ
1344 5818 1540 5871 melius
1571 5815 1661 5870 sit.
1740 5813 1762 5848 ⁸
1797 5816 1942 5871 Psal.
1971 5830 2125 5884 unt,
2158 5816 2212 5873 8.
2292 5818 2311 5849 ¹·
2339 5815 2485 5875 Psat.
2515 5835 2612 5885 vn,
2652 5817 2732 5873 Π.

536 5906 801 5967 Parnoi„
850 5910 893 5969 G
909 5929 964 5969 ιι.
1002 5912 1050 5969 X
1068 5911 1159 5969 Ll.

3058 5913 3132 5969 12
