3850 6517
270 447 364 500 m

930 445 1299 505 ADVERSUS
1340 448 1682 505 HAERESES
1718 446 1848 508 Lm.
1882 447 1920 502 1.
1966 445 2128 502 'rottz
2172 447 2213 502 1.
2255 476 2323 487 —
2361 444 2631 501 HAERES.
2672 443 2810 501 l-tV.

3410 443 3514 502 ΠΒ

263 563 706 636 ὑπερὸάλλουσαν
727 565 835 620 τῶν
877 566 971 621 τοῦ
1005 568 1141 623 Θεοῦ
1181 571 1383 625 δούλων
1406 571 1649 643 ἀγάπην,
1696 572 1776 634 είς
1812 568 1841 622 δ
1869 586 1918 643 A
1947 580 2175 622 numero
2205 580 2305 621 vos
2333 564 2437 636 ipsi
2462 581 2709 636 quoque,
2746 566 2911 623 Aeaci
2941 580 3005 622 ac
3036 564 3198 621 Panic
3227 554 3513 622 venei-andi

263 654 559 727 παρελθεῖν
605 655 969 730 κατηξίωμαι,
1021 659 1084 713 ού
1126 660 1194 714 δι’
1245 660 1500 726 εὐεπείας
1530 660 1725 731 λόγων,
1773 660 1834 714 οὔ

263 745 565 816 στωμύλοις
609 747 719 802 τισὶ
760 746 1048 817 φθογγαῐς,
1093 749 1210 804 ἀλλ’
1252 750 1396 822 ἀπλῇ
1438 753 1506 823 τῇ
1548 749 1834 820 διαλέκτῳ,

264 831 419 904 ἁπλῷ
446 831 524 904 τῷ
547 832 709 906 λόγῳ,
748 834 1004 909 ἀκριδείᾳ
1025 837 1082 890 δὲ
1114 837 1222 893 τῶν
1257 839 1316 892 εν
1352 838 1432 910 τῷ
1458 839 1602 910 λόγῳ
1649 837 1839 910 δηλου-

266 925 440 997 μένων
467 925 697 999 ἀρξομαι
721 926 814 981 τοῦ
839 926 1038 997 λέγειν,

1942 657 2163 718 statres,
2193 664 2248 711 et
2290 656 2666 711 honestissimi
2720 658 3012 714 sacerdotii
3046 659 3286 729 collegae,
3314 656 3454 712 idem
3482 674 3514 715 a

1944 763 2032 804 me
2079 744 2411 820 propheticis
2457 744 2658 801 litteris
2689 747 3028 816 postulastis.
3058 748 3224 821 lgitnr
3256 746 3516 820 qnoniam

1951 853 2057 893 non
2087 836 2207 893 sine
2238 833 2425 889 divino
2450 831 2702 898 Numine,
2731 847 2798 889 ex
2832 835 3093 890 immensa
3113 837 3204 893 Dei
3233 849 3516 893 serrorum

1952 929 2221 985 charitate
2248 934 2328 982 tot
2360 925 2417 981 in
2447 938 2615 979 unum
2646 925 2803 981 video
2825 927 3021 981 collata
3054 928 3375 998 petitionum
3402 923 3522 982 suf-

264 1019 458 1088 fragia,
493 1019 638 1090 quod
664 1035 694 1074 a
729 1035 816 1076 me
845 1027 958 1076 tam
995 1021 1159 1078 enixe
1209 1019 1506 1094 flagitatum
1534 1027 1652 1086 est,
1685 1019 1839 1076 nullo
1886 1035 2064 1092 noque
2101 1016 2368 1074 orationis
2391 1016 2566 1084 cultu,
2606 1031 2783 1086 neque
2817 1031 3013 1073 vocum
3057 1017 3375 1083 lenociniis,
3421 1013 3517 1074 sed

264 1110 605 1180 simplicibus
656 1112 876 1178 verbis,
906 1111 1137 1184 rudique
1191 1127 1476 1178 sermone,
1529 1112 1836 1169 certissima
1878 1119 2059 1168 tamen
2088 1108 2334 1168 omnium
2366 1122 2487 1166 ouae
2537 1106 2889 1180 proponenda
2938 1115 3068 1165 sunt
3113 1106 3252 1175 fide,
3301 1106 3517 1163 initium

263 1201 476 1256 dicendi
516 1202 734 1259 faciam.

333 1294 406 1352 Γ.
443 1297 550 1350 Καὶ
579 1298 878 1370 Νίκανδρος
913 1299 1012 1370 μὲν
1039 1301 1072 1354 δ
1099 1302 1448 1374 συγγραφεὺς
1461 1298 1644 1373 θηρῶν
1661 1317 1720 1354 τε
1740 1299 1836 1355 καὶ

263 1388 507 1459 ἑρπετῶν
550 1390 844 1461 ἐποιήσατο
878 1391 986 1445 τῶν
1015 1392 1229 1462 φύσεων
1275 1394 1374 1464 τὴν
1409 1394 1644 1462 γνῶσιν·
1687 1392 1836 1447 ἄλλοι

262 1478 318 1531 δὲ
348 1481 680 1552 συγγραφεῖς
725 1479 893 1552 ῥιζῶν
923 1498 984 1535 τε
1025 1483 1121 1535 καὶ
1165 1481 1404 1553 βοτανῶν
1435 1481 1535 1546 τὰς
1566 1481 1697 1546 ὔλας
1717 1496 1731 1511 ·
1759 1480 1838 1546 ὡς

262 1570 646 1642 Διοσκουρίδης
681 1571 781 1642 μὲν
809 1573 838 1626 ὁ
881 1572 1162 1644 ύλοσόμος,
1205 1574 1491 1644 Πάμφιλός
1531 1590 1592 1626 τε
1631 1572 1707 1644 (ὅ)
1740 1570 1838 1626 καὶ

261 1658 598 1733 Μιθριδάτης
634 1664 663 1716 ὁ
694 1662 965 1734 βασιλεὺς,
1002 1663 1366 1738 Καλλισθένης
1399 1682 1459 1718 τε
1509 1664 1605 1720 καὶ
1641 1663 1834 1726 Φίλων,

274 1750 470 1814 Ἰόλαος
513 1767 574 1804 τε
604 1754 634 1806 ὁ
661 1751 912 1818 Βιθυνὸς,
947 1754 1043 1808 καὶ
1103 1754 1461 1827 Ἡρακλείδης
1495 1755 1525 1807 ὁ
1569 1754 1833 1826 Ταραντι-

259 1841 518 1913 ὡς’(ὄ),
573 1845 863 1916 Κρατεύας
905 1847 935 1899 ὁ
980 1845 1286 1920 ῥιζοτόμος,
1343 1845 1593 1918 Ἀνδρέας
1637 1860 1698 1897 τε
1744 1843 1837 1898 καὶ

259 1931 469 1996 Βᾶσσος
495 1936 527 1988 ὁ
558 1933 751 1999 Τύλιος
783 1935 880 2008 (6),
908 1936 1244 2008 Νικήρατος,
1278 1937 1373 1990 καὶ
1409 1933 1711 2007 Πετρώνιος
1739 1933 1836 1987 Νί-

257 2040 359 2095 γερ
385 2024 485 2095 (7),
529 2025 623 2079 καὶ
663 2026 930 2092 Διόδοτος,
959 2028 1055 2081 καὶ
1098 2027 1247 2082 ἄλλοι
1271 2027 1434 2091 τινές.
1481 2024 1572 2098 Ἰῖἶ)
1600 2025 1657 2079 δὲ
1686 2023 1835 2095 αὐτῷ

257 2115 445 2186 τρόπῳ
491 2116 587 2170 καὶ
630 2119 793 2188 ἡμεῖς
839 2117 938 2183 τὰς
981 2118 1092 2172 τῶν
1133 2118 1398 2191 αίρέσεων
1448 2117 1604 2191 ῥίζας
1648 2133 1706 2170 τε
1741 2115 1837 2169 καὶ

257 2205 480 2278 γνώμας
509 2207 836 2278 πειρώμενοι
865 2209 1292 2274 ἀποκαλύπτειν,
1322 2209 1384 2263 ού
1424 2207 1626 2280 βλάὃης
1649 2206 1837 2260 ἕνεκεν

256 2300 369 2362 τοϊς
412 2299 845 2370 ἐντυγχάνουσιν,
890 2300 1028 2356 ἀλλὰ
1058 2301 1307 2373 καθάπερ
1346 2303 1457 2365 τοῖς
1497 2298 1833 2372 προειρημέ-

261 2404 370 2453 νοις
399 2389 772 2463 συγγραφεῦσι
808 2389 901 2444 διὰ
941 2391 1175 2462 σπουδῆς
1218 2391 1432 2460 ἐγένετο
1464 2388 1523 2442 ού
1567 2386 1627 2441 τὸ
1666 2386 1836 2441 κακὸν

267 2481 523 2549 σημᾶναι,
571 2480 708 2535 ἀλλά
737 2483 872 2554 πρὸς
917 2482 1078 2552 φόδον
1122 2481 1217 2536 καὶ
1262 2481 1559 2552 ἀσφάλειαν
1600 2478 1721 2550 τῆς·
1743 2478 1837 2533 ἀν·

266 2567 544 2641 θρωπείας
592 2570 827 2638 φύσεως,
876 2573 957 2633 είς
998 2571 1060 2624 τδ
1107 2571 1392 2641 γινώσκειν
1435 2569 1506 2624 τὰ
1549 2568 1697 2624 δεινά
1740 2568 1838 2623 καὶ

260 2660 537 2731 ὀλετήρια,
586 2660 682 2714 καὶ
727 2658 1251 2733 προασφαλίζεσθαι,
1303 2660 1396 2714 καὶ
1438 2659 1836 2732 διαδιδράσκειν

259 2751 357 2802 σὺν
388 2752 455 2820 τῇ
495 2749 588 2821 τοῦ
620 2750 757 2804 Θεοῦ
785 2751 1034 2822 δυνάμει,
1065 2749 1153 2804 διὰ
1187 2750 1281 2826 τοῦ
1310 2750 1598 2823 προσέχειν
1635 2752 1728 2806 καὶ
1761 2749 1836 2823 μὴ

257 2841 704 2912 συναμιλλᾶσθαι.
757 2843 883 2907 Τοῖς
933 2841 990 2895 δὲ
1032 2843 1126 2897 καὶ
1172 2843 1435 2908 τοιούτοις
1464 2842 1833 2916 περιτυχοῦσι,

255 2934 350 2989 καὶ
382 2932 486 2987 ὑπὸ
514 2934 623 2988 τῶν
664 2937 921 2989 τοιούτων
951 2933 1433 2997 ἑπιὸουλευθεῖσιν,
1478 2934 1512 3008 ἢ
1555 2935 1622 2989 δι’
1660 2937 1836 3007 ἐμφυ-

256 3025 518 3097 σήματος,
568 3027 601 3096 ἢ
650 3026 950 3099 δήγματος,
1000 3028 1033 3097 ἢ
1071 3025 1322 3099 Θεωρίας,
1364 3028 1415 3081 oi
1462 3027 1615 3080 αὐτοὶ
1659 3025 1835 3080 ταῦτα

257 3118 706 3188 μεριμνήσαντες,
732 3100 847 3171 ’καὶ
887 3117 1222 3190 ἀλεξητήρια
1251 3115 1421 3188 ῥιζῶν
1459 3133 1520 3170 τε
1549 3117 1645 3170 καὶ
1677 3116 1835 3188 βοτα-

2014 1293 2106 1351 tn.
2142 1294 2220 1350 Αο
2246 1292 2519 1350 Nicander
2550 1292 2768 1366 quidem
2800 1301 2958 1367 poeta
2991 1291 3059 1352 de
3093 1289 3424 1367 serpentium
3456 1303 3520 1350 ac

1943 1387 2216 1457 reptilium
2247 1392 2443 1441 natura
2471 1385 2753 1443 disseruit.
2802 1385 2909 1441 Alii
2958 1400 3086 1442 vero
3125 1386 3422 1455 scriptores
3453 1386 3522 1443 de

1943 1477 2192 1534 radicum
2222 1477 2626 1548 herbarumque
2651 1476 2859 1532 viribus
2889 1476 3315 1532 commentarios
3335 1474 3523 1534 edide-

1943 1577 2092 1635 runt,
2124 1574 2185 1624 ut
2223 1566 2571 1624 Dioscorides
2616 1567 2943 1635 herbarius,
2972 1577 3027 1625 et
3076 1566 3423 1638 Pamphilus.
3456 1582 3522 1623 ac

1943 1658 2284 1715 Mithridates
2317 1673 2434 1722 rex,
2459 1663 2514 1714 et
2543 1656 2932 1724 Callisthenes,
2988 1673 3053 1714 ac
3086 1656 3272 1726 Philo,
3307 1674 3520 1715 necnon

1943 1756 1997 1805 et
2023 1747 2202 1805 lolaus
2227 1747 2513 1821 Bithynus,
2534 1759 2586 1805 et
2603 1746 2917 1807 Heraclides
2937 1747 3294 1816 Tarentinus,
3314 1759 3370 1807 et
3393 1750 3523 1808 Cra-

1945 1851 2096 1899 tevas
2150 1841 2459 1907 herbarius,
2487 1848 2543 1898 et
2580 1842 2849 1911 Andreas,
2879 1858 2944 1900 ac
2974 1842 3178 1901 Bassus
3228 1841 3442 1917 Tyiius,
3467 1855 3522 1900 et

1938 1931 2247 1998 Niceratus,
2283 1948 2347 1988 ac
2379 1931 2670 1990 Petronius
2697 1934 2882 2007 Niger,
2913 1942 2967 1992 et
2998 1934 3281 2002 Diodotus,
3317 1933 3524 2008 aliique

1938 2022 2206 2079 nonnulli.
2255 2021 2501 2090 Quorum
2535 2025 2785 2098 exemplo
2845 2041 2945 2083 nos
2994 2025 3274 2083 haercseon
3309 2026 3522 2085 radices

1936 2123 1993 2169 ct·
2020 2113 2308 2184 opiniones
2340 2115 2654 2187 patefacere
2693 2116 3044 2183 conabimur,
3069 2132 3179 2174 non
3229 2123 3292 2172 ut
3340 2114 3521 2173 fraudi

1936 2203 2237 2260 lectoribus
2264 2205 2369 2262 ista
2399 2204 2545 2262 sint:
2564 2204 2662 2262 scd
2685 2197 3148 2278 quemadmodum
3171 2223 3311 2278 quos
3335 2208 3520 2281 proxi-

1937 2311 2023 2352 me
2050 2297 2472 2354 commemoravi
2516 2299 2849 2370 scriptores,
2881 2316 2989 2356 non
3039 2309 3101 2357 ut
3133 2303 3337 2358 malum
3377 2302 3519 2359 indi·

1937 2396 2127 2444 carent
2161 2386 2267 2443 ista
2299 2387 2686 2455 tradiderunt,
2731 2390 2828 2446 sed
2862 2399 2922 2445 ut
2955 2391 3257 2448 humanum
3286 2392 3391 2448 sibi
3421 2407 3519 2466 ge·

1938 2494 2043 2537 nus
2065 2486 2305 2546 caveret,
2335 2495 2399 2536 ac
2435 2480 2721 2537 securitati
2755 2496 2869 2538 suae
2889 2482 3238 2547 consuleret,
3283 2482 3411 2537 dum
3452 2482 3521 2539 iis

1938 2587 2059 2644 quae
2087 2570 2395 2644 perniciosa
2439 2587 2503 2627 ac
2537 2570 2759 2628 lethalia
2789 2568 2964 2628 forent
3012 2571 3279 2643 cognitis,
3328 2571 3515 2642 opitu·

1938 2660 2083 2718 larte
2130 2662 2239 2718 Deo
2280 2662 2544 2718 adversus
2591 2660 2707 2716 haec
2740 2659 2953 2717 munire
3005 2677 3097 2725 se,
3140 2676 3204 2716 ac
3243 2659 3522 2718 declinare

1939 2762 2181 2824 possent,
2208 2751 2423 2825 sibique
2462 2751 2817 2825 providerent
2849 2752 2992 2822 ipsi,
3040 2767 3142 2807 nec
3183 2767 3305 2808 cum
3336 2751 3521 2809 noxiis

1936 2847 2047 2901 illis
2086 2845 2252 2901 rebus
2301 2845 2539 2917 experiri
2579 2845 2804 2921 yellent.
2852 2844 3030 2916 Atque
3070 2851 3130 2899 ut
3161 2845 3408 2900 onmium
3463 2845 3521 2901 in

1936 2938 2165 3010 gratiam
2201 2938 2289 3009 qui
2326 2936 2383 2992 in
2417 2945 2704 3009 serpentes
2737 2936 3125 3001 incurrissent,
3155 2942 3250 2990 aut
3273 2947 3522 3007 quoquo·

1940 3028 2100 3086 modo
2133 3026 2432 3101 perniciem
2458 3027 2528 3083 ab
2556 3027 2625 3084 iis
2655 3026 3088 3091 contraxissent,
3114 3025 3229 3081 sive
3261 3019 3524 3095 pestifero

1938 3119 2176 3192 quodam
2210 3117 2417 3187 afflatu,
2454 3119 2570 3176 sive
2603 3135 2792 3176 morsu
2813 3159 2829 3184 ,
2862 3118 2979 3176 sive
3008 3127 3234 3189 aspectu
3288 3115 3524 3187 denique

252 3206 357 3260 νῶν
392 3207 788 3277 προετύπωσαν
831 3207 971 3279 πρὸς
1009 3207 1268 3279 ἀθέτησιν
1294 3208 1396 3278 τῆς
1426 3205 1536 3259 τῶν
1576 3222 1834 3278 προειρη·
1861 3224 1902 3282 c
1940 3214 2060 3285 ipso
2084 3212 2280 3279 vitiati,
2306 3212 2472 3268 iidem
2500 3212 2577 3266 illi
2607 3211 2701 3283 qui
2731 3211 2787 3267 in
2814 3208 3085 3281 eiusmodi
3108 3204 3523 3263 lucubrationes

256 3297 433 3368 μένων
474 3297 721 3369 ἑρπετῶν
760 3297 1096 3370 μοχθηρίας·
1140 3297 1284 3351 οὕτω
1325 3296 1419 3351 καὶ
1451 3298 1586 3369 ἡμίν
1631 3296 1694 3349 τὸ
1739 3296 1836 3350 πό-

253 3406 403 3460 νημα
457 3388 543 3442 διὰ
587 3389 690 3460 τῆς
736 3389 847 3442 τῶν
903 3389 1316 3462 προειρημένων
1369 3389 1689 3460 προτροπῆς
1741 3389 1836 3442 καὶ

255 3476 432 3549 ἡμῶν,
469 3474 859 3540 ποθεινότατοι,
889 3479 970 3540 είς
1010 3477 1070 3531 τὸ
1111 3476 1460 3547 ἀποκαλύψαι
1504 3475 1612 3530 τῶν
1648 3476 1836 3530 δεινῶν

258 3567 502 3640 ἑρπετῶν
527 3565 624 3619 καὶ
654 3564 860 3638 θηρίων
885 3567 1096 3639 μορφάς
1125 3583 1185 3620 τε
1209 3565 1439 3638 ἀνιαράς
1464 3565 1568 3620 καὶ·
1582 3564 1838 3639 δήγματα

256 3657 530 3730 ὀλετήρτα.
577 3654 720 3725 Πρὸς
762 3656 1037 3711 ἀντίθεσιν
1069 3656 1127 3710 δὲ
1168 3655 1393 3721 τούτων,
1441 3656 1648 3727 ὅσαπερ
1682 3654 1841 3710 δυνά·

265 3748 401 3817 ρεθα
449 3750 505 3800 ὲν
557 3746 802 3819 συντόμῳ
852 3748 907 3801 εἴ
933 3764 1037 3800 που
1067 3747 1124 3798 ἓν
1164 3746 1199 3816 ἢ
1241 3745 1336 3799 δύο
1388 3747 1609 3816 ῥήματα
1655 3748 1737 3810 είς
1779 3744 1842 3799 τὸ

258 3837 703 3911 ἀνακρούσασθαι
768 3838 867 3910 μὲν
910 3837 1093 3893 αὐτῶν
1137 3835 1229 3888 τδν
1275 3837 1375 3900 ἰὸν,
1422 3836 1592 3889 σῶσαι
1640 3835 1698 3889 δὲ
1747 3835 1840 3890 τδν

263 3931 587 4000 βουλόμενον
619 3927 760 3999 μετὰ
789 3931 878 3981 τὸν
905 3926 1132 3998 Κύριον,
1154 3925 1402 3980 καὶκατὰ
1426 3927 1677 3982 ἑκουσίαν
1700 3927 1839 3998 γνώ-

265 4035 376 4090 μην
402 4021 493 4070 καὶ
534 4017 796 4070 ἀκουσίαν
830 4018 910 4081 εἰς
938 4015 1009 4069 τὰ
1051 4015 1191 4070 αὐτὰ
1238 4015 1514 4086 έρπετώδη
1544 4016 1652 4071 τῶν
1684 4017 1835 4090 αἱρέ-

266 4128 403 4165 σεων
456 4093 759 4182 διδάγματα
817 4107 1293 4182 παραπεπτωκότα
1338 4106 1627 4162 ἀντιδότων
1672 4107 1834 4181 δίκην

265 4201 712 4274 παραθησόμεθα.

1932 3304 2318 3370 incubuerant,
2352 3308 2546 3360 contra
2577 3301 2792 3357 illarum
2820 3301 2973 3357 virus
3002 3297 3248 3371 quaedam
3276 3313 3344 3354 ex
3370 3296 3523 3353 radi-

1931 3395 2090 3451 cibus
2123 3405 2286 3467 atque
2314 3394 2499 3450 herbis
2542 3395 2782 3452 remedia
2813 3404 3242 3468 compararunt:
3281 3395 3364 3451 sic
3414 3408 3520 3451 nos

1933 3484 2178 3556 ejusdem
2211 3483 2447 3540 instituti
2469 3500 2613 3556 opus
2650 3485 2799 3543 istud
2829 3501 2955 3542 cum
2988 3500 3182 3542 corum
3220 3500 3360 3557 quos
3392 3494 3523 3541 ante

1935 3573 2069 3640 dixi,
2100 3580 2218 3629 tum
2246 3580 2449 3641 vestro,
2476 3572 2532 3647 4
2554 3574 2754 3633 fratres
2782 3574 3119 3641 charissimi,
3152 3569 3375 3632 hortatu
3396 3589 3522 3631 sus-

1937 3664 2219 3737 cepimus,
2259 3673 2320 3719 ut
2341 3664 2668 3720 exitialium
2724 3675 3040 3737 serpentum
3094 3679 3160 3721 ac
3217 3665 3519 3722 bestiarum

1944 3755 2209 3811 molestas
2260 3753 2475 3826 species
2520 3770 2585 3810 ac
2629 3755 2880 3812 letiferos
2938 3768 3159 3812 morsus
3208 3753 3522 3825 explicare-

1940 3859 2085 3900 mus.
2114 3843 2173 3900 ln
2202 3859 2313 3916 quo
2354 3843 2577 3916 quidem
2607 3845 2712 3903 hoc
2742 3860 2853 3901 una
2885 3845 3287 3918 praestabimus,
3325 3850 3385 3900 ut
3422 3843 3519 3899 ad·

1937 3950 2131 3991 versus
2165 3935 2260 3994 illa
2292 3935 2559 4008 quidquid
2599 3935 2656 3992 in
2701 3937 2862 3994 nobis
2888 3937 3055 3994 situm
3112 3936 3251 4002 erit,
3308 3934 3519 4007 paucis,

1938 4042 2046 4084 uno
2078 4022 2289 4084 scilicet
2335 4037 2502 4099 atque
2551 4028 2730 4084 alteru
2762 4028 2961 4098 verbo,
3015 4029 3166 4086 velut
3213 4026 3520 4084 antidotum

1933 4127 2299 4187 opponamus,
2328 4131 2438 4189 quo
2485 4127 2541 4174 et
2574 4117 2793 4174 illorum
2842 4134 3052 4176 venena
3096 4119 3516 4193 propulsemus.

1932 4212 1987 4259 et
2016 4208 2315 4263 secundum
2348 4207 2540 4278 Deum,
2580 4209 2909 4281 quemlibet,
2936 4210 3031 4282 qui
3080 4211 3163 4268 vel
3192 4217 3387 4282 sponte
3429 4206 3509 4265 vei

260 4297 465 4352 invitus
498 4297 553 4353 in
585 4295 845 4352 haeretica
888 4295 981 4351 iila
1009 4293 1296 4365 dogmata,
1329 4295 1475 4350 velut
1524 4303 1841 4366 serpentum
1881 4298 2033 4358 virus
2097 4302 2374 4370 inciderit,
2439 4303 2729 4377 siquidem
2770 4305 2900 4363 velit
2928 4305 3076 4377 ipse,
3107 4305 3341 4363 liberare
3392 4319 3520 4377 pos·

259 4389 450 4446 simus·

327 4488 400 4538 Δ’.
443 4484 550 4539 Καὶ
582 4485 690 4558 γὰρ
715 4484 970 4556 ἀπαρχῆς
1014 4482 1186 4555 Ἀδὰμ
1213 4485 1289 4556 τῇ
1315 4483 1447 4556 ἕκτῃ
1473 4483 1657 4557 ἡμέρᾳ
1692 4483 1831 4539 πλα-
1863 4495 1913 4556 1)
2009 4480 2101 4539 Ν.
2125 4483 2338 4541 Etenim
2360 4484 2603 4543 Adamus
2620 4485 2779 4544 initio
2791 4502 2974 4544 rerum
2995 4489 3239 4545 omnium
3253 4495 3407 4544 sexta
3423 4488 3514 4547 die

258 4574 404 4639 σθεὶς
433 4576 542 4630 ἀπὸ
561 4576 686 4647 γῆς,
714 4577 811 4630 καὶ
839 4574 1020 4630 λαθὼν
1048 4575 1109 4629 τὸ
1135 4575 1435 4647 ἐμφύσημα
1465 4573 1830 4646 ὲζωογονὴθη.

256 4671 332 4722 Ού
357 4667 488 4740 γὰρ,
513 4668 587 4732 ῶς
619 4685 761 4732 τινες
793 4668 1016 4732 οἴονται,
1047 4666 1155 4720 ἀπὸ
1193 4666 1450 4738 πέμπτης
1478 4665 1700 4737 ῆρξατο,
1740 4667 1834 4719 καὶ

255 4759 314 4810 ὲν
354 4761 421 4829 τῇ
450 4759 584 4830 ἕκτῃ
624 4758 869 4829 ὲπλάσθη
889 4775 904 4789 ·
934 4757 1196 4826 ἔσφαλται
1221 4757 1331 4830 γὰρ
1363 4759 1396 4830 ἠ
1423 4756 1532 4808 τῶν
1568 4755 1834 4825 λεγόντων

253 4848 413 4904 τοῦτο
463 4849 689 4904 διάνοια.
749 4847 982 4914 Ἀπλοῦς
1024 4849 1046 4882 ⁸
1098 4865 1160 4903 τε
1204 4845 1274 4918 ἦν
1321 4847 1413 4901 καὶ
1457 4846 1682 4911 ἄκακος,
1732 4847 1835 4902 οὐκ

255 4940 428 5013 δνομά
470 4957 523 4994 τι
557 4939 893 5011 κεκτημένος
934 4940 1141 5014 ἕτερον,
1188 4941 1253 4994 οὐ
1292 4938 1471 5012 δόξης,
1496 4940 1556 4994 ού
1584 4938 1835 5012 γνώμης.

323 5101 347 5135 ⁴¹
374 5098 496 5156 Vct.
528 5101 876 5173 Ταραιγινός.
948 5100 970 5133 ⁸
999 5102 1105 5169 Γρ.
1143 5099 1346 5165 ἁπλοῦς
1368 5095 1483 5154 οὖν.

328 5216 744 5290 (⁴)11da50120'c
797 5235 883 5273 τε.
917 5215 1013 5274 Rei
1068 5216 1331 5274 herbariae
1377 5218 1820 5289 scriptos-esau·

256 5295 390 5356 quot
448 5295 716 5351 recenset,
755 5303 986 5359 quorum
1038 5289 1326 5359 plerosque
1374 5288 1718 5344 Dioscorides
1764 5288 1821 5343 in

259 5356 584 5415 Praefatione
628 5366 1041 5421 commemorat,
1091 5367 1153 5412 et
1196 5356 1338 5412 Plin.
1393 5357 1490 5412 lib.
1532 5375 1571 5413 1.
1633 5356 1692 5412 ln
1738 5357 1825 5412 bis

261 5426 578 5497 Pamphilus
615 5428 705 5483 illc
756 5429 872 5498 ipse
909 5426 1121 5483 videtur
1154 5442 1297 5488 esse,
1327 5426 1394 5482 de
1429 5442 1541 5497 qno
1589 5427 1822 5494 Suidas;

261 5497 530 5566 quiinter
566 5505 760 5553 caetem
804 5496 1194 5568 Georgicorum
1234 5505 1347 5552 tres
1416 5498 1584 5554 libros
1630 5498 1820 5559 edidit,

260 5568 437 5691 patria
489 5567 876 5638 Amphipolim,
917 5567 1002 5649 yet
1045 5566 1356 5639 Sicyonius,
1383 5568 1473 5623 vet
1497 5566 1822 5648 Nicopolita.

259 5652 493 5763 sii‘ii‘i
506 5637 1288 5769 ”ssssssssssiiciifffflffleiiffiip‘ssi
1308 5638 1367 5761 ’Ξ
1393 5647 1564 5762 illia?
1578 5636 1830 5787 &303221

336 5775 416 5846 (5)
466 5775 574 5830 Καὶ
616 5774 999 5844 Ἡρακλείδης
1038 5777 1073 5829 ό
1133 5776 1504 5844 Ταραντινός.
1545 5774 1759 5830 Cttatur
1799 5787 1833 5829 a

265 5845 472 5903 Caleno
500 5846 556 5902 in
589 5845 746 5903 libris
776 5842 854 5899 De
884 5861 1113 5916 contpos.
1136 5844 1412 5901 medicam.
1431 5843 1583 5921 κατὰ
1609 5844 1833 5913 τόπους

1931 4571 2000 4629 de
2034 4580 2181 4628 terra
2213 4572 2501 4642 formatus,
2529 4575 2716 4631 afflatu
2748 4576 2841 4632 Dei
2868 4578 3017 4633 vitali
3045 4578 3240 4647 spiritu
3264 4576 3528 4648 periusus,

1932 4672 2037 4722 est.
2065 4663 2252 4736 Neque
2280 4666 2425 4721 enim
2450 4705 2466 4732 ,
2522 4673 2582 4721 ut
2616 4669 2897 4724 nonnullis
2941 4667 3151 4737 placet,
3192 4670 3381 4740 quinta
3428 4669 3516 4728 die

1932 4756 2228 4813 inchoatus
2252 4798 2268 4826 ,
2317 4768 2471 4815 sexta
2501 4758 2722 4815 demum
2757 4759 3047 4816 absolutus
3073 4766 3158 4816 est
3189 4779 3201 4815 :
3237 4759 3388 4832 quod
3422 4761 3517 4832 qni

1934 4858 2212 4916 asserunt,
2256 4865 2585 4923 magnopere
2611 4849 2901 4908 falluntur.
2939 4850 3094 4908 Tum.
3120 4867 3251 4910 vero
3289 4850 3518 4925 simplex

1935 4950 2101 5012 atque
2138 4941 2346 5014 integer
2371 4953 2528 5009 erat,
2561 4959 2741 5016 neque
2767 4947 2948 5003 altero
2980 4946 3517 5018 quopiamnomine,

1925 5220 2023 5274 καὶ
2058 5220 2224 5290 γένη.
2287 5235 2499 5276 necnon
2566 5232 2620 5279 et
2674 5224 2745 5278 ab
2773 5221 3034 5278 Athenaeo
3063 5222 3159 5279 lib.
3212 5238 3296 5286 ιιι,
3348 5224 3520 5280 Here-

1925 5290 2088 5344 ctides
2118 5289 2459 5346 Tarentinus.
2497 5291 2642 5348 idem
2683 5301 2738 5347 et
2768 5291 3003 5347 Andreae
3024 5294 3216 5349 medici
3246 5296 3517 5351 meminit.

2000 5360 2077 5431 (6)
2122 5356 2369 5427 Βᾶσσος
2407 5363 2441 5414 ό
2495 5363 2723 5425 Τιἰλιος.
2764 5380 2783 5414 ι
2824 5360 2993 5433 Tylns
3023 5363 3308 5420 Messeniae
3364 5366 3516 5430 urbs,

1930 5431 2357 5571 (ὲᾎὶιίιιιιὲρριιιιὲιιὶὲί
2379 5429 2633 5555 ffizylug:
2646 5441 2909 5558 ειὶιοιῐὲιιιέι
2930 5433 3033 5568 gul
3051 5433 3253 5561 &malim
3276 5434 3373 5489 tib.
3393 5450 3516 5490 vm.

1938 5532 1950 5550 .
2103 5517 2109 5523 ·
2632 5519 2926 5558 ·vxs
3037 5519 3517 5561 cenumuecx

1939 5569 2256 5625 Dioscoride
2309 5568 2516 5633 Βᾶσσος
2556 5571 2587 5624 ὁ
2610 5572 2845 5636 Ἰούλιος.
3070 5521 3102 5576 ι,
3310 5520 3343 5574 q

1982 5639 2089 5721 „s”
2119 5637 2230 5692 Καὶ
2268 5636 2594 5720 Harpen-coc
2625 5643 2822 5766 Νίγερ.
2849 5641 3198 5699 Dioscorides
3234 5641 3513 5696 Petronius

1929 5706 2109 5778 ’Διςσν
2156 5707 2493 5777 conjunctim
2540 5711 2720 5767 habet.
2813 5713 2979 5768 liniue
3011 5725 3143 5766 vero
3200 5710 3511 5765 Petronium

1939 5774 2228 5903 ὃῦὧοῦίῖἕιιιιη
2255 5776 2498 5849 copulat,
2520 5786 2676 5850 quasi
2709 5780 2954 5854 eiusdem
2984 5781 3097 5836 sint
3128 5781 3514 5852 appellationes
