3850 6517
470 495 568 551 35¹

1849 497 1904 551 S.
1952 495 2288 551 Evll‘llANlt

3606 500 3723 558 3³2

477 610 533 663 in
565 607 766 662 mundo
793 605 1149 677 pullularunt.
1172 606 1422 663 homines
1443 609 1721 663 erroribus
1748 610 2033 681 implicati,
2066 621 2108 675 Α
2139 610 2395 683 φυόμενοι
2424 609 2758 681 ἠπατημένοι
2803 609 3098 675 ἄνθρωποι,
3132 609 3317 682 ὥσπερ
3346 611 3453 665 ἀπὸ
3481 615 3721 687 πικρίας

469 710 534 750 ac
555 695 704 750 velut
727 711 792 750 ex
822 696 1187 752 amaritudine
1218 699 1490 768 procreati
1520 698 1749 765 fructus,
1777 703 2033 771 quemad-

469 786 691 839 modum
720 785 895 841 cuivis
930 788 1282 857 perspicuum
1309 795 1415 853 est,
1455 795 1509 844 et
1539 790 1606 845 ad
1628 792 1875 847 veritatis
1902 807 2034 862 pro-

469 876 740 931 bationem
779 892 887 931 non
931 878 1109 932 solum
1148 894 1178 933 a
1210 880 1481 945 fidelihus,
1509 879 1604 938 sed
1625 881 1790 938 etiam
1820 883 1889 938 ab
1918 883 2036 939 inll-

467 964 682 1021 dclibus
728 967 1063 1038 deprehendi
1115 969 1267 1024 nullo
1311 972 1531 1043 negotio
1572 980 1774 1045 potest.
1818 971 2032 1030 Etenim

465 1054 702 1121 vulvam,
739 1070 804 1110 ac
850 1058 1265 1128 turpitudinem,
1319 1069 1627 1132 caeteraque
1667 1062 1721 1118 id
1759 1078 1933 1135 genus
1974 1064 2032 1121 in

458 1163 720 1206 sermone
752 1150 983 1219 jactare,
1027 1167 1209 1209 nonne
1244 1154 1534 1211 ridiculum
1568 1156 1890 1214 mortalibus
1912 1173 2031 1213 om-

465 1239 629 1295 nihus
668 1237 878 1296 Graecis
914 1241 1144 1310 perinde
1175 1259 1240 1298 ac
1276 1245 1546 1311 barbaris,
1582 1247 1925 1318 sapientibus
1953 1246 2032 1303 in·

462 1330 900 1401 sipientibusque
926 1332 1240 1389 videbitur?
1284 1334 1388 1392 Sed
1424 1337 1539 1394 haec
1574 1353 1767 1410 magna
1798 1353 2028 1410 prorsus

460 1421 764 1486 calamitas,
798 1437 862 1477 ac
905 1423 1218 1493 vehemens,
1260 1435 1318 1481 ut
1361 1427 1437 1483 ita
1486 1429 1686 1495 dicam,
1733 1429 2028 1487 infelicitas

459 1519 543 1568 est
575 1530 589 1566 :
621 1511 916 1568 damnatos
957 1514 1102 1579 illos,
1143 1524 1200 1571 et
1233 1532 1421 1574 errore
1453 1519 1710 1590 deceptos
1752 1528 2026 1576 sectarum

458 1601 699 1659 artifices
736 1602 956 1658 incitari
986 1614 1178 1660 contra
1212 1621 1312 1663 nos
1340 1615 1503 1678 atque
1534 1608 1844 1676 insurgere,
1877 1611 2027 1665 velut

461 1692 637 1750 foedas
673 1693 941 1766 quasdam
973 1693 1203 1764 bestias,
1248 1713 1369 1770 quae
1411 1698 1717 1755 molestiam
1761 1698 1921 1756 nobis
1960 1714 2025 1756 ac

458 1785 685 1843 fetorem
717 1793 772 1841 et
815 1787 1086 1856 pruritum
1130 1790 1384 1846 confictis
1417 1790 1525 1846 illis
1562 1788 1681 1847 suis
1724 1791 2024 1848 mendaciis

456 1874 707 1928 atterant.
742 1875 886 1947 Ergo
912 1877 1001 1933 isti
1039 1897 1164 1937 cum
1195 1882 1425 1937 Nicolao
1461 1881 1762 1952 coniuncti,
1785 1889 1841 1936 et
1865 1881 1937 1937 ab
1958 1894 2024 1937 eo

2137 704 2359 774 καρποὶ,
2384 702 2460 765 ὡς
2485 702 2645 754 παντί
2693 718 2770 772 τῳ
2798 700 2955 771 δῆλόν
2985 703 3125 767 ἐστι,
3156 703 3250 755 καὶ
3287 703 3542 776 φωρατὸν
3574 707 3721 779 πρὸς

2134 794 2360 865 δοκιμὴν
2426 792 2703 862 ἀληθείας,
2754 793 2814 847 ού
2860 792 3019 863 μόνον
3055 793 3261 865 εἴποιμι
3304 800 3537 861 πιστοῑς,
3572 799 3720 854 ἀλλὰ

2132 883 2272 953 τάχα
2307 881 2401 936 καὶ
2430 882 2697 947 ἀπίστοις,
2721 880 2871 952 ἐντῷ
2902 881 3092 953 κόσμῳ
3107 883 3463 956 ὲὸλάστησαν.
3492 887 3571 940 Τὸ
3598 889 3720 961 γὰρ

2136 973 2346 1044 μήτραν
2391 971 2480 1025 καὶ
2545 971 2878 1042 αἰσχρότητα
2920 970 3119 1038 λέγειν,
3170 973 3264 1026 καὶ
3291 974 3358 1028 τά
3398 975 3554 1040 ἄλλα,
3591 979 3718 1042 πῶς

2128 1058 2252 1130 ούχὶ
2282 1059 2662 1129 καταγέλαστα
2691 1059 2882 1131 φανείη
2916 1062 3445 1134 πᾶσιν.άνθρώποις,
3479 1066 3714 1140 Ἕλλησί

2128 1166 2188 1203 τε
2214 1151 2309 1203 καὶ
2326 1149 2641 1221 βαρὸάροις,
2681 1152 2863 1218 σοφοῖς
2914 1167 2973 1203 τε
3014 1152 3108 1205 καὶ
3131 1153 3413 1226 ἀνοήτοιςς
3443 1156 3624 1230 Πολλὴ
3645 1159 3713 1212 δὲ

2131 1239 2382 1312 συμφορὰ
2431 1240 2524 1293 καὶ
2552 1238 2803 1309 μεγίστη,
2848 1239 2924 1305 ὡς
2957 1243 3152 1306 εἰπεῖν,
3193 1243 3544 1316 ταλαιπωρία
3581 1250 3714 1312 τοὺς

2128 1329 2186 1382 ὲν
2210 1327 2548 1398 καταγνώσει
2599 1331 2694 1385 καὶ
2738 1332 2797 1386 ὲν
2845 1331 3022 1405 πλάνῃ
3060 1333 3399 1390 ὲπισείεσθαι
3438 1338 3574 1409 ἡμῖν
3599 1341 3715 1395 τῶν

2127 1418 2391 1490 αἱρέσεων
2416 1419 2714 1492 ἀρχηγοὺς,
2768 1422 2864 1476 καὶ
2902 1423 3314 1492 ἐπανίστασθαι,
3349 1427 3540 1502 ὥσπερ
3565 1449 3707 1487 κνω-

2125 1508 2299 1564 δάλων
2338 1508 2559 1581 πλῆθος,
2609 1512 2863 1583 ὀχλήσεις
2886 1530 2945 1567 τε
2980 1515 3072 1568 καὶ
3091 1515 3403 1587 δυσοδμίας,
3434 1524 3707 1594 κνισμούς

2128 1619 2185 1656 τε
2213 1602 2309 1656 καὶ
2341 1602 2663 1674 ἕπεντριὸἀς
2684 1606 2819 1676 ἡμῖν
2845 1606 3207 1677 ἐμποιοῦντας
3232 1608 3321 1662 διὰ
3335 1610 3438 1681 τῆς
3473 1611 3573 1666 τοῦ
3601 1633 3708 1686 μυ-

2126 1691 2343 1748 Θοποιοῦ
2370 1693 2595 1766 πλάνης.
2632 1691 2792 1750 Οὗτοι
2824 1697 2880 1751 δὲ
2903 1697 2954 1751 ot
2983 1697 3157 1770 τούτῳ
3183 1698 3261 1770 τῷ
3293 1700 3550 1774 Νικολάῳ
3580 1722 3707 1761 συν-

2124 1781 2462 1855 εζευγμένοι,
2522 1783 2685 1839 πάλιν
2743 1785 2838 1839 ἀπ’
2871 1786 3038 1840 αὐτοῦ
3080 1787 3157 1852 ὡς
3194 1789 3306 1842 ἀπὸ
3349 1790 3537 1862 οὐρίου
3596 1793 3708 1849 ὼοῦ

2124 1871 2301 1941 ὄφεως
2370 1871 2618 1944 σκορπίοι
2661 1873 2696 1944 ἢ
2744 1873 2803 1940 ἐξ
2849 1873 3090 1929 ἀσπίδων
3127 1880 3547 1950 γεγεννημένοι,
3583 1885 3710 1938 τινὰ

458 1962 605 2018 velut
631 1961 1008 2025 summitatum
1044 1971 1315 2042 serpentis
1346 1984 1450 2026 ovo
1483 1970 1707 2041 scorpii,
1748 1971 1864 2026 sire
1887 1968 2031 2041 aspi·
2059 1977 2103 2033 B
2125 1962 2257 2034 ἡμῖν
2288 1963 2715 2035 παρεῖσφὲρουσῑ
2738 1964 3068 2034 κενοφωνίας
3085 1966 3347 2038 ὀνόματα,
3372 1970 3467 2025 καὶ
3484 1971 3709 2042 βῖὅλῠυς

459 2052 623 2108 dibus
676 2061 925 2127 prognati
972 2061 1220 2132 quaedam
1271 2061 1432 2116 nobis
1482 2059 1716 2114 inaniter
1772 2059 2026 2115 sonantia

460 2141 704 2207 nomina,
736 2145 1016 2218 librosque
1046 2151 1341 2206 commenti
1378 2160 1546 2205 sunt:
1579 2150 1726 2205 velut
1757 2149 1900 2204 inter
1926 2162 2027 2204 οω-

462 2249 611 2291 tcros
633 2253 797 2308 quem
822 2236 1040 2294 Noriam
1072 2238 1365 2309 appellant,
1395 2247 1561 2310 atque
1586 2254 1654 2295 ex
1686 2239 2029 2310 superstitio-

462 2328 542 2383 sis
568 2326 868 2385 Gentilium
915 2329 1265 2401 opinionibus
1297 2329 1656 2387 conformatis
1698 2329 1769 2385 ad
1812 2330 2027 2386 institu-

461 2427 575 2473 tum
606 2434 766 2474 suum
791 2421 953 2491 nugis
984 2421 1094 2476 iltis
1116 2435 1182 2476 ac
1208 2420 1405 2477 fabulis
1428 2420 1650 2478 veritati
1675 2420 2021 2478 mendacium

458 2509 783 2567 admiscent.
815 2512 1027 2583 Quippe
1055 2510 1280 2567 Noriam
1317 2513 1480 2568 istam
1508 2511 1700 2568 Noemi
1734 2510 2021 2583 conjugem

458 2596 687 2655 faciunt.
728 2599 903 2667 Quam
951 2601 1157 2656 idcirco
1200 2599 1422 2656 Noriam
1469 2608 1688 2665 vocant,
1735 2607 1798 2657 ut
1835 2615 1960 2671 qua
1989 2616 2021 2656 a

455 2688 749 2759 gentilibus
781 2690 1106 2746 concinnata
1149 2696 1280 2746 sunt
1317 2689 1566 2748 barbaris
1608 2690 1837 2747 vocibus
1866 2691 2024 2748 dissi·

455 2781 746 2846 mutantes,
774 2782 1170 2839 circumventis
1188 2797 1221 2838 a
1245 2797 1305 2838 se
1330 2781 1641 2838 hominibus
1661 2771 1877 2838 facilius
1896 2783 2022 2838 illu-

452 2868 586 2927 dant
611 2890 624 2927 :
659 2886 769 2943 quo
797 2872 1014 2943 quidem
1049 2881 1229 2944 parto,
1257 2883 1316 2928 ut
1347 2870 1566 2945 Pyrrhae
1591 2874 1919 2929 vocabulum
1942 2873 2024 2929 in·

455 2961 810 3031 terpretando
853 2961 1165 3025 redderent,
1210 2959 1391 3017 Noriae
1425 2961 1843 3032 appellationem
1884 2961 2023 3017 indi·

454 3056 668 3108 derunt.
697 3052 830 3107 Nam
861 3069 983 3108 cum
1020 3069 1159 3108 nura
1192 3052 1335 3123 apud
1374 3053 1628 3109 ltebraeos
1675 3054 1867 3126 ignem,
1907 3066 2017 3108 non

451 3143 544 3197 illa
583 3142 806 3213 quidem
845 3144 1145 3200 secretiore
1174 3144 1383 3215 lingua,
1414 3144 1510 3200 sed
1549 3143 1774 3217 Syriaca
1814 3143 2022 3214 signill-

450 3241 571 3299 (τοι,
600 3233 807 3288 llebraei
836 3235 1103 3304 siquidem
1146 3235 1318 3306 iynem
1365 3234 1557 3291 esauth
1598 3235 1905 3296 nominant,
1938 3234 2016 3290 illi

451 3337 563 3393 prae
586 3324 804 3380 inscitia
823 3335 986 3397 atque
1008 3310 1278 3396 imperitia
1308 3341 1373 3381 eo
1398 3326 1663 3382 vocabulo
1685 3334 1814 3383 sunt
1836 3326 2015 3383 abusi.
2044 3307 2088 3365 C

449 3417 619 3488 Atqui
644 3433 824 3489 neque
853 3416 1058 3488 Pyrrha
1104 3416 1193 3470 illa
1232 3415 1545 3472 Graecorum
1575 3416 1850 3472 celebrata
1884 3416 2018 3472 scri-

448 3507 579 3578 ptis,
613 3521 791 3578 neque
831 3507 902 3561 ab
933 3506 1046 3562 illis
1074 3503 1305 3560 conficta
1351 3502 1537 3567 Nuria.
1581 3504 1676 3561 sed
1707 3504 2016 3562 Bar-thanus

451 3596 642 3654 Noemi
674 3597 880 3667 conjux
912 3596 1035 3651 fuit.
1076 3594 1252 3650 Graeci
1282 3609 1410 3649 vero
1438 3592 1704 3665 Pyrrham
1736 3594 2017 3652 Deucalio-

449 3689 538 3745 nis
559 3702 786 3744 αισι-ειη
806 3685 987 3742 fuisse
1013 3690 1339 3740 memorant.
1366 3682 1504 3738 Tum
1527 3697 1750 3740 causam
1777 3685 2013 3744 afferunt

449 3780 614 3835 iidem
643 3779 741 3843 illi,
773 3778 865 3848 qui
901 3773 1242 3831 Philistionis
1275 3774 1474 3830 mimos
1508 3773 1704 3831 iterum
1730 3776 1891 3846 nohis
1919 3778 2013 3835 ob-

451 3870 697 3926 trudunt.
745 3870 883 3926 Cum
920 3867 1089 3932 enim,
1135 3863 1410 3936 inquiunt,
1454 3864 1512 3921 in
1559 3880 1686 3922 arca
1726 3866 1840 3939 83
1886 3883 2012 3926 esse

521 4034 540 4066 ¹
579 4047 673 4104 γρ.
707 4027 996 4101 παρθένος.

446 4156 501 4202 et
518 4145 849 4204 exsecranda
881 4145 1065 4201 nescio
1086 4160 1207 4209 quae
1248 4144 1519 4216 figmenta,
1543 4141 2007 4222 velut-mysteria,

446 4217 745 4278 traderent,
784 4214 1124 4278 Γνωστικούς
1159 4230 1220 4271 se
1265 4217 1331 4268 ab
1380 4212 1646 4282 exquisita
1701 4210 1790 4265 illa
1827 4225 2009 4266 rerum

446 4286 835 4342 altissimarum
893 4285 1085 4339 notitia
1125 4283 1233 4339 dici
1266 4283 1572 4339 voluerunt.
1617 4281 2007 4350 Augustinus:

448 4354 681 4411 Gnostici
707 4364 917 4426 propter
946 4353 1308 4410 excellentiam
1334 4352 1564 4408 scientim
1589 4351 1669 4405 sic
1695 4366 1750 4405 se
1776 4349 2012 4421 appello-

446 4437 529 4481 tos
551 4439 684 4491 esse,
709 4424 788 4479 vet
821 4424 1079 4494 appellari
1110 4424 1350 4478 debuisse
1376 4421 1695 4494 gloriantur.
1719 4420 1877 4492 Apud
1906 4419 2009 4476 So·

445 4503 674 4558 cratem,
708 4493 804 4576 liu.
848 4509 921 4560 ιν,
960 4509 1082 4580 cap.
1111 4493 1196 4576 ¹82
1230 4493 1367 4550 alias
1398 4491 1504 4575 κβ,
1541 4491 1897 4562 corrigendus
1923 4491 2011 4546 in-

445 4563 1282 4705 'tgggsszgtxt'toeq-tgpdffltinffigggz
1300 4563 1503 4687 (ΙίιςιᾶιιῖιῗιειΙ
1558 4633 1818 4714 abitante,
1839 4647 2011 4702 προσ-

443 4706 583 4760 οικεῖ
604 4704 661 4758 st
689 4703 828 4789 αὐτῇ
859 4703 1088 4776 μοναχὸς
1114 4703 1215 4774 τῆς
1253 4698 1604 4772 παρεμΰολῆς
1635 4718 1744 4755 των
1780 4700 2014 4755 Γνωστι·

442 4774 555 4830 κῶν
579 4774 608 4828 ὀ
637 4773 1034 4845 δοκιμωτατος·
1071 4775 1146 4829 ita
1192 4772 1388 4826 vertit:
1429 4771 1492 4824 Ιπ
1521 4786 1586 4824 ea
1622 4768 1906 4824 monachus
1947 4786 2013 4825 ex

442 4852 589 4900 secto
637 4842 1006 4898 Gnosticorum
1036 4843 1116 4897 vir
1150 4839 1565 4908 spectatissimus
1593 4836 1866 4893 habitavit.
1889 4837 2011 4899 Fal·

444 4912 595 4968 litur.
628 4911 812 4981 Neque
847 4913 990 4967 enim
1031 4927 1095 4966 ex
1128 4920 1237 4964 tam
1278 4911 1489 4978 impura
1533 4917 1681 4964 secta
1723 4907 2012 4964 laudabilis

444 4996 512 5038 ac
555 4983 759 5052 probus
804 4983 1070 5036 exsistere
1116 4979 1420 5034 monachus
1463 4979 1670 5049 potuit3
1720 4992 1896 5047 neque
1944 4976 2012 5032 de

441 5052 735 5107 virtutihus
758 5057 867 5106 t-am
888 5050 1154 5119 exquisite
1173 5048 1472 5118 disputare.
1500 5048 1681 5114 Quare
1706 5047 2011 5111 Γνωστικός

444 5121 629 5178 eodem
654 5136 819 5178 seusu
840 5137 950 5191 quo
969 5120 1219 5176 Clemens
1238 5134 1371 5173 usus
1391 5125 1496 5181 cst,
1521 5127 1571 5173 et
1590 5115 1852 5187 Evagrius
1871 5118 2007 5186 ipse,

445 5193 540 5260 qui
574 5192 769 5247 librum
801 5206 867 5246 co
894 5190 1111 5245 nominc
1140 5188 1512 5257 inscripserat,
1539 5185 1886 5256 accipiendus
1902 5193 2007 5252 est,

446 5276 638 5330 nempe
655 5265 683 5314 ὁ
715 5260 1066 5325 καταξιωθεὶς
1080 5259 1178 5329 τῆς
1197 5256 1466 5324 γνώσεως,
1493 5257 1688 5311 eximia
1707 5257 2009 5311 divinorum

444 5345 620 5383 rerum
649 5331 865 5384 scientia
880 5330 1153 5399 praectitus.
1176 5326 1357 5383 Redeo
1374 5326 1439 5381 ad
1458 5326 1690 5383 haeresin
1715 5325 2009 5381 Gnostico-

444 5414 590 5462 rum,
632 5413 754 5469 quae
794 5414 902 5453 non
942 5414 1050 5454 una
1097 5397 1434 5469 simplexque
1475 5394 1597 5458 fuit,
1635 5395 1730 5452 sed
1767 5394 2007 5451 universi

445 5468 580 5533 fere,
602 5483 741 5539 quos
774 5467 1058 5524 fabulones
1089 5467 1429 5539 Augustinus
1456 5476 1614 5522 vocat
1642 5484 1656 5520 ι
1694 5465 1917 5536 Quique,
1947 5473 2009 5519 ut

447 5538 589 5592 idem
619 5538 716 5600 ait,
749 5536 959 5605 rabulas
989 5553 1174 5600 uanos,
1209 5551 1400 5608 easque
1437 5535 1620 5607 longos
1648 5545 1698 5590 et
1733 5535 2009 5606 perplexas

443 5615 859 5671 contexuerunt,
893 5607 1277 5662 Gnosticorum
1306 5608 1663 5677 appellatione
1690 5614 2003 5662 censentur.

446 5677 800 5748 Epiphanius.
830 5676 972 5731 infra
1016 5676 1147 5732 haer.
1203 5690 1333 5731 xxxi
1379 5676 1483 5733 sub
1532 5675 1778 5742 initium,
1818 5676 2007 5731 decem

443 5747 825 5804 Gnosticorum
866 5758 1064 5817 genera
1098 5745 1248 5809 facit,
1298 5759 1331 5800 a
1377 5745 1599 5803 totidem
1639 5745 1855 5801 illorum
1882 5759 2010 5816 pro·

440 5825 634 5890 pagata
652 5815 906 5878 ducibus.
929 5830 1068 5887 quos
1132 5818 1293 5872 artim
1328 5817 1516 5872 eodem
1563 5817 1659 5871 illo
1703 5816 1844 5880 loco,
1883 5829 2009 5887 par-

440 5887 752 5944 tiuiliaeresi
779 5900 949 5959 ιιι-ιι.
982 5902 1040 5944 ιι.
1124 5930 1138 5956 ,
1171 5897 1484 5959 percenset.
1524 5884 1669 5943 Sunt
1709 5895 1893 5943 autem
1924 5884 2005 5953 hi,

1584 4561 1600 4615 i
1621 4560 1860 4632 quodam
1892 4575 2009 4616 ιιιο-
2041 4587 2085 4645 D

2128 2051 2442 2119 πλάττουσι,
2503 2054 2721 2125 Νωρίαν
2751 2054 2872 2108 τινὰ
2916 2055 3096 2126 βίὸλον
3134 2057 3441 2126 καλοῦντες,
3489 2063 3592 2118 καὶ
3646 2067 3710 2132 ἐξ

2127 2143 2379 2208 ὑπονοίας
2417 2143 2737 2216 Ἑλληνικῆς
2795 2147 3215 2220 δεισιδαιμονίας
3279 2155 3709 2222 μεταποιοῦνεις

2123 2235 2226 2308 τὴν
2249 2237 2378 2309 παρ’
2404 2236 2587 2300 αὐτοῖς
2631 2236 2743 2300 τοῖς
2777 2236 3001 2310 Ἕλλησι
3037 2236 3253 2311 μυθώδη
3303 2240 3581 2312 ῥαψῳδίαν
3609 2246 3708 2299 καὶ

2126 2327 2447 2398 φαντασίαν,
2506 2326 2649 2381 οὕτω
2692 2326 2753 2382 τὸ
2793 2327 2985 2398 ψεῦδος
3040 2329 3107 2401 τῇ
3150 2328 3376 2404 ἀληθεία
3413 2335 3706 2407 παραπλέ·

2124 2432 2299 2474 κουσι.
2333 2417 2551 2488 Ταύτην
2580 2415 2689 2489 γάρ
2743 2434 2877 2487 φασι
2908 2418 3006 2489 τὴν
3039 2419 3259 2491 Νωρίαν
3291 2417 3428 2475 εἶναι
3454 2423 3550 2476 τοῦ
3573 2425 3706 2480 Νῶε

2122 2511 2374 2578 γυναῖκα.
2403 2506 2644 2585 Καλοῦσι
2686 2507 2745 2563 δὲ
2775 2507 3017 2580 Νωρίαν,
3068 2509 3215 2576 ὅπως
3255 2509 3323 2564 τὰ
3370 2510 3707 2584 Ἑλληνικῶς

2122 2599 2276 2672 παρὰ
2312 2601 2426 2664 τοίς
2472 2598 2699 2670 Ἕλλησι
2739 2597 3127 2672 ραψῳδηθὲντα
3158 2600 3312 2655 αὐτοὶ
3336 2600 3703 2674 βαρὸαρικοίς

2120 2689 2347 2761 ὀνόμασι
2396 2691 2881 2762 μεταποιήσαντες,
2955 2693 3070 2755 τοῖς
3125 2693 3497 2764 ὴπατημένοις
3563 2695 3698 2767 παρ’

2121 2780 2300 2836 αὐτῶν
2333 2780 2632 2850 φαντασίαν
2664 2779 3025 2852 ἐργάσωνται,
3043 2781 3131 2837 ἶνα
3156 2782 3222 2854 δὴ
3250 2784 3372 2839 καθ’
3400 2784 3691 2856 ἑρμηνείαν

2120 2872 2388 2945 ποιήσωσι
2410 2871 2473 2926 τὸ
2516 2871 2620 2942 τῆς
2647 2871 2871 2944 Πύρρας
2899 2871 3093 2944 ὄνομα,
3125 2874 3351 2946 Νωρίαν
3384 2873 3533 2929 τοῦτο
3560 2874 3680 2927 ὀνο-

2123 2962 2401 3032 μάζοντες.
2479 2960 2696 3032 Ἐπειδὴ
2746 2960 2856 3034 γὰρ
2904 2962 3075 3036 νουρά
3111 2963 3221 3035 (69)
3253 2966 3314 3021 ὲν
3353 2968 3420 3041 τῇ
3447 2962 3688 3035 ‘sopato

2118 3049 2236 3118 πῦρ
2284 3051 2345 3104 ού
2409 3049 2551 3105 κατὰ
2591 3052 2690 3124 τὴν
2724 3051 2944 3122 βαθεῖαν
3004 3054 3250 3124 γλῶσσαν
3307 3052 3700 3127 ἑρμηνεύεται,

2119 3140 2254 3195 ἀλλά
2310 3140 2405 3196 καὶ
2457 3141 2698 3214 Συριακῇ
2758 3141 3053 3214 διαλέκτῳ·
3102 3143 3271 3215 ἠσαὺθ
3313 3144 3421 3212 γάρ
3458 3144 3523 3196 τὸ
3568 3144 3702 3214 πῦρ

2119 3231 2269 3301 παρὰ
2305 3229 2572 3303 Ἐὄραίοις
2598 3231 2861 3299 καλεῖται,
2890 3234 2953 3289 ού
2989 3231 3124 3305 (ὅθ’)
3153 3228 3291 3285 κατὰ
3319 3228 3421 3301 τὴν
3453 3230 3696 3301 βαθεῖαν

2120 3320 2399 3391 γλῶσσαν·
2454 3322 2643 3376 τούτου
2698 3324 2859 3397 χάριν
2929 3325 3108 3388 αὐτοῖς
3167 3320 3481 3395 συμὸίΰηκε
3543 3325 3702 3381 κατὰ

2120 3413 2343 3482 ἄγνοιαν
2376 3413 2469 3467 καὶ
2527 3415 2784 3486 ἀπειρίαν
2805 3414 2882 3488 τῷ
2903 3414 3124 3487 ὀνόματι
3158 3412 3331 3484 τούτῳ
3360 3413 3696 3486 κεχρῆσθαι.

2119 3501 2260 3557 Ούτε
2289 3501 2401 3574 γὰρ
2435 3503 2628 3577 Πύρρα
2670 3507 2705 3577 η
2738 3506 2867 3578 παρ’
2907 3504 3184 3577 Ἓλλησιν,
3234 3501 3359 3557 οὔτε
3407 3502 3602 3576 Νωρία
3657 3506 3696 3576 ἡ

2121 3592 2271 3665 παρὰ
2296 3592 2507 3658 τούτοις
2547 3594 2903 3666 μυθευομὲνη,
2933 3595 3071 3649 ἀλλὰ
3095 3593 3378 3665 Βαρθενὼς
3411 3592 3429 3625 ¹
3453 3592 3535 3667 τῷ
3563 3594 3693 3650 Νῶε

2117 3684 2307 3753 γέγονε
2326 3685 2487 3758 γυνή.
2525 3687 2632 3740 Καὶ
2668 3685 2719 3739 o!
2744 3684 3005 3766 Έλληνες
3038 3685 3147 3755 γάρ
3180 3702 3316 3755 φασι
3355 3685 3454 3758 τὴν
3479 3688 3689 3742 Δευκα-

2117 3776 2306 3843 λίωνος
2332 3776 2563 3849 γυναϊκα
2607 3777 2826 3851 Πύρραν
2872 3776 3173 3834 καλεῖσθαι.
3210 3775 3343 3832 Εἶτα
3386 3780 3486 3851 τὴν
3509 3778 3685 3833 αἰτίαν

2118 3866 2459 3927 ὑποτίθενται
2492 3864 2638 3926 οὗτοι
2694 3872 2743 3926 oi
2795 3869 2863 3926 τά
2901 3869 2997 3925 τοῦ
3024 3872 3371 3937 Φιλιστίωνος
3415 3872 3521 3944 (70)
3551 3870 3686 3943 ἡμῖν

2117 4140 2328 4205 Simon,
2374 4139 2686 4208 Menander,
2721 4139 3050 4207 Saturnilus,
3089 4138 3371 4202 Basilides,
3404 4136 3691 4209 Nicotaus,

2111 4209 2489 4278 Carpocrates,
2523 4207 2862 4278 Valentinus,
2891 4210 3241 4274 colorbasus,
3274 4207 3603 4267 Ptolemaeus
3634 4222 3693 4268 ct

2113 4278 2420 4334 Secundus·
2459 4277 2711 4337 Clemens
2752 4281 3173 4343 Alexandrinus,
3219 4279 3313 4335 tib.
3348 4293 3408 4332 ιιι
3454 4279 3690 4344 Str-om..

2111 4347 2263 4404 addit
2284 4356 2338 4404 et
2361 4347 2673 4406 Prodicum.
2711 4348 2910 4407 Verum
2948 4357 3094 4406 certa
3129 4349 3375 4420 quaedam
3424 4364 3490 4404 ac
3524 4366 3692 4421 pecu·

2108 4418 2265 4474 liaris
2293 4426 2439 4477 secta
2468 4419 2587 4486 fuit,
2612 4434 2733 4491 quae
2770 4420 2871 4477 sihi
2908 4419 3291 4475 Gnosticorum
3334 4433 3533 4473 nomen
3573 4435 3687 4489 pra

2108 4489 2320 4544 caeteris
2360 4489 2689 4556 vindicavit3
2734 4489 2805 4546 de
2848 4490 3050 4560 quihus
3096 4490 3199 4543 hoc
3241 4487 3296 4541 tn
3341 4487 3523 4568 capite
3570 4491 3684 4558 agit

2110 4556 2443 4630 Epiphanius
2466 4599 2481 4623 ,
2510 4566 2567 4615 et
2601 4560 2692 4615 alii
2733 4561 2824 4631 qui
2864 4559 2933 4615 de
2966 4557 3266 4614 haeresibus
3315 4568 3679 4627 scripserunt.

2110 4626 3090 4769 3¹..l'5‘2'zziiq3115d‘lff‘3llltl”gillia
3105 4625 3683 4768 ἣῖὲᾟέιῖῖῗηὲἑόῗξῗ

2110 4784 2233 4825 mus
2277 4767 2480 4824 Contra
2521 4767 2868 4840 Vigilantiam
2907 4768 3156 4823 scribens
3200 4764 3462 4834 Cajanam
3498 4775 3681 4820 vocat.

2180 4837 2293 4910 (69)
2338 4837 2570 4907 Ἐπειδὴ
2621 4838 2733 4909 γὰρ
2776 4835 2984 4905 κουρά.
3028 4843 3156 4894 mu
3208 4836 3452 4889 Aramaea
3497 4835 3684 4904 lingua

2107 4907 2278 4978 ignem
2310 4908 2601 4978 significat.
2635 4906 2791 4973 Quod
2829 4914 3011 4960 autcin
3055 4902 3261 4959 Judreis
3293 4911 3416 4975 post
3445 4917 3509 4959 ca
3550 4907 3682 4959 tivi-

2109 4987 2275 5033 tatem
2307 4974 2600 5032 familiaris
2628 4993 2694 5032 ac
2721 4975 3003 5047 popularis
3031 4975 3214 5046 lingua
3246 4973 3470 5043 Syriaca
3520 4986 3638 5030 oret
3665 4992 3681 5030 ι

2108 5061 2231 5115 ideo
2257 5068 2384 5116 nota
2410 5074 2517 5114 non
2536 5059 2727 5132 βαθείᾳ
2751 5059 2955 5130 lingua,
2979 5073 3101 5129 quae
3128 5065 3182 5113 et
3219 5040 3427 5116 elffii&
3453 5041 3585 5143 mh
3602 5057 3687 5112 di-

2106 5129 2380 5193 citur,sed
2405 5130 2680 5184 communi
2705 5131 2871 5186 acvul
2913 5130 2991 5183 ari
3010 5130 3151 5183 idem
3167 5126 3455 5196 essequod
3503 5141 3682 5196 ignem

2112 5199 2330 5254 asserit.
2380 5197 2610 5253 Βαθεῖαν
2655 5206 2835 5253 autern
2908 5199 3123 5270 inguani
3165 5195 3415 5251 alludens
3446 5196 3514 5250 ad
3550 5195 3685 5251 Eze-

2107 5268 2300 5325 chielis
2333 5269 2510 5323 locum
2539 5268 2699 5334 dixit,
2735 5269 2828 5349 qui
2859 5276 2944 5324 est
2981 5283 3103 5337 cap.
3155 5281 3239 5329 ιιι,
3270 5266 3304 5321 5
3335 5283 3350 5320 2
3385 5263 3509 5318 Non
3542 5268 3685 5320 enim

2109 5338 2179 5393 od
2224 5338 2477 5420 poputum
2517 5330 2772 5409 profundi
2808 5338 3068 5393 sermonis
3097 5345 3145 5391 et
3181 5337 3374 5406 iqnotoe
3404 5335 3597 5405 linquar
3628 5345 3686 5389 ιιι

2107 5409 2355 5463 mittens.
2391 5406 2656 5464 Hebraica
2691 5409 2875 5480 lingua
2903 5417 2998 5468 tv&
3029 5408 3201 5476 iguem
3232 5405 3523 5477 significat,
3547 5405 3685 5460 Ara·

2107 5493 2243 5534 maea
2290 5487 2481 5539 unm«.
2523 5476 2640 5543 Qua
2680 5492 2817 5534 voce
2867 5478 3041 5548 iqnem
3088 5491 3118 5530 a
3168 5473 3374 5535 Noenio
3424 5483 3682 5529 vocatum

2107 5547 2343 5605 Berosus
2366 5546 2622 5620 prodidit.
2646 5547 2823 5618 Atque
2845 5547 2972 5604 inde
2990 5546 3244 5613 fortassis
3264 5542 3435 5600 Graeci
3467 5543 3685 5608 Ἑστίας

2106 5619 2188 5675 ori
2230 5618 2372 5674 inem
2400 5617 2764 5674 deduxerunt.

2235 5684 2315 5745 θ’)
2355 5687 2429 5740 Οὐ
2456 5686 2597 5744 forte
2625 5685 2937 5742 delendum.
2967 5684 3127 5742 Eut-r.
3157 5683 3398 5738 Parnoi..

2202 5750 2481 5817 τοιοῦτοι
2503 5756 2578 5811 τὰ
2602 5755 2711 5813 τοῦ
2732 5756 3145 5821 Φιλιστίωνος.
3173 5752 3397 5808 Hieron.
3432 5749 3587 5824 Αηοί.
3614 5767 3678 5816 ιι,

2106 5837 2249 5883 cont.
2269 5822 2391 5897 Rus.
2412 5824 2479 5880 Et
2492 5828 2646 5897 quasi
2661 5828 2880 5882 mimum
2892 5824 3249 5884 Philistionis.
3272 5823 3352 5878 net
3366 5821 3601 5884 Lentuli,
3621 5837 3685 5874 ao

2107 5896 2333 5955 Norutti
2365 5896 2634 5966 stropham
2679 5897 2906 5969 eleganti
2950 5910 3187 5954 sermone
3226 5894 3527 5964 confictam,
3571 5898 3686 5955 etc,
