3850 6517
294 515 397 575 3:37

926 509 1291 566 ADVERSUS
1332 507 1666 565 ttAEitESES
1705 510 1833 565 Lm.
1878 509 1916 563 1.
1954 507 2118 564 Tou.
2162 508 2335 562 lll.—
2367 507 2642 562 tiAEREs.
2686 504 2865 560 xm.

3434 509 3541 567 838

295 631 454 685 πάλιν
486 632 583 699 τὴν
617 622 808 682 ἑαυτοῦ
837 625 937 696 τῆς
967 626 1299 695 κενοφωνίας
1348 624 1692 678 διδασκαλίαν
1739 641 1873 696 προ-
1903 629 1946 687 A
1973 625 2287 689 emerserit,
2319 638 2512 677 novam
2542 622 2850 675 vanissiniae
2886 618 3147 674 doctrinae
3192 620 3432 674 scholam
3466 622 3519 675 iii

297 722 657 791 στησάμενος.
680 719 788 771 Καὶ
811 718 880 771 τὰ
915 719 1013 789 μὲν
1034 716 1245 787 πρῶτα,
1266 711 1354 768 οἶα
1382 716 1446 786 δὴ
1475 716 1581 769 ἀπὸ
1596 716 1861 785 Ἑλλήνων

297 811 546 873 παιδείας
586 810 847 880 ὑπάρχων
868 847 882 870 ,
933 807 1266 877 συνακμάζει
1299 807 1568 876 Ίουστίνῳ
1599 806 1675 876 τῷ
1711 806 1850 875 φιλο-

296 898 466 969 σόφῳ,
503 898 657 968 ἀνδρὶ
694 898 833 967 ἁγίῳ
856 898 952 950 καὶ
984 896 1124 966 φίλῳ
1156 895 1312 959 Θεοῦ,
1342 895 1420 965 τῷ
1453 895 1560 948 ἀπὸ
1587 896 1859 966 Σαμαρε.·

292 988 403 1040 τῶν
425 990 505 1050 είς
525 986 757 1058 Χριστὸν
778 985 1162 1038 πεπιστευκότι
1184 984 1316 1055 (90).
1342 980 1508 1048 obex
1533 986 1641 1056 γὰρ
1660 988 1688 1037 ὁ
1726 985 1851 1038 'fou-

295 1081 470 1140 στίνος
514 1075 858 1147 Σαμαρείτης
888 1070 958 1146 ἦν
988 1076 1050 1128 τὸ
1087 1075 1264 1142 γένος,
1295 1077 1374 1137 είς
1412 1075 1643 1146 Χριστὸν
1685 1092 1862 1128 πεπι-

295 1165 555 1228 στευκὼς,
600 1165 694 1217 καὶ
728 1165 981 1234 μεγάλως
1028 1165 1375 1235 ὲξασκηθεὶς,
1423 1166 1623 1237 ἀρετῆς
1652 1183 1712 1219 τε
1746 1165 1861 1235 βίον

293 1255 682 1326 ἐνδειξάμενος,
716 1256 776 1309 τὸ
820 1256 973 1319 τέλος
1021 1256 1162 1327 ὑπὲρ
1191 1255 1429 1325 Χριστοῦ
1481 1257 1859 1326 μαρτυρήσας,

289 1346 494 1399 τελείου
517 1347 782 1414 στεφάνου
814 1346 1165 1411 καταξιοῦται
1199 1347 1291 1398 ἐπὶ
1315 1347 1414 1416 τῆς
1453 1347 1735 1416 Ῥωμαίων
1768 1347 1863 1400 ἐπὶ

296 1433 596 1488 Ῥωστικοῦ
631 1436 898 1506 ἡγεμόνος
947 1437 1041 1489 καὶ
1080 1434 1362 1505 Ἀδριανοῦ
1403 1434 1514 1504 (91)
1562 1434 1861 1505 βασιλέως,

366 1609 477 1679 (90)
506 1608 589 1674 Τῷ
620 1607 737 1661 ἀπὸ
762 1605 1133 1675 Σαμαρειτῶν
1158 1608 1245 1669 εἱς
1264 1606 1524 1673 Χριστὸν
1541 1619 1862 1661 πεπιστευ-

292 1680 439 1733 κότι.
476 1677 719 1747 Scaliger
751 1679 817 1731 ad
850 1675 1065 1730 Eusehii
1094 1674 1288 1729 Cliton.
1331 1691 1420 1755 an.
1454 1675 1595 1759 215J
1626 1675 1853 1757 :fig-rae,

289 1746 889 1870 322?2‚3;.‚f¹’5¹32¹32'5÷¹2:2
910 1743 1507 1867 23512.2⁵“32252“2„:³‚52
1527 1745 1859 1870 “32:22333:

292 1902 395 1938 non
442 1895 587 1949 erat,
622 1886 712 1939 aed
750 1852 1129 1945 samariensis,
1155 1899 1453 1951 quanquam
1482 1894 1529 1937 et
1565 1883 1857 1939 Samarites

1963 714 2166 769 stituit.
2194 712 2244 769 ls
2271 714 2505 782 primum
2531 752 2545 775 ,
2576 721 2764 782 utpote
2795 710 3001 765 Graecis
3025 710 3274 765 eruditus
3306 710 3537 773 artibus,

1960 800 2159 857 Justini
2193 803 2504 872 philosophi
2536 802 2892 861 sanctissimi,
2917 815 2979 854 ac
3005 800 3403 869 religiosissimi
3434 801 3538 854 viri

1960 892 2358 948 consuetudine
2387 902 2470 947 est
2501 907 2654 955 usuS‚
2691 893 2783 962 qui
2824 907 2854 946 e
2890 890 3248 946 Samaritanis
3279 891 3346 944 ad
3374 889 3534 945 Chri·

1960 986 2030 1040 sti
2058 985 2214 1040 fldem
2247 984 2560 1040 transierat.
2607 981 2858 1037 lustinus
2891 982 3038 1036 enim
3070 997 3267 1052 genere
3299 981 3541 1035 Samari-

1961 1082 2154 1139 tanuS‚
2185 1090 2308 1130 cum
2345 1076 2400 1130 in
2449 1072 2726 1128 Christum
2758 1072 3126 1137 credidisset,
3159 1073 3332 1127 multa
3372 1073 3541 1127 virtu·

1963 1174 2075 1219 tum
2114 1165 2506 1220 exercitatione
2555 1164 2892 1234 perpolitus,
2943 1162 3162 1231 vitaque
3205 1164 3271 1218 ad
3320 1180 3538 1221 omnent

1963 1254 2303 1309 honestatem
2339 1241 2612 1316 instituta,
2639 1254 2860 1308 tandem
2887 1267 2987 1322 pro
3023 1252 3242 1309 Christo
3276 1257 3539 1326 martyrio

1963 1346 2319 1414 perfunctus,
2379 1346 2834 1415 perfectissimam
2868 1363 3127 1402 coronam
3178 1346 3408 1417 adeptus
3454 1354 3543 1401 est

1964 1433 2179 1499 Rotnae,
2212 1437 2317 1492 suh
2344 1435 2575 1493 Rustico
2603 1439 2892 1509 praefecto,
2929 1441 3168 1496 Adi-iano
3202 1439 3537 1509 imperante,

1962 1623 2087 1663 nam
2120 1610 2429 1675 Aurelium,
2464 1626 2624 1680 quem
2669 1610 3030 1667 Verissimum
3078 1611 3346 1681 appellat,
3402 1627 3540 1666 non-

1961 1678 2090 1732 duin
2137 1678 2406 1735 Caesarem
2438 1687 2615 1734 vocat.
2664 1681 2799 1735 Cum
2849 1690 3030 1736 tamen
3067 1680 3222 1735 Lucii
3267 1680 3393 1735 Veri
3434 1696 3535 1751 pa-

1960 1754 2121 1809 trem,
2152 1750 2247 1817 qui
2277 1749 2346 1803 ab
2379 1751 2620 1804 Adriano
2648 1752 2880 1819 primum
2916 1750 3207 1819 adoptatus
3242 1750 3438 1813 fuerat,
3469 1765 3539 1804 co

1962 1818 2181 1871 nomine
2208 1818 2488 1889 insigniat.
2516 1818 2679 1892 Atqui
2711 1828 2832 1888 post
2861 1820 3085 1873 Adriani
3116 1829 3343 1874 mortem
3365 1823 3538 1873 Aure·

1966 1886 2075 1939 lius
2092 1886 2327 1941 Coesaris
2360 1903 2554 1942 nomen
2588 1890 2846 1944 obtinuit.
2879 1889 3150 1956 Quocirca
3196 1891 3378 1943 statim
3410 1897 3535 1957 post

290 1955 476 2017 domo,
525 1972 627 2010 non
685 1954 932 2023 reliyione
981 1952 1087 2005 dici
1132 1962 1321 2020 potest.
1383 1953 1617 2007 Causam
1669 1955 1857 2018 alfei-t;
1893 1960 1934 2013 Β
1963 1955 2187 2008 Adriani
2223 1972 2407 2010 necem
2435 1959 2597 2026 paulo
2640 1966 2928 2027 antequam
2963 1958 3144 2012 Caesar
3171 1960 3539 2027 appellaretur

290 2026 437 2093 quod
484 2025 947 2078 Samaritanorum
982 2022 1299 2090 religionem
1341 2023 1561 2075 minime
1594 2021 1666 2075 sit
1698 2038 1858 2077 secu-

293 2103 399 2160 tus,
448 2096 541 2149 sed
592 2093 903 2147 Gr.ecorum
952 2090 1330 2159 superstitioni
1380 2090 1658 2144 inhaeserit
1735 2090 1859 2146 ldeo

289 2179 397 2217 non
436 2178 561 2218 vere
603 2165 669 2217 de
718 2178 783 2216 eo
824 2161 930 2215 dici
980 2161 1176 2229 potuit,
1224 2159 1332 2213 ἀπὸ
1375 2159 1729 2230 Σαμαρειτῶν
1779 2163 1860 2226 είς

290 2233 519 2304 Χριστὸν
565 2232 1007 2295 πεπιστευκέναι,
1051 2229 1144 2284 sed
1202 2231 1294 2297 ἀφ’
1345 2228 1630 2299 Ἑλλήνων.
1665 2227 1772 2283 Sed
1812 2232 1858 2285 si

291 2302 634 2372 Σαμαρείτης
674 2300 857 2364 domo,
888 2314 997 2352 iton
1025 2299 1305 2367 religione,
1340 2297 1445 2351 dici
1483 2299 1661 2367 potuit
1688 2295 1858 2355 ‹lusti-

294 2386 431 2430 nus,
462 2387 560 2424 cur
603 2385 710 2424 non
738 2369 847 2422 ἀπὸ
877 2367 1229 2437 Σαμαρειτῶν
1278 2367 1579 2421 credidisse
1613 2367 1719 2422 dici
1765 2384 1861 2438 po-

291 2440 478 2504 tuerit,
514 2455 623 2493 non
648 2439 826 2502 video,
861 2438 963 2491 hoc
987 2445 1070 2492 est
1096 2451 1126 2491 e
1157 2436 1630 2493 Samaritanorum
1655 2440 1859 2508 populo

292 2523 359 2564 ac
388 2508 626 2563 civitate.

364 2578 447 2648 (91
526 2578 648 2631 Ἐπὶ
692 2576 1007 2632 Ῥωστικοῦ
1056 2576 1350 2646 ἡγεμόνος
1399 2575 1497 2628 καὶ
1540 2576 1857 2645 Ἀδριανοῦ.

294 2646 434 2701 Mani
462 2657 573 2703 esta
602 2656 685 2703 est
715 2646 1067 2702 hallucinatio
1092 2655 1149 2700 et
1180 2645 1398 2715 quidem
1445 2645 1662 2713 duplex.
1722 2645 1857 2699 Nam

292 2732 468 2784 neque
513 2718 754 2772 Adriano
806 2718 1108 2785 imperante
1158 2724 1409 2769 mortuus
1454 2724 1539 2768 est
1588 2713 1857 2778 lustinus,

291 2788 388 2840 sed
439 2786 509 2843 M.
557 2788 775 2842 Aurelio
815 2794 871 2841 ει
915 2784 976 2839 1..
1025 2783 1200 2847 Vero,
1250 2793 1310 2839 ut
1348 2782 1615 2838 Eusebius
1662 2784 1860 2839 asserit

292 2854 387 2909 lib.
416 2872 468 2910 tv
496 2856 639 2910 Hist.
668 2856 851 2915 eccles.
881 2871 932 2911 c.
971 2855 1054 2919 15,
1081 2862 1135 2909 ει
1169 2853 1460 2908 tricenario
1494 2854 1668 2920 maior
1694 2856 1860 2907 fuerit

292 2933 538 2993 oportet,
580 2934 640 2980 ut
666 2941 732 2982 ex
765 2925 1024 2995 temporis
1054 2923 1283 2986 ratione,
1313 2937 1421 2992 quo
1450 2923 1724 2992 apologias
1763 2939 1861 2992 pro

289 2990 623 3052 Christianis
663 2993 831 3051 edidit
861 3004 1115 3050 constare
1143 3002 1339 3063 potest.
1369 2990 1692 3061 inanquam
1720 2992 1860 3046 dissi-

287 3063 396 3118 cile
428 3072 515 3120 est
543 3071 804 3132 statuere,
834 3066 1183 3134 quandonam
1211 3064 1336 3123 illae,
1360 3069 1456 3114 aut
1495 3078 1603 3129 quo
1638 3061 1859 3115 demum

289 3133 483 3189 ordine
526 3133 747 3204 scriptae
773 3134 905 3189 sint.
958 3134 1222 3188 Eusebius
1257 3134 1395 3185 libro
1443 3130 1583 3183 Hist.
1619 3145 1673 3183 tv
1721 3131 1861 3186 duas

291 3205 513 3258 omnino
541 3204 832 3273 scripsisse
858 3202 1134 3257 lustinum
1158 3201 1341 3264 refert,
1364 3214 1594 3268 quarum
1620 3200 1858 3268 priorem

1961 2024 2254 2085 Aurelius,
2297 2026 2532 2094 priorem
2580 2028 2883 2095 apologiam
2923 2030 3084 2096 (qiiae
3124 2042 3405 2095 perperam
3446 2042 3536 2082 se·

1932 2092 2142 2147 -cundo
2174 2094 2292 2146 loco
2323 2094 2566 2174 ponitur)
2616 2095 2874 2150 habuisse
2905 2098 3136 2150 videtur.
3175 2100 3411 2165 Apparet
3449 2098 3536 2150 in-

1962 2177 2126 2229 super
2182 2162 2452 2216 Veri'ssuni
2500 2179 2696 2218 nomen
2746 2170 2910 2219 etiam
2947 2175 3069 2235 post
3099 2166 3537 2235 virileni-togam

1960 2246 2128 2299 penes
2162 2231 2404 2286 Marcum
2450 2234 2730 2288 Aurelium
2783 2236 3071 2301 resedisse,
3106 2236 3346 2294 tametsi,
3374 2234 3539 2304 Cap}-

1960 2300 2166 2355 tolinus
2198 2308 2489 2369 antequam
2523 2303 2734 2355 virilem
2767 2310 2946 2373 togam
2990 2312 3259 2368 sumeret,
3297 2302 3531 2358 Verissi-

1961 2383 2144 2435 mum;
2181 2384 2246 2423 ea
2277 2379 2559 2439 usurpata,
2589 2372 2824 2425 Annium
2852 2371 3047 2426 Verum
3072 2373 3332 2442 deinceps
3360 2374 3538 2426 nonii-

1963 2444 2151 2490 natum
2182 2454 2306 2494 esse
2327 2440 2632 2507 scripserit.
2662 2439 2879 2494 Virilem
2899 2453 3070 2495 autem
3098 2453 3273 2510 togam
3308 2445 3537 2510 sumpsit

1959 2507 2345 2576 quintodecimo
2375 2511 2549 2563 aetnti's
2584 2526 2724 2564 nuno
2746 2549 2760 2572 ,
2815 2520 2873 2564 ut
2912 2512 3050 2566 idem
3094 2520 3344 2566 testatur.
3379 2511 3536 2577 Quod

1963 2580 2256 2644 superstite
2307 2579 2482 2631 adliuc
2518 2579 2761 2633 Adriano
2802 2578 3024 2633 factum.
3076 2577 3352 2650 Siquidem
3387 2595 3535 2634 mor-

1947 2652 2090 2713 tuus
2119 2657 2203 2701 est
2229 2646 2502 2700 Adrianus
2523 2647 2817 2703 Camerino
2842 2660 2896 2704 et
2934 2648 3099 2719 Nigro
3152 2664 3296 2703 coss.
3337 2647 3407 2702 Vl
3454 2648 3533 2703 ld.

1962 2707 2073 2767 J'ul.
2105 2730 2250 2769 anno
2278 2717 2431 2771 urbis
2459 2718 2584 2772 891.
2638 2719 2851 2773 Marcus
2893 2734 3022 2773 vero
3048 2726 3209 2773 natus
3259 2727 3344 2774 est
3390 2716 3533 2773 Vero

1963 2791 2017 2837 et
2062 2785 2282 2854 Augure
2331 2802 2476 2841 coss,
2519 2802 2665 2842 anno
2708 2787 2833 2841 874.
2883 2787 3050 2859 lgitur
3089 2802 3292 2841 annum
3343 2802 3372 2840 a
3409 2788 3536 2841 ebat

1963 2868 2097 2907 xviii
2148 2870 2273 2907 cuin
2334 2856 2625 2910 Adrianus'
2663 2858 2918 2912 excessit.
2976 2857 3107 2922 Quae
3152 2858 3220 2912 de
3275 2872 3378 2927 apo
3400 2858 3540 2923 ogiae

1967 2930 2248 2993 utriusque
2299 2931 2569 3006 tempore,
2612 2934 2775 2995 atque
2821 2928 3014 2981 ordine
3058 2927 3334 2989 diximus,
3375 2927 3537 2982 dubia

1967 3001 2281 3060 nouerant,
2317 2996 2424 3048 nisi
2471 2998 2719 3064 quaedam
2749 3012 2811 3050 ex
2860 2996 3091 3050 Eusebio
3121 3003 3175 3051 et
3218 2995 3340 3049 aliis
3366 2998 3538 3051 inter·

1962 3063 2242 3127 venirent,
2296 3079 2416 3131 quae
2488 3067 2689 3135 negotii
2745 3067 3083 3134 aliquantum
3135 3065 3394 3120 facerent.
3456 3066 3538 3120 Ae

1963 3132 2196 3251 primum
2232 3132 2498 3188 Eusebius
2532 3149 2652 3204 cap.
2692 3134 2776 3194 16.
2812 3138 2926 3189 sive
2958 3135 3018 3187 17
3050 3134 3374 3189 Cliristianae
3410 3150 3537 3189 tnu-

1985 3200 2112 3255 ieris
2143 3201 2425 3257 historiam
2458 3205 2746 3272 quamdam
2770 3220 2835 3258 ex
2863 3205 3042 3274 priore
3064 3201 3259 3258 Justini
3286 3204 3537 3331 εροιοιξὲα

293 3270 567 3326 Antonino
594 3272 694 3328 Pio
718 3273 937 3336 obtulit,
966 3279 1026 3325 ut
1053 3285 1172 3339 cap.
1204 3270 1238 3324 8
1264 3278 1318 3323 et
1353 3271 1420 3322 10
1458 3277 1712 3323 testatur.
1756 3269 1858 3325 Ubi
1887 3282 1931 3338 c
1966 3282 2249 3335 recenset,
2302 3288 2424 3341 quae
2457 3275 2511 3326 in
2562 3275 2733 3343 prima
2768 3274 3030 3329 hodierna
3060 3275 3389 3328 continetur.

290 3341 454 3395 etiam
500 3339 700 3398 Justi'ni
742 3344 903 3397 verba
939 3340 1184 3410 quaedam
1232 3353 1295 3394 ex
1343 3353 1407 3393 ea
1452 3354 1574 3409 quae
1620 3338 1862 3392 secunda
1966 3337 2092 3392 inde
2118 3340 2258 3395 idem
2287 3342 2402 3411 ipse
2426 3340 2678 3399 lustinus
2706 3346 2849 3412 apol.
2885 3358 2956 3408 ιι,
2983 3352 3109 3397 ante
3140 3359 3314 3398 annos
3341 3358 3428 3407 ct,
3467 3345 3539 3399 ab

291 3420 710 3535 ffi‘l-ziffl'se‘·
748 3414 943 3537 ..iiiii
956 3412 1131 3536 Ἵξέὗό
1155 3408 1860 3533 ¹:‚.‘.¹.:¹1¹.¹‚’.:·5m‘¹?.21¹:²2¹¹23·

293 3547 438 3618 quod
479 3558 642 3620 caput
687 3559 794 3614 est.
836 3551 1003 3621 hujus
1031 3549 1196 3607 etiam
1250 3547 1468 3601 initium
1516 3547 1739 3615 subjicit
1777 3515 1865 3600 ca²

291 3619 404 3688 pite
428 3615 515 3674 11.
562 3622 634 3674 At
657 3635 787 3678 vero
826 3635 950 3690 cap.
989 3620 1077 3682 15,
1112 3620 1230 3674 sive
1259 3617 1361 3681 16,
1397 3617 1622 3670 alteram
1675 3615 1864 3685 apolo-

330 3688 434 3742 iatn
462 3690 565 3743 stib
601 3689 671 3744 tt.
703 3692 925 3744 Aurelio
957 3698 1012 3742 et
1041 3689 1101 3740 t..
1136 3687 1273 3740 Vero
1297 3688 1559 3753 scriptam
1588 3684 1855 3737 affirmat:

291 3704 451 3809 fia-..²1
495 3759 684 3810 τούσδε
725 3760 821 3809 καὶ
861 3761 889 3807 ὁ
931 3755 1114 3824 μικρῷ
1159 3753 1395 3822 πρόσθεν
1435 3755 1564 3820 ἡμῖν
1605 3752 1865 3820 δηλωθεὶς

301 3826 585 3885 Ἰουστῖνος
615 3825 863 3893 δεύτερον
901 3822 1042 3891 ὑπὲρ
1077 3820 1185 3874 τῶν
1227 3820 1350 3873 καθ’
1392 3822 1425 3890 ἡ
1473 3823 1537 3883 ἇς
1578 3820 1862 3889 δογμάτων

294 3894 497 3963 pisum
553 3893 780 3956 ἀναδοὺς
824 3895 934 3954 τοῖς
980 3889 1369 3962 δεδηλωμένοις
1421 3838 1643 3961 ἕρχουσι
1663 3929 1679 3953 ,
1733 3889 1864 3961 θείῳ

296 3966 723 4031 κατακοσμεῖται
778 3962 1077 4033 μαρτυρίῳ.
1143 3959 1257 4015 Sub
1311 3958 1532 4014 Aurelio
1591 3960 1757 4029 igitur
1807 3968 1863 4015 et

301 4032 464 4094 Vero,
493 4048 630 4099 qnos
664 4046 785 4100 cap.
825 4033 911 4095 15,
945 4034 1060 4087 sive
1090 4031 1176 4095 14,
1205 4031 1480 4085 Antonino
1507 4028 1606 4083 Pio
1632 4045 1861 4084 sueces-

300 4100 443 4155 sisse
490 4102 921 4170 significaverat,
962 4101 1257 4155 secundam
1302 4100 1605 4170 apologiam
1641 4100 1859 4163 obtulit,

299 4178 357 4293 pt
385 4185 579 4294 psassus
607 4179 691 4225 est
717 4169 982 4294 {ustinus
1005 4169 1250 4293 1{amphio
1290 4173 1588 4293 iffosssntitjur
1609 4167 1865 4294 ι,Ηίειί-Ὶοιειιέ

323 4256 359 4294 n
440 4257 517 4293 cri
581 4286 591 4294 .
637 4255 722 4293 ecc
744 4256 859 4306 ea,
908 4257 938 4296 e
1089 4258 1119 4294 o
1148 4254 1250 4294 ius.
1421 4255 1470 4295 ie
1539 4255 1604 4293 us
1633 4254 1708 4293 ini
1782 4255 1812 4293 u

297 4256 825 4379 exstantpapologiae.
857 4309 1060 4363 Harum
1098 4310 1250 4379 prior
1276 4308 1344 4362 ad
1375 4321 1624 4363 senatum
1668 4310 1865 4363 inscri-

297 4378 479 4444 bitur,
532 4382 805 4449 posterior
854 4379 1104 4434 eumdem
1146 4375 1364 4447 praefert
1409 4378 1664 4440 titulum,
1699 4392 1863 4447 quem

298 4449 486 4517 pritnae
524 4450 785 4519 apologiae
819 4448 1089 4504 Eusebius
1145 4447 1424 4510 attribuit,
1476 4461 1671 4514 nempe
1696 4448 1866 4500 Αὑτο-

298 4518 551 4640 ’siit-211,
571 4520 727 4642 'iffi‘
755 4516 1568 4641 ¹¹¹¹“²'..{³⁶85‡”‘{'04?“⁰’32‘2‘⁹
1610 4516 1859 4637 {iii-2⁶⁸³·

300 4658 392 4710 καὶ
424 4606 885 4727 Λοῦκῑῳῗρῖὶῗοςιιδέρ
920 4726 931 4734 ,
960 4604 1236 4724 Rataspem:
1266 4602 1606 4733 φιξῗιῦειιυῖῷῗ
1640 4655 1731 4734 καὶ
1762 4602 1842 4707 ἐφ

301 4726 492 4788 σεδοῦς
526 4727 839 4795 εισποιήτῳ.
888 4675 1091 4779 Keutra
1127 4728 1317 4777 harum
1346 4724 1447 4778 solt
1478 4723 1752 4777 Antonino
1780 4732 1864 4779 est

217 4823 226 4828 —
299 4795 584 4865 inscripta.
614 4794 784 4849 Porro
812 4811 931 4865 quae
960 4793 1260 4863 posteriore
1310 4794 1428 4845 loco
1470 4802 1725 4848 censetur
1747 4831 1763 4855 ,
1798 4808 1862 4847 ea

298 4865 474 4933 prima
503 4881 566 4918 ex
597 4865 810 4919 duabus
840 4866 1039 4919 oblatis
1079 4877 1108 4915 a
1152 4859 1371 4917 Justiiio
1404 4862 1579 4929 videri
1613 4877 1722 4915 non
1761 4862 1864 4914 im-

298 4936 496 4987 merito
528 4943 708 5003 potest
736 4952 750 4987 ι
783 4935 1015 5003 primum
1045 4932 1171 5001 quia
1202 4931 1460 5000 priorem,
1508 4946 1575 4985 ex
1618 4929 1860 4992 Eusebii,

298 5000 616 5073 Hieronymi
644 5010 699 5057 et
729 5002 909 5057 Photii
941 5003 1263 5055 auctoritate
1294 5001 1570 5053 Antonino
1600 4997 1734 5062 Pio;
1767 5014 1862 5068 po-

298 5072 588 5126 steriorem
623 5080 745 5142 post
761 5074 894 5142 ejus
923 5080 1151 5128 mortem
1190 5071 1411 5124 Aurelio
1435 5084 1499 5124 ac
1530 5068 1669 5122 Vero
1691 5070 1859 5137 impp.

295 5143 565 5197 exhibuit.
593 5141 797 5197 Deinde
828 5144 1085 5213 quoniam
1117 5139 1385 5195 Eusebius
1427 5154 1547 5209 cap.
1577 5137 1662 5200 15,
1695 5140 1861 5191 verba

299 5211 549 5279 quaedam
575 5227 638 5268 ex
679 5214 981 5283 posteriore
1023 5210 1270 5281 apologia
1310 5217 1715 5270 commemorat,
1738 5207 1854 5277 qui·

301 5279 407 5335 bus
452 5290 684 5337 mortem
727 5283 830 5337 sibi
878 5296 908 5334 a
957 5281 1245 5336 Crescente
1296 5278 1500 5348 Cynico
1552 5277 1862 5345 impendere

301 5349 476 5415 dixit;
503 5367 625 5420 quae
647 5352 865 5421 quidem
888 5352 942 5407 in
970 5365 1034 5406 ea
1058 5351 1331 5420 leguntur,
1358 5362 1478 5416 quae
1506 5346 1665 5401 hodie
1685 5348 1861 5416 primo

302 5418 426 5473 loco
450 5422 687 5501 ponitur.
715 5422 978 5478 Praeterea
1004 5435 1127 5491 quae
1158 5418 1399 5472 secunda
1420 5417 1581 5486 vulgo
1606 5418 1855 5469 nomina·

305 5499 416 5555 tur,
461 5500 683 5547 ineunte
723 5491 982 5546 Antonini
1026 5487 1253 5557 imperio
1282 5486 1487 5553 scripta
1530 5483 1766 5549 videtur,
1794 5497 1858 5538 ae

305 5559 540 5614 subinde
563 5561 913 5629 postAdriani
931 5567 1158 5613 mortem
1178 5556 1406 5625 :quippe
1419 5554 1682 5634 Apte-nini
1713 5554 1858 5606 velut

305 5643 500 5685 recens
527 5632 831 5686 consecrati
875 5631 929 5683 in
961 5630 1052 5682 illa
1095 5627 1363 5689 meminit,
1399 5640 1491 5676 του
1516 5640 1612 5676 νυν
1635 5637 1861 5693 γεγενη-

307 5698 471 5769 μένου
490 5715 505 5729 ·
540 5702 666 5756 item
694 5699 906 5755 ludaici
933 5697 1082 5759 belli,
1144 5696 1248 5749 uod
1279 5692 1504 5765 perinde
1522 5692 1615 5745 νῦν
1634 5707 1860 5763 γεγενη-

306 5770 469 5837 μένον
512 5771 788 5841 appellat:
817 5769 976 5838 cujus
1025 5765 1152 5821 heli
1196 5778 1264 5819 ac
1310 5762 1631 5819 defectionis
1666 5769 1859 5816 auctor

304 5838 410 5893 fuit
440 5839 875 5895 Barchochebas.
920 5835 1005 5890 Ad
1035 5835 1166 5914 «hinc
1192 5832 1478 5903 inscriptio
1515 5831 1655 5901 ipsa,
1693 5843 1856 5901 quam

304 5910 468 5977 paulo
512 5920 638 5965 ante
683 5909 1040 5980 protulimus,
1080 5905 1318 5973 idipsum
1366 5900 1596 5959 suadere
1642 5908 1853 5972 potest;

1808 4624 1940 4706 „tn

1964 3422 2030 3462 eo
2060 3424 2206 3463 anno
2235 3426 2345 3481 quo
2391 3412 2763 3467 defensionem
2812 3414 2971 3467 istam
3021 3413 3328 3477 scribebat,
3371 3414 3537 3468 Chri-

1964 3485 2110 3530 stum
2139 3494 2262 3534 esse
2293 3489 2478 3535 natum
2513 3491 2794 3536 memorat.
2841 3481 2977 3537 Cum
3020 3496 3151 3551 ergo
3197 3484 3298 3536 158
3335 3482 3535 3537 Christi

1964 3560 2111 3599 anno
2151 3549 2420 3605 Antonius
2447 3549 2577 3605 Pius
2607 3552 2815 3613 inierit,
2853 3566 2998 3607 coss.
3034 3553 3323 3612 Camerino
3354 3567 3417 3607 ae
3445 3551 3535 3606 M·

1964 3629 2086 3684 gro,
2119 3632 2462 3689 consequens
2494 3633 2577 3675 est
2603 3635 2752 3674 anno
2793 3622 3053 3676 Antonini
3090 3636 3185 3673 xiii
3205 3658 3220 3681 .
3247 3621 3386 3674 hauc
3415 3637 3541 3690 qua

1964 3687 2203 3739 secunda
2234 3696 2583 3750 numeratur,
2625 3705 2851 3759 quinque
2890 3706 2920 3744 a
2950 3690 3108 3743 nobis
3141 3692 3290 3758 prior
3330 3692 3536 3744 consti·

1964 3755 2155 3833 tuitiir,
2192 3758 2496 3828 apologiam
2521 3773 2644 3813 esse
2673 3763 2955 3828 scriptam.
2997 3760 3258 3813 Praeterea
3301 3756 3537 3815 Marcio-

1964 3838 2050 3878 nis
2078 3825 2317 3880 haeretici
2342 3828 2556 3882 duobus
2587 3829 2643 3882 in
2691 3829 2825 3883 locis
2860 3829 3120 3883 meminit.
3157 3826 3313 3881 Hunc
3349 3838 3532 3883 autem

1965 3893 2071 3947 sub
2097 3893 2372 3951 Antonino
2401 3896 2520 3962 Pio,
2555 3906 2678 3967 post
2707 3913 2881 3952 annos
2916 3898 2985 3952 ab
3021 3898 3170 3952 obitu
3195 3897 3398 3952 Christi
3430 3898 3533 3951 116

1962 3960 2077 4016 fere
2104 3968 2395 4021 emersisse
2423 3966 2794 4022 Tertullianus
2822 3967 3110 4022 confirmat
3139 3968 3233 4021 lib.
3281 3982 3299 4021 ι
3341 3978 3534 4022 coiitrn

1963 4028 2225 4087 Marcion.
2261 4050 2311 4089 c.
2349 4034 2436 4091 19.
2486 4036 2603 4090 Νοιι
2645 4039 2821 4106 potuit
2859 4027 3026 4104 igitur
3059 4036 3234 4102 primo
3275 4037 3535 4093 Antonini

1963 4103 2307 4168 imperatoris
2327 4120 2471 4160 anno
2484 4106 2725 4160 defensio
2739 4107 2829 4160 illa
2846 4107 2915 4160 ab
2937 4104 3152 4160 Jiistino
3165 4121 3288 4161 esse
3306 4107 3532 4177 scripta.

1965 4167 2072 4249 Sed
2105 4179 2164 4225 ut
2201 4190 2270 4227 ex
2320 4175 2386 4231 iis
2420 4176 2573 4229 tricis
2601 4185 2877 4245 utcunque
2909 4191 2969 4231 se
3015 4175 3216 4230 vei-itas
3260 4178 3532 4244 explicet3

1962 4241 2095 4294 mihi
2141 4241 2435 4298 admodum
2465 4245 2747 4314 probabile
2777 4247 3007 4307 videtur,
3038 4245 3144 4299 nisi
3184 4246 3367 4314 plures
3396 4247 3535 4299 dua·

1964 4308 2067 4365 bus
2118 4326 2217 4380 pro
2261 4312 2592 4368 Christianis
2643 4317 2920 4384 apologias
2974 4312 3224 4369 lustinus
3271 4315 3530 4380 ediderit,

1963 4380 2186 4434 omnino
2219 4384 2445 4450 primam
2477 4398 2600 4438 esse
2632 4399 2753 4452 quae
2798 4386 2958 4455 vulgo
3006 4382 3243 4437 secunda
3285 4398 3535 4438 numera·

1964 4456 2087 4513 tur;
2129 4450 2372 4519 adeoque
2417 4453 2522 4505 sub
2552 4454 2765 4507 initium
2813 4454 3073 4508 Antonini
3116 4454 3366 4521 imperat.
3400 4454 3532 4508 scri-

1963 4524 2112 4585 ptam
2161 4517 2364 4586 fuisse;
2406 4522 2551 4590 quod
2586 4536 2651 4575 ex
2690 4524 2757 4578 iis
2796 4533 3133 4593 argumentis
3184 4522 3529 4591 conjicimus,

1963 4600 2084 4654 quae
2106 4597 2236 4639 sunt
2265 4598 2423 4643 antea
2456 4593 2750 4660 proposita.
2779 4593 2943 4661 Atqui
2968 4607 3033 4645 ct.
3061 4606 3235 4646 annos
3264 4607 3296 4644 a
3323 4593 3532 4647 Cliristi

1963 4662 2086 4707 ortu
2116 4656 2183 4708 ad
2214 4655 2347 4710 illud
2372 4665 2586 4728 tenipus
2607 4661 2778 4730 elapsi
2806 4670 3184 4714 numerantur.
3202 4660 3280 4713 lta
3311 4661 3528 4729 quidem

1962 4721 2253 4803 lustinus:
2295 4728 2388 4781 seil
2423 4744 2546 4782 cuin
2580 4732 2742 4799 paulo
2792 4730 3024 4784 fortasse
3065 4730 3188 4798 plus
3229 4744 3331 4783 cxi.
3370 4731 3530 4783 annis

1962 4793 2264 4858 fluxissent,
2297 4797 2549 4862 rotundo,
2584 4811 2639 4851 ut
2682 4803 2902 4860 assolet,
2934 4815 3162 4852 numero
3193 4807 3318 4853 ante
3356 4814 3530 4854 annos

1960 4875 2026 4914 c..
2047 4863 2202 4917 dixit.
2237 4865 2311 4922 De
2337 4866 2568 4922 Eusebio
2591 4872 2838 4938 expedita
2872 4885 2962 4923 res
2993 4870 3115 4931 erit,
3137 4870 3183 4924 si
3209 4878 3301 4920 aut
3325 4870 3523 4937 ipsius,

1962 4940 2059 4984 aut
2093 4933 2298 4988 librarii
2327 4937 2486 5005 culpa
2519 4939 2585 5008 τῇ
2617 4937 2845 5009 δευτέρᾳ
2886 4952 2988 5007 pro
3015 4941 3081 5009 τῇ
3121 4938 3360 5009 προτέρᾳ
3391 4938 3530 4991 irre·

1961 5002 2430 5083 [misse-dieamus.
2459 5005 2595 5058 Nam
2642 5009 2926 5077 perspicue
2953 5008 3052 5079 τὴν
3081 5006 3336 5078 δευτέραν
3380 5006 3528 5059 illam

1960 5084 2084 5124 esse
2108 5073 2581 5142 significat‚quam
2613 5091 2714 5130 nos
2741 5084 2969 5146 primam
2994 5079 3257 5140 facimus;
3289 5077 3523 5145 primam

1960 5148 2139 5219 autem
2162 5180 2177 5203 .
2215 5157 2337 5211 quae
2381 5146 2536 5198 nobis
2572 5154 2659 5199 est
2701 5149 2959 5202 secunda.
2989 5147 3325 5200 Postremum
3365 5156 3529 5213 atque

1959 5222 2201 5289 omnium
2229 5212 2605 5267 difficillimum
2634 5222 2750 5279 est,
2780 5215 2926 5286 quod
2958 5215 3026 5270 de
3054 5215 3326 5268 Marcione
3364 5216 3525 5270 nobis

1959 5277 2233 5345 objicitur.
2266 5282 2460 5348 Quem,
2513 5290 2570 5337 ut
2615 5293 2983 5339 consentanea
3030 5286 3336 5354 loquamur,
3383 5283 3530 5339 anir-

1959 5348 2216 5401 mandum
2248 5359 2335 5405 est
2368 5368 2474 5407 non
2514 5353 2790 5408 Antonino
2814 5352 3032 5409 demum
3075 5355 3393 5423 imperante,
3431 5354 3528 5409 sed

1959 5415 2064 5495 suh
2107 5419 2351 5475 Adriano
2395 5422 2648 5491 coepisse.
2705 5425 2883 5493 Atque
2929 5421 3075 5477 haud
3132 5424 3249 5477 scio
3292 5439 3364 5478 aii
3415 5423 3528 5479 duo

1959 5484 2106 5541 illius
2148 5488 2533 5562 distinguenda
2582 5494 2693 5546 sint
2735 5500 3015 5562 tempora,
3051 5499 3110 5547 ut
3148 5492 3202 5545 in
3255 5493 3528 5563 plerisque

1958 5552 2258 5634 haeresibus
2301 5558 2522 5627 accidit,
2553 5561 2628 5613 ita
2669 5562 2775 5617 suh
2801 5562 3043 5617 Adriano
3071 5562 3304 5632 primum
3335 5578 3528 5631 erupe-

1958 5633 2069 5689 rit,
2104 5635 2294 5695 postea
2333 5643 2463 5683 vero
2503 5629 2610 5685 sub
2646 5632 2924 5687 Antonino
2969 5635 3124 5703 longe
3158 5631 3372 5701 lateque
3408 5645 3527 5702 pro-

1957 5698 2163 5763 pagatis
2192 5700 2472 5753 erroribus
2504 5702 2717 5757 celebre
2743 5701 2849 5756 sibi
2887 5717 3084 5757 nomen
3113 5717 3189 5772 pe
3259 5703 3410 5756 rerit.
3446 5701 3524 5755 Ae

1957 5762 2324 5823 Te'rtullianus
2347 5767 2594 5836 profecto
2619 5772 2723 5827 etsi
2753 5772 2858 5827 sub
2883 5772 3160 5828 Antonino
3191 5717 3519 5824 ffarcionem

1955 5846 2195 5889 errorem
2239 5837 2527 5894 exhalasse
2574 5840 2804 5904 scribat,
2852 5851 3013 5912 negat
3058 5850 3238 5894 tamen
3285 5841 3428 5894 scire
3461 5853 3524 5894 se

1956 5913 2121 5972 quoto
2158 5905 2279 5975 ejus
2308 5922 2455 5962 anno
2491 5911 2740 5982 coeperit.
2775 5911 2949 5979 Quoto
2977 5908 3185 5981 quidem
3220 5925 3392 5977 anno,
3432 5909 3520 5965 in-
