3850 6517
408 477 510 532 199

1811 459 1870 511 ὃ.
1914 456 2256 513 EPlPHANll

3569 454 3682 512 2610

402 590 661 653 noreliat;
693 584 851 657 eujus
879 582 936 636 lo
967 576 1100 645 lilia,
1129 572 1316 629 Attliis
1335 569 1470 631 alias
1487 569 1867 636 dicta,Atticae
1898 587 1989 628 re·
2020 581 2066 637 Α
2095 574 2319 645 Ἕλλησι
2348 571 2744 645 γνωριζόμενος
2766 611 2779 637 ,
2812 564 2872 628 οὗ
2914 571 3162 642 Θυγάτηρ
3214 569 3299 625 Ἰὼ
3329 569 3473 639 (kl),
3519 574 3554 642 ἠ
3583 575 3681 626 καὶ

403 681 550 753 gioiii
585 680 652 734 de
692 691 793 733 suo
826 685 1024 727 nomen
1061 665 1343 738 imposuit.
1386 662 1460 716 Ex
1502 662 1694 718 eadem
1734 670 1900 718 uatus
1939 670 1994 718 et

403 772 740 843 Bosphorus,
775 763 865 818 cui
911 757 1258 831 cognominis
1309 754 1441 809 urbs
1486 753 1543 807 in
1591 751 1806 807 Euxino
1851 752 1994 806 mari

403 863 598 932 posita.
636 855 744 911 Sed
787 851 1028 924 AEgyptii
1074 849 1185 905 lsiii
1227 847 1376 902 illam
1419 852 1763 913 nuncupant,
1796 857 1860 897 ae
1892 857 1993 912 pro

400 951 504 1008 dea
542 952 896 1005 venerantur.
941 940 1124 995 lnaclii
1158 952 1325 1009 porro
1353 950 1552 990 nomen
1595 935 1758 989 etiam
1795 932 1993 989 fluvius

398 1040 620 1112 quidam
653 1037 880 1094 sortitus
901 1040 1006 1088 est.
1032 1030 1303 1086 Coeterum
1334 1027 1486 1082 illinc
1517 1023 1830 1080 Graecorum
1870 1040 1993 1096 my-

324 1120 329 1124 *
400 1133 568 1189 steria
593 1131 995 1199 religionesque
1020 1122 1278 1179 derivatae
1291 1127 1440 1183 sunt,
1465 1133 1588 1188 quae
1625 1116 1771 1188 apud
1821 1115 1993 1188 AEgya-

401 1223 566 1294 ptios,
611 1220 873 1290 Phryges,
910 1214 1198 1269 Plioenices
1233 1218 1288 1266 et
1327 1209 1655 1281 Babylonios
1703 1208 1846 1262 male
1890 1222 1991 1260 an-

402 1315 562 1370 teliae
609 1310 920 1381 excogitata
976 1319 1075 1376 per
1119 1301 1409 1364 Cadmum,
1461 1308 1517 1356 et
1565 1298 1846 1363 inachum,
1894 1298 1991 1369 qul

401 1405 559 1476 prius
601 1403 736 1473 Apis
793 1400 997 1461 dictus,
1026 1394 1310 1466 Memphin
1357 1393 1551 1448 urbem
1602 1390 1871 1454 condidit,
1923 1406 1991 1446 ex

401 1494 639 1567 AEgypto
672 1491 937 1546 translata
976 1498 1103 1544 sunt
1132 1487 1188 1540 in
1211 1484 1504 1540 Graee'iam.
1541 1481 1689 1549 Quin
1722 1483 1886 1537 etiam
1921 1482 1993 1537 ab

400 1584 620 1655 Orplieo
649 1582 880 1651 aliisque
920 1577 1201 1633 nonnullis
1241 1575 1457 1631 invecta
1497 1575 1680 1629 varias
1714 1575 1773 1629 in
1812 1584 1993 1630 sectas

401 1678 658 1732 coaluere
713 1671 1057 1744 postmodum
1118 1686 1132 1724 ι
1185 1681 1420 1738 quarum
1479 1664 1795 1736 Epicurus,
1844 1663 1993 1720 Zeno

405 1765 646 1830 Stoicus,
680 1765 1016 1836 Pythagoras
1049 1774 1114 1814 ae
1144 1759 1320 1819 Plato,
1352 1756 1522 1813 duces
1540 1763 1706 1827 atque
1740 1757 1991 1812 invento·

2110 665 2287 728 Ἀτθὶς
2326 663 2668 734 καλουμένη,
2700 663 2770 716 δι’
2800 665 2866 735 ἢν
2903 664 2999 717 καὶ
3024 666 3057 733 ἡ
3103 663 3323 733 Ἀττική
3354 680 3366 692 ·
3402 661 3464 728 ἐξ
3489 657 3558 734 ἦς
3584 667 3681 718 καὶ

2094 756 2124 808 ὁ
2153 756 2424 827 Βόσπορος
2446 794 2461 819 ,
2483 748 2544 809 οὗ
2579 754 2866 827 ἐπώνυμος
2896 754 3049 817 πόλις
3076 752 3351 824 Βόσπορος
3382 754 3441 807 ὲν
3462 754 3541 825 τῷ
3576 751 3683 808 Et·

2097 843 2255 916 ξείνῳ
2282 847 2462 917 πόντῳ
2484 845 2817 917 καλουμένη.
2843 845 3084 899 Καλοῦσι
3116 845 3174 898 δὲ
3192 843 3362 916 αὐτὴν
3389 842 3681 913 Αἰγύπτιοι

2094 931 2233 990 Ἶσιν
2256 976 2271 1001 ,
2302 936 2371 1008 ἢν
2406 937 2502 992 καὶ
2528 936 2604 1001 ὡς
2644 936 2774 991 θεὰν
2810 934 3229 1007 προσκυνοῦσιν.
3272 933 3592 1006 Ὀμώνυμος
3621 934 3680 990 δὲ

2093 1027 2269 1099 τούτῳ
2298 1029 2394 1082 καὶ
2430 1027 2671 1099 ποταμός
2705 1029 2852 1081 ἐστιν
2898 1029 3111 1098 Ἴναχος
3146 1026 3291 1081 οὕτω
3320 1026 3677 1097 καλούμενος.

2106 1119 2344 1176 Ἐκεῖθεν
2390 1119 2446 1174 δὲ
2475 1120 2650 1191 ἀρχὴν
2694 1119 2821 1190 ἔσχε
2853 1118 2921 1172 τὰ
2955 1119 3085 1190 παρ’
3129 1118 3354 1188 Ἕλλησι
3403 1118 3683 1190 μυστήρια

2093 1227 2153 1264 τε
2198 1211 2293 1266 καὶ
2324 1210 2568 1276 τελεταὶ,
2602 1210 2868 1281 πρότερον
2914 1210 3041 1281 παρ’
3064 1208 3384 1276 Αἰγυπτίοις
3410 1207 3503 1261 καὶ
3529 1207 3683 1280 παρὰ

2092 1299 2261 1372 Φρυξὶ
2293 1301 2388 1354 καὶ
2417 1300 2623 1368 Φοίνιξι
2662 1301 2757 1355 καὶ
2794 1300 3156 1364 Βαόυλωνίοις
3187 1298 3374 1363 κακῶς
3401 1299 3681 1371 ἐπινενοη-

2097 1391 2267 1462 μένα,
2308 1392 2704 1464 μετενεχθέντα
2749 1402 2811 1445 τε
2847 1393 2928 1457 εἰς
2961 1391 3232 1460 Ἓλληνας
3270 1389 3379 1444 ἀπὸ
3422 1388 3522 1460 τῆς
3570 1389 3681 1444 τῶν
3739 1440 3764 1463 ,

2093 1484 2404 1554 Αἰγυπτίων
2432 1484 2617 1557 χώρας
2647 1484 2753 1538 ὑπὸ
2783 1485 3010 1555 Κάδμου
3031 1524 3046 1547 ,
3081 1484 3175 1537 καὶ
3205 1482 3373 1538 αὑτοῦ
3402 1481 3496 1536 τοῦ
3542 1481 3677 1537 ’1νά-

2092 1590 2188 1645 χου
2213 1613 2229 1640 ,
2261 1573 2487 1638 'Art-ido<
2520 1573 2633 1645 (42)
2675 1558 2944 1646 πρότερον
2977 1571 3270 1642 κληθέντος
3289 1609 3305 1636 ,
3345 1571 3441 1625 καὶ
3469 1571 3677 1625 οἰκοδο-ι

2097 1666 2369 1737 μήσαντος
2399 1663 2497 1736 τὴν
2525 1663 2748 1735 Μέμφιν
2766 1681 2779 1695 ·
2811 1662 2951 1718 ἀλλὰ
2986 1663 3079 1717 καὶ
3105 1663 3235 1736 παρ’
3276 1663 3521 1735 Ὀρφέως
3539 1704 3555 1727 ,
3582 1663 3679 1717 καὶ

2092 1756 2267 1811 ἄλλων
2305 1755 2463 1809 τινῶν
2494 1754 2594 1826 τὴν
2625 1755 2801 1827 ἀρχὴν
2849 1754 3084 1809 λαὸόντα
3114 1792 3130 1819 ,
3170 1755 3266 1808 καὶ
3308 1756 3390 1818 εἰς
3437 1753 3678 1826 αἱρέσεις

401 1876 491 1916 res
545 1858 786 1914 suerunt.
837 1856 1009 1925 igitur
1061 1851 1132 1907 ab
1187 1852 1283 1905 illo
1337 1858 1583 1919 tempore
1632 1849 1990 1902 corroborata
2095 1847 2430 1902 συσταθέντα
2455 1845 2569 1919 (ts)
2595 1847 2822 1917 ὕστερον
2841 1848 2900 1901 ὲν
2935 1846 3242 1919 Ἐπικούρῳ
3255 1847 3351 1901 καὶ
3364 1847 3575 1918 Ζήνωνι
3599 1846 3679 1918 τῷ

401 1950 659 2020 deinceps
689 1949 780 2003 illa
813 1944 1134 2017 superstitio
1172 1942 1241 1997 ad
1277 1941 1566 2012 imperium
1602 1955 1779 2010 usque
1810 1939 1989 1995 Mace·
2024 1913 2067 1968 Β
2094 1939 2317 2012 Στωϊκῷ
2339 1981 2355 2005 ,
2384 1941 2481 1994 καὶ
2507 1940 2824 2013 Πυθαγόρᾳ,
2858 1939 2954 1994 καὶ
2982 1939 3253 2005 Πλάτωνι,
3293 1936 3353 2003 ἐξ
3379 1933 3550 2011 οὗπερ
3576 1939 3680 2011 ἥρ·

403 2035 683 2106 douicuiii,
707 2047 761 2095 et
783 2036 1020 2093 Xerxem
1046 2035 1335 2090 Persarum
1368 2031 1702 2103 principem,
1727 2038 1854 2101 post
1880 2029 1994 2100 pri-

403 2148 555 2190 mum
586 2128 1094 2200 Hierosolymorum
1124 2122 1419 2180 excidium.
1445 2119 1689 2192 lteinque
1714 2120 1780 2175 ad
1803 2118 1991 2175 Nabu-

403 2222 802 2283 cliodonosoris
836 2232 1015 2290 usque
1050 2216 1448 2286 captivitatem,
1477 2211 1727 2283 adeoque
1759 2211 1909 2266 Darii
1936 2221 1993 2268 et

403 2314 699 2372 Alexandri
724 2308 1041 2367 Macedouis
1070 2316 1338 2378 tempora.
1364 2303 1504 2359 Tum
1532 2303 1678 2359 enim
1710 2301 1864 2358 Plato
1893 2301 1992 2358 sso-

404 2407 576 2470 rehat,
604 2419 670 2461 ac
697 2403 792 2475 qui
826 2403 1108 2457 Platonem
1133 2404 1295 2454 aetate
1326 2393 1608 2465 praecessit
1630 2392 1988 2464 Pythagoras,

404 2506 459 2554 et
496 2497 588 2569 qui
626 2502 751 2566 post
787 2507 910 2549 euin
950 2490 1085 2547 vixit
1125 2488 1421 2559 Epicurus,
1461 2483 1542 2537 Ex
1581 2482 1693 2546 illa,
1735 2482 1813 2536 uti
1853 2482 1988 2548 dixi,

404 2588 696 2645 occasione
732 2582 1048 2640 Graecorum
1096 2577 1434 2634 monimenta
1484 2580 1784 2645 propagata
1840 2578 1987 2628 sunt.

405 2677 542 2734 'rimi
577 2691 701 2748 quae
724 2675 1028 2732 secuudum
1059 2669 1190 2725 illud
1214 2678 1429 2739 tempus
1456 2665 1744 2722 celebratae
1769 2662 1993 2720 suerunt

407 2767 860 2841 philosophorum
883 2773 1068 2831 secun,
1100 2777 1178 2820 eae
1206 2758 1426 2816 tametsi
1456 2771 1645 2814 secum
1672 2754 1905 2812 invicem
1935 2756 1991 2812 in

408 2939 788 3009 migrationem
810 2937 974 2992 annis
1009 2935 1179 2989 l'eruie
1203 2945 1432 2989 cccxcvi
1463 2929 1750 2986 exstitisse
1773 2929 1985 2985 «locuit.

407 3009 593 3076 Quare
625 3009 974 3064 vehementer
1018 3005 1211 3067 uiiror,
1257 3002 1647 3072 Epiplianium,
1696 2999 1791 3070 qui
1819 2998 1994 3058 Euse-

410 3079 559 3134 bium
589 3079 645 3132 in
679 3077 956 3139 omnibus,
996 3089 1118 3144 quae
1149 3072 1218 3126 ad
1276 3079 1582 3141 temporum
1614 3071 1879 3125 rationem
1910 3079 1993 3124 at·

412 3151 609 3207 tinent.
662 3154 927 3218 perpetuo
971 3144 1237 3214 s·.·quiiur,
1292 3139 1391 3203 ihi,
1431 3139 1523 3195 ubi
1574 3139 1798 3193 minime
1828 3149 1993 3209 opor-

411 3221 536 3282 tuit,
565 3217 634 3273 ah
658 3218 777 3288 ejus
802 3215 1131 3271 auctoritate
1175 3210 1494 3274 descivisse,
1521 3223 1586 3263 ac
1613 3208 1805 3265 salsam
1838 3216 1985 3263 rete·
2020 3247 2061 3304 c

411 3305 534 3343 rum
563 3289 876 3358 opinionem
908 3282 1125 3339 veritati
1154 3280 1479 3353 praetiilisse.
1513 3280 1692 3348 Atque
1719 3285 1778 3331 ut
1799 3293 1988 3333 verum

410 3358 595 3413 liiachi
631 3366 686 3411 et
730 3356 1060 3425 Argivorum
1098 3351 1251 3422 regni
1283 3350 1500 3405 initium
1531 3355 1781 3411 eruatur,
1823 3347 1991 3418 huius

412 3434 659 3483 extrema
704 3437 949 3495 tempora
977 3419 1372 3492 perscrutanda
1405 3427 1555 3482 sunt,
1590 3426 1756 3487 atque
1784 3416 1839 3470 in
1880 3424 1993 3471 ter·

411 3498 564 3551 mino
594 3497 779 3567 aliquo
808 3493 1123 3563 deligendus
1151 3498 1236 3546 est
1282 3489 1507 3560 gradus,
1558 3489 1702 3542 unde
1731 3485 1800 3540 ad
1834 3493 1991 3541 ante-

412 3567 562 3619 riora
593 3563 845 3638 progredi
878 3564 1057 3618 liceat.
1083 3561 1211 3616 Duae
1231 3560 1375 3630 apud
1405 3556 1698 3612 Eusebium
1726 3556 1994 3628 dynastiae

416 3636 473 3690 iii
507 3637 754 3703 ejusdem
781 3633 1176 3704 propemodum
1208 3628 1361 3694 regni
1387 3625 1743 3681 successione
1773 3640 1992 3695 ponuu-

417 3714 508 3759 tiir
554 3720 568 3756 ε
610 3705 932 3776 Argivorum
971 3715 1076 3756 una
1117 3713 1337 3768 regum,
1366 3695 1763 3766 Myccnaeorum
1796 3695 1990 3750 altera.

415 3775 741 3846 Argivorum
769 3787 956 3842 regum
985 3770 1156 3826 series
1180 3769 1249 3824 ab
1277 3765 1478 3822 lnacho
1507 3772 1688 3835 coepta
1732 3764 1799 3819 ad
1837 3764 1994 3818 Acri-

417 3845 560 3900 sium
605 3859 778 3913 usque
825 3841 1086 3912 perducta
1131 3849 1251 3905 est;
1299 3849 1608 3907 quanquam
1644 3834 1829 3889 lnachi
1865 3834 1994 3889 stir-

472 3931 564 3982 Ἧι,
605 3931 670 3968 ae
698 3913 958 3968 familiam
1007 3909 1301 3967 Sthenelus
1332 3908 1543 3979 claudit
1569 3923 1583 3959 ι
1609 3919 1717 3975 quo
1752 3915 1989 3969 moi-tuo,

416 3930 484 4041 ff
519 3983 760 4038 Danaum
791 3981 1176 4062 peregi-inum,
1216 3988 1378 4048 atque
1407 3973 1724 4046 AEgyptium
1762 3974 1857 4043 jus
1907 3982 1995 4028 est

418 4056 489 4111 ab
516 4055 733 4124 Argivis
789 4051 1002 4121 imperii
1048 4049 1394 4105 translatum.
1446 4044 1710 4114 Deinceps
1741 4059 1770 4097 a
1808 4042 1995 4098 Danao

419 4128 486 4180 ad
520 4126 794 4180 Acrisium
830 4129 1131 4192 propagata
1175 4116 1457 4174 successio
1499 4125 1605 4170 est.
1651 4113 1824 4179 Quem
1865 4128 1993 4166 cuin

419 4194 654 4250 Perseus
687 4206 859 4262 nepos
900 4206 995 4261 per
1036 4187 1458 4259 imprudentiam
1497 4183 1814 4247 occidisset,
1879 4181 1997 4306 MK-

419 4280 585 4318 ceuas
617 4278 738 4318 sese
766 4261 1016 4320 contulit,
1060 4259 1152 4315 ubi
1182 4256 1266 4314 vel
1296 4257 1365 4312 ab
1399 4255 1539 4324 ipso,
1570 4254 1654 4308 vel
1683 4254 1753 4307 ab
1774 4252 1897 4322 ejus
1970 4278 1995 4291 -

421 4334 494 4387 lio
527 4332 784 4389 Sthenelo
832 4331 1214 4386 continuatum
1256 4332 1340 4382 est
1385 4325 1710 4394 Argivorum
1742 4336 1991 4393 regnum,

421 4411 477 4458 ct
510 4401 838 4474 Mycenaeum
874 4399 1221 4471 appellatum.
1262 4395 1501 4453 Ultimus
1526 4407 1711 4464 regum
1736 4395 1993 4455 istorum,

421 4472 581 4541 cujus
610 4473 831 4543 quidem
865 4473 1134 4525 rationem
1159 4467 1430 4523 Eusebius
1460 4463 1675 4527 habeat,
1710 4461 1998 4537 Agamem7

423 4557 532 4597 nou
570 4542 672 4597 l’iiit
700 4559 714 4594 x
748 4557 858 4611 quo
886 4541 1212 4609 interempto
1240 4535 1635 4609 Mycenaeorum
1668 4547 1896 4605 regnum
1936 4532 1993 4586 in
2025 4573 2069 4629 D

423 4612 664 4668 secundo
712 4610 974 4668 Chronico
1002 4609 1322 4664 terminatur
1346 4620 1492 4660 auno
1518 4605 1732 4668 eodem,
1764 4618 1874 4674 quo
1897 4618 1994 4658 ex-

422 4683 625 4737 cidium
661 4681 959 4752 Troianum
993 4679 1210 4734 accidit.
1242 4675 1378 4732 Vide
1423 4675 1751 4730 Pausaniam
1804 4672 1995 4730 Coi-iii·

424 4752 630 4808 thioci's.
654 4825 664 4835 ·
689 4751 809 4806 ,lain
862 4750 1210 4832 Argivorum,
1260 4748 1768 4830 Myceuaeorumque
1803 4757 1993 4825 regum

423 4812 1995 4959 352²gzi¹32¹i;.333:335..‘¹0¹2’.-¹1‚¹:,‘⁶;..²‹¹}¹1?:{‚‘:÷2².¹5‘1‘1i.*5:135ss

423 4964 481 5017 iii
505 4964 829 5033 posteriore,
859 4964 927 5014 ab
952 4959 1178 5013 exordio
1205 4958 1387 5013 liiachi
1417 4955 1485 5010 ad
1518 4952 1812 5021 Troianam
1851 4952 1993 5007 ἄλω-

425 5048 544 5095 σιν,
574 5033 700 5086 anui
724 5037 1083 5086 numerantur
1101 5028 1226 5094 675;
1253 5030 1306 5082 in
1338 5025 1508 5095 priori
1534 5024 1659 5079 655.
1680 5021 1991 5078 Secundum

425 5103 748 5172 posterioris
778 5100 903 5156 libri
949 5099 1258 5162 ratiocinia,
1301 5111 1462 5168 quein
1496 5095 1773 5166 praecipue
1805 5090 1993 5163 sequi-

426 5187 583 5238 mur,
620 5187 745 5228 cum
776 5170 1076 5240 Troianum
1111 5167 1384 5225 excidium
1414 5172 1688 5235 congruat
1720 5175 1865 5217 anno
1899 5177 1995 5233 pe-

425 5242 566 5296 riodi
606 5242 715 5297 Jut.
751 5242 908 5303 5550.
959 5238 1147 5294 muudi
1192 5237 1364 5303 2800,
1414 5235 1649 5290 inachus
1688 5246 1831 5287 antio
1867 5240 1995 5287 aute

425 5311 573 5367 bunc
599 5312 998 5367 sexcentesimo
1023 5324 1082 5365 se
1122 5310 1424 5379 tuages'imo
1451 5312 1670 5376 quarto,
1701 5303 1867 5372 coepit
1894 5316 1960 5372 pe
1979 5332 1992 5342 ·

424 5382 565 5436 rioili
594 5381 700 5437 Jul.
733 5379 894 5443 2856,
939 5395 1068 5435 iiiiiii
1111 5383 1126 5434 i
1168 5378 1347 5442 236,
1396 5385 1522 5446 post
1565 5373 1828 5428 diluvium
1861 5373 1992 5436 471,

425 5460 551 5521 post
571 5452 866 5506 Abrahami
898 5459 1080 5506 ortum
1106 5449 1225 5504 179.
1259 5448 1508 5517 Cumque
1552 5442 1811 5498 israelitae
1848 5457 1994 5498 auiio

424 5537 542 5592 per.
581 5520 690 5576 Jul.
733 5522 894 5586 5¹85,
930 5521 1115 5575 muudi
1163 5518 1304 5572 2455
1331 5533 1398 5573 ex
1457 5513 1693 5586 AEgypto
1725 5513 1995 5584 migrave—

424 5594 559 5658 rint,
583 5590 766 5646 liiachi
800 5592 1161 5661 primordium
1193 5587 1395 5659 Moysis
1426 5586 1796 5656 principatum
1831 5591 1991 5638 ante-

422 5663 568 5715 cedit
601 5664 763 5715 anuis
796 5664 910 5715 fere
937 5658 1063 5714 525.
1087 5659 1322 5712 Tantum
1345 5667 1591 5711 veterum
1621 5654 1993 5719 scriniorum,

422 5733 477 5787 et
509 5729 798 5802 Epiphariii
829 5728 1189 5800 Gliroiiotoyi'o
1228 5741 1262 5781 a
1292 5726 1436 5782 veris
1464 5734 1769 5794 temporum
1818 5722 1992 5777 ratio·

423 5801 584 5857 nibus
615 5804 849 5856 aberrat.

485 5871 606 5940 (411
647 5866 730 5925 Οὔ
764 5869 1026 5938 θυγάτηρ
1057 5867 1158 5924 Ἰώ.
1206 5865 1331 5923 llaec
1357 5879 1421 5922 ex
1455 5863 1670 5922 Euseliii
1711 5860 1991 5919 chronicis

2094 2029 2253 2094 ξαντα
2298 2030 2491 2101 χρόνου
2552 2029 2920 2101 κρατυνθῆναι
2966 2029 3071 2092 ἓως
3128 2028 3236 2081 τῶν
3289 2026 3680 2082 Μακεδονικῶν

2092 2118 2300 2192 χρόνων
2322 2117 2435 2193 (M)
2453 2162 2469 2185 ,
2506 2121 2602 2176 καὶ
2629 2117 2830 2194 Ξέρξου
2857 2116 2954 2175 τοῦ
2988 2119 3252 2192 βασιλέως
3279 2118 3390 2174 τῶν
3425 2118 3677 2193 Περσῶν,

2096 2214 2236 2284 μετὰ
2262 2212 2361 2285 τὴν
2384 2212 2586 2268 ἅλωσιν
2620 2214 2731 2268 τῶν
2776 2214 3164 2287 Ἱεροσολύμων
3197 2213 3259 2268 τὸ
3289 2212 3508 2286 πρῶτον
3530 2251 3548 2277 ,
3581 2213 3677 2268 κτὰ

2092 2305 2584 2379 Ναὸουχοδονόσωρ
2611 2306 3023 2377 αἰχμαλωσίας,
3048 2306 3145 2362 καὶ
3168 2306 3418 2378 Δαρείου,
3452 2306 3546 2360 καὶ
3564 2306 3677 2361 τῶν

2093 2396 2215 2450 κατ’
2254 2395 2603 2468 Ἀλέξανδρον
2629 2396 2722 2450 τὸν
2748 2395 3037 2451 Μακεδόνα
3060 2394 3288 2468 χρόνων.
3315 2395 3542 2451 Πλάτων
3565 2394 3671 2467 γὰρ

2093 2486 2215 2540 κατ’
2244 2488 2451 2540 ἐκεῖνον
2482 2487 2575 2541 τὸν
2607 2487 2800 2560 καιρὸν
2830 2484 2942 2559 (⁴45)
2974 2486 3331 2559 ὲγνωρίζετο,
3366 2487 3461 2541 καὶ
3489 2487 3538 2540 oi
3565 2484 3672 2558 πρὸ

2093 2574 2261 2628 αὑτοῦ
2286 2615 2302 2642 ,
2340 2576 2666 2649 Πυθαγόρας
2696 2594 2756 2631 τε
2795 2579 2892 2632 καὶ
2939 2577 3260 2647 Ἐπίκουρος
3297 2577 3327 2630 ὁ
3360 2576 3673 2648 μετέπειτα.

2095 2666 2264 2723 Ὅθεν
2299 2667 2365 2740 δὴ
2387 2708 2405 2733 ,
2429 2668 2507 2734 ὡς
2540 2673 2838 2742 προεῖπον,
2878 2671 2979 2743 τὴν
3008 2667 3278 2739 πρόφασιν
3318 2669 3506 2739 εἴληφε
3533 2708 3548 2732 ,
3580 2662 3682 2721 καὶ

2093 2756 2176 2823 εἰς
2200 2757 2537 2814 κατάστασιν
2571 2755 2705 2831 ἦλθε
2733 2761 2803 2816 τὰ
2836 2763 2967 2835 παρ’
2990 2761 3217 2833 Ἕλλησι
3244 2759 3680 2827 συγγράμματα,

2090 2939 2605 3022 interpolata-sunt.
2641 2936 2918 2993 Eusebius
2952 2939 3020 2992 ad
3058 2944 3259 2993 annum
3287 2932 3391 2988 160
3420 2931 3541 2988 liaec
3573 2946 3680 3015 rio«

2092 3018 2219 3065 tat:
2256 3008 2443 3062 Inachi
2497 3007 2615 3073 filio
2655 3006 2740 3071 Io,
2766 3023 2925 3076 quom
2962 3007 3208 3128 AEqyptii
3234 3013 3437 3060 mutato
3467 3014 3680 3057 uomina

2095 3079 2295 3142 Isidem
2326 3077 2528 3133 colunt.
2556 3077 2601 3130 A
2627 3086 2779 3140 notre
2807 3075 3009 3130 Inacho
3073 3077 3272 3131 iiacliiis
3306 3074 3499 3142 fluvius
3533 3072 3682 3141 apud

2093 3150 2285 3218 Areos.
2328 3149 2369 3202 A
2403 3147 2521 3206 filio
2548 3145 2679 3201 Ione
2717 3145 2986 3215 Bosporus
3025 3154 3380 3212 nuncupatur.
3420 3143 3491 3195 At
3528 3155 3687 3195 anno

2095 3219 2220 3283 481,
2253 3217 2339 3282 10,
2392 3216 2589 3287 inquit,
2628 3215 2743 3271 Iasi
2774 3217 2904 3284 Μία
2938 3215 3150 3284 Jupiter
3189 3211 3377 3266 misius
3405 3219 3486 3264 eat
3513 3224 3533 3263 .·
3567 3225 3684 3281 qua

2093 3290 2150 3342 i’ii
2174 3290 2371 3346 bouem.
2394 3299 2452 3342 ait
2480 3288 2704 3351 dicitur,
2728 3303 2899 3368 verso,
2934 3284 3204 3353 Bosporus
3243 3281 3541 3352 appellatus
3572 3290 3682 3346 est:

2092 3355 2818 3509 22‚r.53:2:¹.¹t”²1„·¹⁰313;¹0²?.⁸,
2836 3346 3682 3496 'iuffglffpdssssl-{a'ss's‘fflfiassi‘i

2096 3495 2240 3552 Scali
2279 3511 2340 3552 er
2368 3497 2758 3561 concinnavit,
2791 3511 2891 3566 pro
2924 3495 3028 3549 lasi
3054 3537 3069 3562 ,
3106 3493 3374 3563 scripturn
3414 3501 3499 3546 est
3537 3489 3681 3544 ’lvd-

2129 3583 2213 3620 ου.
2279 3577 2443 3647 taque
2475 3566 2616 3646 duas
2658 3566 2907 3647 eiusdem
2950 3565 3191 3646 nominis
3220 3570 3449 3632 apparet
3483 3559 3680 3617 fuisse·

2096 3650 2405 3777 ρξψὲἱὲἳῖῗ
2431 3629 3261 3791 33302322‘.l.¹3:333.”x¹5.1‚1333.
3293 3631 3679 3784 misem

2096 3790 2239 3927 23:22
2254 3769 3551 3926 ''itastisili'uilsss‘ttssl3553miii·
3561 3784 3680 3910 ¹331

2095 3916 2278 3970 Attica
2320 3929 2623 3987 cognomen
2652 3913 2916 3978 obtinuit,
2956 3927 3081 3968 cum
3112 3912 3381 3967 haetenus
3410 3913 3548 3966 Acta
3581 3925 3680 3966 vo-

2095 3995 2334 4041 caretur.

2168 4056 2281 4124 (⁴2)
2320 4054 2431 4111 Kal
2470 4053 2807 4110 αὐτοῦτοῦ
2844 4050 3115 4123 Ἰνάχου,
3147 4049 3403 4115 Ἄπιδος.
3447 4048 3677 4104 Multum

2095 4123 2411 4195 discrepant
2442 4123 2677 4179 inachus
2702 4132 2756 4178 et
2785 4124 2950 4194 Apis;
2983 4139 3109 4177 nam
3138 4122 3225 4174 hic
3265 4120 3335 4176 ab
3364 4120 3457 4174 illo
3481 4121 3677 4174 tertius

2095 4201 2204 4319 {tte
2227 4209 2287 4316 gi
2312 4192 2647 4316 pagisorum
2672 4209 2879 4317 ‚Eefum
2925 4195 3088 4249 serie.
3128 4192 3311 4258 Quare
3341 4188 3678 4262 imprudenti

2311 4281 2326 4318 i
2405 4278 2533 4318 aiiio
2567 4277 2687 4318 exci
2732 4279 2747 4316 i
2779 4301 2793 4317 .

2168 4279 2308 4407 (imp
2326 4280 2436 4390 flat
2482 4335 2571 4401 εὶς
2610 4332 2874 4402 αἱρέσεις
2919 4330 3321 4387 συσταθέντα.

2095 4413 2300 4475 praeter
2332 4402 2697 4475 Epiphaniuni
2723 4403 2884 4465 dixit,
2913 4404 3175 4473 mysteria
3206 4402 3296 4455 illa
3330 4416 3452 4471 quae
3477 4401 3548 4456 ab
3571 4398 3677 4456 Or-

2098 4474 2276 4598 pheo,
2312 4475 2637 4544 eaeierisque
2669 4472 2914 4527 Athenas
2947 4472 3239 4541 importata
3275 4471 3527 4534 fuerant,
3558 4470 3669 4541 pbi-

2119 4544 2453 4616 osophorum
2493 4552 2673 4600 sectas
2711 4557 2777 4596 ae
2809 4542 3064 4613 dogmata
3101 4542 3473 4613 propagasse?
3509 4540 3678 4595 Plane

2099 4615 2205 4669 boe.
2231 4615 2566 4678 inauditum,
2594 4627 2660 4668 ac
2686 4613 2884 4668 mirum
2915 4626 2931 4664 ι
2962 4627 3160 4681 neque.
3196 4620 3255 4665 ut
3292 4612 3437 4682 quod
3469 4626 3559 4666 res
3588 4618 3676 4668 est

2099 4684 2301 4750 fatear,
2342 4685 2596 4808 zpeeiem·
2612 4685 2777 4738 ullam
2811 4681 3209 4760 probabilitatis
3243 4682 3505 4738 continet.

2167 4755 2282 4826 (ti)
2323 4757 2347 4775 '⁹
2393 4772 2473 4822 ως
2524 4769 2644 4809 των
2684 4751 3106 4809 Μακεδονικων
3157 4753 3410 4820 χρόνων.
3460 4749 3676 4821 Susque

2096 4825 2275 4896 deque
2324 4826 2552 4890 miscet,
2614 4838 2680 4878 ac.
2721 4823 3008 4895 perturbat
3051 4824 3270 4887 oiunia;
3314 4837 3425 4878 nou
3487 4821 3675 4874 minus

2093 4902 2402 4966 temporum
2451 4909 2616 4965 quain
2660 4893 2944 4954 vei-itatis,
2994 4902 3052 4947 et
3100 4891 3345 4948 historiae
3408 4904 3673 4956 securus;

2096 4963 2603 5048 nam-Macedonica
2634 4961 3153 5044 tempora-quibus
3186 4963 3476 5034 imperium
3524 4961 3673 5015 istud

2095 5034 2301 5102 floruit,
2334 5052 2363 5089 a
2394 5033 2590 5090 Xerxis
2614 5042 2776 5089 aetate
2805 5034 3038 5088 nimium
3069 5031 3523 5099 distant‚-multo
3554 5046 3675 5089 ma-

2093 5107 2178 5177 gis
2211 5120 2242 5160 a
2285 5104 2847 5161 Nabucliodonosore.
2883 5100 2950 5156 Et
2981 5110 3161 5158 tamen
3194 5102 3262 5156 ad
3299 5104 3389 5157 illa
3421 5109 3672 5171 tempora

2095 5183 2369 5230 sectarum
2416 5177 2690 5257 principes
2734 5174 3094 5245 philosophos
3148 5173 3427 5229 exstitisse
3483 5171 3667 5226 docet.

2096 5244 2223 5301 llaec
2255 5254 2384 5300 suut
2421 5247 2840 5300 inextricabilia.

2166 5315 2280 5386 (45)
2333 5314 2584 5368 Πλάτων
2647 5316 2759 5385 γὰρ
2816 5315 2942 5369 κατ’
2994 5312 3230 5368 ἐκεῖνον
3277 5309 3387 5365 τὸν
3438 5309 3667 5377 καιρόν.

2095 5382 2235 5441 Toto
2257 5426 2272 5452 ‚
2308 5385 2525 5456 iuquit,
2569 5384 2663 5439 illo
2692 5385 2871 5454 spatio
2903 5382 3079 5442 Plato.
3126 5393 3181 5439 et
3223 5389 3350 5435 ante
3388 5380 3533 5434 hunc
3567 5378 3672 5453 ny

2095 5456 2187 5510 tlia
2227 5471 2375 5520 oras,
2400 5470 2465 5509 ac
2486 5463 2610 5526 post
2632 5455 2784 5510 illum
2809 5454 3077 5524 Epicurus
3097 5453 3343 5507 emersit.
3372 5449 3669 5513 Xerxisne,

2094 5540 2157 5580 ac
2226 5525 2706 5581 abueliodoiiosori
2734 5523 3110 5593 temporibus?
3142 5521 3296 5577 Uiius
3321 5521 3502 5584 exiis,
3530 5533 3671 5589 quos

2094 5596 2371 5676 recensuit
2427 5594 2802 5666 Epiphanius,
2862 5594 3283 5665 antiquissimus
3332 5589 3673 5670 Pythagoras

2092 5659 3671 5818 3ὲῗ.ἷέ3“.ῧῧξ’,ἣὲῧέ“ἶὲῗ33ἷ“ἱῗῐοὲἕὲἓέιίἒῗξῗυέοὲἲὲό

2093 5803 2273 5860 adhue
2306 5812 2619 5877 superstite.

3379 4328 3519 4397 Quis
3569 4328 3678 4385 hoc
