3850 6517
291 443 397 497 aaa

1322 429 1381 484 S.
1413 426 1755 484 EPtPttANtt
1815 424 2001 482 ACTA
2039 420 2536 479 BOLLANmANA.

3440 416 3544 473 ¹5⁰

290 567 440 615 care.
461 564 626 620 (tuam
660 547 887 605 minime
904 544 1142 605 t'ereudoe
1173 544 1458 600 catholicis
1495 544 1867 599 auribus.sint
1897 545 1941 603 Α
1967 540 2120 595 daret
2155 539 2332 594 velum
2367 547 2533 607 atque
2575 543 2831 592 mutaret.
2876 534 3030 603 Quod
3069 550 3194 591 cum
3240 535 3541 601 audissem,

292 642 698 715 propositiones
750 639 997 710 quaedam
1054 635 1327 706 origenis.
1383 635 1506 690 istic
1557 643 1868 697 coutentae3

290 733 544 805 quamvis
593 731 792 802 inquit,
838 749 856 781 ι
915 727 1053 783 nihil
1094 727 1226 782 mihi
1271 726 1540 796 subripuit
1582 724 1868 795 Origenes,

293 842 394 882 nec
426 825 481 879 in
512 838 634 878 mea
665 818 1018 893 generatione
1074 818 1196 885 l'uit,
1251 833 1351 873 nec
1399 827 1619 888 propter
1656 817 1872 888 aliquas

292 932 380 972 res
409 913 599 970 tnnndi
646 920 743 966 aut
792 909 1163 967 haereditatem
1207 909 1392 963 odium
1439 908 1703 962 adversus
1745 921 1870 960 eum
1900 976 1912 987 .

294 1019 616 1078 pugnasque
639 1001 887 1075 suscepi;
926 1002 1020 1057 sed
1080 1001 1162 1071 (ιιι
1193 999 1514 1070 simpliciter
1552 997 1875 1068 lateam-do-

295 1099 410 1163 leo,
453 1107 506 1151 ct
542 1093 701 1149 valde
743 1093 926 1158 doleo,
981 1075 1172 1146 videns
1220 1091 1487 1160 plurimus
1538 1090 1790 1156 fratrum,
1820 1099 1875 1145 et

293 1203 488 1244 eorum
518 1185 790 1256 praecipue
823 1183 919 1254 qui
951 1184 1348 1253 professionem
1387 1182 1589 1237 habeut
1621 1197 1728 1236 non
1769 1182 1876 1236 mi·

298 1277 524 1341 nimam,
563 1274 695 1329 etin
735 1271 964 1344 gradum
995 1285 1217 1342 quoque
1250 1271 1539 1328 sacerdotii
1573 1270 1875 1325 maximum

297 1374 684 1438 pervenerunt,
726 1364 846 1434 ejus
873 1361 1326 1431 persuasionibus
1351 1361 1630 1430 deceptos.
1667 1368 1720 1415 et
1748 1375 1875 1430 per·

297 1457 616 1513 versissima
671 1455 921 1510 doctrina
969 1453 1125 1509 cibos
1178 1451 1353 1506 tactos
1398 1466 1520 1507 esse
1570 1450 1796 1506 diaboli.
1846 1467 1870 1503 ι

294 1549 544 1605 Conatur
572 1547 736 1617 igitur
764 1563 798 1603 a
830 1546 1111 1617 sequendo
1143 1553 1198 1599 et
1245 1542 1585 1599 defendendo
1623 1541 1873 1613 Origene,

296 1639 615 1704 monendo,
665 1636 957 1703 hortando,
1005 1634 1340 1704 increpando
1386 1631 1650 1688 loannem
1699 1649 1877 1704 quan-

297 1742 412 1790 tum
448 1731 502 1786 in
526 1738 725 1786 seerat
762 1727 1032 1784 abducere
1059 1712 1082 1783 t*
1110 1734 1226 1781 tum
1260 1725 1327 1780 ad
1349 1724 1436 1781 sui
1468 1726 1875 1780 excusationem

300 1825 496 1879 iterum
527 1821 813 1886 relabitur,
847 1819 1181 1889 exponitque
1206 1816 1427 1883 sactum,
1459 1817 1606 1887 quod
1652 1825 1704 1870 et
1740 1816 1876 1871 insi-

299 1928 462 1984 gnern
513 1912 635 1982 ejus
685 1910 863 1965 zelum
912 1909 1172 1974 ostendit,
1222 1909 1275 1962 in
1336 1909 1578 1962 cavendo
1615 1923 1682 1962 eo
1724 1907 1872 1961 omni

301 2004 444 2076 quod
468 2014 632 2060 rectae
662 2001 946 2072 religionis
974 1998 1198 2070 puritati
1230 1998 1777 2069 quantulmncunque
1803 1997 1880 2050 vi-

304 2095 528 2151 debatur
557 2095 861 2148 adversari.
896 2090 1003 2147 Sed
1038 2090 1179 2145 idem
1235 2090 1305 2144 ab
1355 2089 1729 2144 iconomachis
1779 2088 1880 2142 ho-

300 2174 505 2243 diernis
532 2184 768 2256 pessime
810 2184 1150 2239 intellectum
1184 2181 1443 2251 arripitur
1481 2190 1675 2235 contra
1714 2193 1881 2248 expo-

301 2277 557 2333 sitionem
626 2275 949 2347 imaginum.
1007 2271 1068 2327 ln
1129 2274 1232 2328 hoc
1287 2280 1468 2326 autem
1515 2279 1738 2340 apparet
1784 2284 1880 2324 cos

302 2369 483 2439 magis
519 2383 641 2423 esse
676 2368 900 2422 insanos
940 2364 1221 2421 veteribus
1259 2364 1649 2429 iconomachis,
1691 2362 1883 2416 adver-

308 2473 407 2514 sus
435 2473 574 2528 quos
616 2457 885 2514 Nicaenum
918 2473 959 2512 ιι
1001 2456 1297 2513 concilium
1341 2456 1471 2526 egit.
1520 2452 1652 2508 Nam
1700 2454 1777 2518 hi,
1814 2452 1880 2506 ad

315 2560 473 2602 suam
522 2546 766 2611 haeresim
820 2546 1108 2618 Epiphanii
1174 2546 1396 2599 numine
1445 2544 1836 2599 obarmandam
1865 2580 1882 2606 ‚

319 2652 431 2690 non
456 2643 586 2690 sunt
615 2634 769 2689 abusi
802 2650 867 2690 eo
896 2636 1040 2705 quod
1065 2635 1314 2704 sequitur
1346 2634 1511 2699 sacto,
1544 2633 1638 2687 sed
1662 2631 1885 2686 affluxe-

309 2737 438 2781 runt
471 2735 664 2781 saucto
684 2729 977 2796 quamdam
1003 2724 1070 2783 ad
1099 2724 1463 2781 Theodosium
1499 2726 1882 2795 imperatorem

304 2819 616 2889 epistolam,
650 2819 706 2874 in
743 2819 904 2890 cnjus
937 2820 1043 2875 line
1077 2818 1159 2875 sic
1197 2818 1247 2874 ei
1294 2818 1605 2887 scripsisset
1639 2835 1653 2871 ι
1691 2836 1709 2868 r
1746 2814 1885 2882 Quia

308 2909 590 2966 multoties
629 2910 847 2966 locutus
889 2925 1008 2966 sum
1038 2924 1167 2966 cum
1210 2909 1604 2975 comministris
1634 2909 1790 2971 meiS,
1830 2917 1890 2962 ut

310 3001 661 3059 auferrentur
688 3003 974 3075 imagines,
993 3013 1253 3073 receptus
1282 3016 1388 3057 non
1422 3017 1542 3057 sum
1567 3003 1637 3056 al»
1662 3002 1767 3067 eis,
1794 3017 1890 3056 ne·-

309 3107 419 3165 que
457 3094 653 3152 audire
701 3110 889 3153 vocem
933 3113 1113 3153 meam
1162 3093 1355 3151 saltem
1400 3094 1682 3165 paululum
1738 3093 1888 3164 passi

1972 1906 2189 1976 Jusdam
2230 1921 2243 1958 ε

1973 647 2061 686 me
2089 631 2344 685 daturum
2383 644 2506 684 esse
2544 627 2818 698 pollicitus
2863 643 2984 683 sum
3014 647 3028 682 :
3060 628 3336 697 paululum
3361 641 3543 684 autem

1974 740 2253 780 morarum
2284 721 2385 777 l'uit
2411 722 2463 775 in
2512 721 2713 785 medio,
2759 719 2889 774 dum
2930 737 3116 789 quaero
3161 723 3423 790 optimum
3455 738 3547 775 ve·

1973 816 2086 872 lum
2114 831 2213 886 pro
2244 831 2311 869 eo
2348 815 2578 873 mittere,
2612 813 2920 867 arbitrabar
2950 813 3095 867 enim
3122 814 3188 866 tle
3212 813 3392 885 Cypro
3411 815 3542 869 milti

1973 923 2095 964 esse
2125 907 2471 962 mittendum.
2494 904 2650 960 Nunc
2680 913 2864 959 autem
2890 904 3013 958 misi
3042 905 3185 973 qnod
3210 907 3360 974 potui
3390 922 3546 974 repc-

1983 1001 2126 1063 rire;
2163 1007 2217 1053 et
2248 1014 2439 1069 precor
2470 1009 2527 1050 ut
2557 995 2751 1065 jubeas
2787 996 3137 1067 presbyteros
3166 995 3412 1064 ejusrlem
3443 997 3546 1051 loci

1976 1090 2255 1159 suscipere
2279 1090 2454 1142 velum
2496 1103 2527 1142 a
2566 1089 2737 1141 latore
2764 1088 2963 1156 quoda
3001 1087 3159 1141 nobis
3186 1087 3414 1140 missum
3436 1097 3545 1151 est;
3623 1132 3630 1139 .

1974 1192 2031 1239 et
2065 1183 2323 1251 deinceps
2354 1181 2646 1249 praecipere
2677 1180 2729 1233 in
2778 1178 3018 1234 Ecclesia
3047 1178 3248 1233 Christi
3280 1179 3549 1248 ejusmodi

1977 1277 2116 1338 vela,
2146 1288 2268 1344 quae
2296 1279 2486 1328 contra
2516 1271 2838 1343 religionem
2873 1280 3117 1327 nostram
3149 1282 3299 1335 sunt,
3326 1287 3432 1327 non
3457 1288 3551 1342 ap-

1979 1365 2160 1436 pendi.
2182 1384 2202 1418 »
2230 1362 2508 1419 Hactenus
2529 1363 2779 1433 epistola,
2809 1362 2968 1431 cujus
2989 1364 3033 1416 si
3069 1370 3214 1416 recte
3238 1363 3552 1432 expendan-

1979 1466 2068 1510 tur
2102 1454 2289 1519 verba,
2321 1453 2498 1509 velum
2545 1453 2690 1509 istud
2720 1452 3012 1507 discissum
3047 1450 3213 1509 luisse
3248 1455 3550 1524 apparebit,

1979 1555 2084 1595 non
2112 1540 2238 1609 quia
2261 1555 2387 1594 vere
2419 1559 2436 1590 ι
2462 1539 2697 1594 habebat
2721 1539 3014 1609 imaginem
3037 1539 3242 1596 Christi
3273 1544 3352 1596 vel
3376 1542 3552 1597 sancti

1979 1631 2298 1701 cuiusdam
2346 1650 2365 1681 ι
2400 1631 2493 1686 sed
2518 1630 2669 1700 quia,
2700 1646 2825 1685 cum
2861 1631 3087 1687 haberet
3119 1632 3347 1702 effigiem
3375 1633 3553 1686 homi·

1981 1724 2068 1778 nis
2111 1723 2417 1792 cujuspiam
2470 1720 2707 1791 profani,
2753 1731 2849 1777 ant
2889 1722 3028 1777 l'orte
3079 1723 3257 1778 adime
3299 1724 3549 1787 viventis,

1981 1830 2278 1885 appensum
2309 1814 2433 1870 istic
2462 1822 2577 1867 crat
2616 1830 2636 1864 ι
2666 1812 2823 1881 quasi
2855 1812 3061 1868 Christi
3098 1823 3193 1868 aut
3243 1815 3411 1869 sancti
3452 1831 3552 1869 cu·

2290 1924 2310 1958 »
2345 1920 2467 1975 qum
2499 1903 2749 1973 exceptio
2778 1903 3100 1958 orthodoxae
3148 1904 3270 1960 tidci
3312 1906 3553 1976 regulam

1977 2014 2041 2054 cx
2076 1997 2350 2053 contrario
2384 1998 2587 2049 lirmat.

2575 2106 2808 2163 CAPUT
2849 2107 2938 2162 tv,

1985 2203 2279 2273 Propltctioe
2302 2200 2535 2264 dortttm,·
2574 2201 2868 2322 Auctor-allus
2897 2210 2944 2253 et
2978 2199 3112 2253 liber
3143 2199 3216 2254 De
3255 2201 3546 2255 haeresibus

2647 2287 2787 2339 scrip
2814 2287 2897 2325 us.

2049 2362 2138 2416 22.
2161 2359 2400 2414 Plurima
2421 2359 2482 2414 S.
2510 2358 2816 2430 Epiphanii,
2842 2370 2969 2412 aute
3004 2373 3051 2412 e·
3082 2369 3202 2426 post
3232 2370 3547 2429 susceptum

1981 2454 2642 2526 episcopatum,miracula
2659 2467 2776 2508 cont
2789 2454 3004 2507 inentur
3021 2454 3072 2506 in
3086 2453 3253 2518 Actis,
3269 2454 3493 2509 suh‘non
3517 2453 3556 2508 i·

1985 2565 2051 2602 ne
2071 2547 2298 2602 'eatinis
2323 2556 2377 2602 et
2406 2545 2613 2617 Polybii
2641 2545 2953 2614 productim
2986 2546 3081 2600 scd
3104 2546 3255 2611 talia,
3285 2555 3553 2600 uteorum

1986 2641 2256 2709 plenisque
2289 2637 2447 2692 tidem
2478 2638 2699 2708 deroget
2724 2636 3093 2701 Sozomenus,
3120 2653 3323 2706 negans
3355 2637 3555 2691 viventi

1987 2733 2279 2802 contigisse
2310 2739 2367 2784 ut
2388 2729 2664 2784 daemones
2712 2728 2924 2799 fugaret
2964 2739 3019 2784 et
3053 2731 3275 2785 morbos
3319 2738 3555 2784 curaret.

1991 2821 2083 2876 llis
2105 2836 2233 2891 ergo
2263 2821 2663 2891 praetermissis,
2700 2821 2847 2889 qnod
2871 2821 3046 2875 solum
3074 2822 3126 2874 in
3156 2821 3305 2875 dicto
3338 2831 3558 2875 auctore

1991 2913 2147 2969 nobis
2177 2922 2447 2982 superest,
2479 2911 2800 2978 reseramus,
2836 2914 3153 2967 narratione
3187 2912 3330 2967 haud
3367 2928 3558 2982 parum

1990 3005 2225 3068 diversa,
2259 3006 2328 3058 ab
2349 3018 2411 3058 ea
2438 3019 2545 3073 qua
2582 3004 2722 3057 idem
2759 3003 3084 3059 miraculum
3125 3004 3179 3059 in
3224 3003 3375 3059 Actis
3424 3019 3559 3073 pne·

1991 3095 2151 3149 dietis
2182 3102 2516 3149 recensetur.
2541 3092 2717 3148 Verba
2752 3094 3042 3149 Sozomeni
3070 3094 3163 3149 lib.
3187 3111 3285 3160 vn,
3316 3110 3436 3165 cap.
3466 3094 3560 3159 ⁰27,

307 3194 454 3243 sunt.
487 3206 506 3241 ι
534 3185 687 3245 lianc
719 3194 851 3245 vero
882 3188 1176 3259 epistolam
1221 3205 1240 3238 ι
1281 3184 1423 3241 l'also
1451 3186 1881 3275 suprascriptam
1912 3225 1955 3282 C
1996 3187 2107 3241 liaec
2138 3192 2310 3242 sunt:
2352 3204 2370 3237 ι
2407 3184 2566 3241 Aliud
2592 3195 2850 3255 praeterea
2893 3187 3037 3254 quod
3080 3187 3147 3241 de
3191 3186 3283 3241 illo
3328 3185 3560 3241 retertur

306 3279 410 3334 dici
433 3279 674 3349 quidem,
696 3278 791 3337 sed
814 3294 926 3334 non
949 3293 1072 3335 esse
1089 3276 1397 3347 Epiphanii,
1423 3297 1441 3328 ι
1467 3293 1622 3346 atque
1639 3293 1703 3331 ac
1721 3277 1882 3330 aliam

306 3366 363 3426 in
388 3387 498 3441 qua
521 3369 855 3439 scripsisset,
885 3388 903 3420 ι
935 3367 1013 3423 Ne
1033 3367 1308 3422 inducatis
1337 3365 1606 3437 imagines
1636 3366 1691 3419 in
1715 3366 1890 3420 cccle-

307 3466 441 3526 sias,
493 3475 671 3531 nequc
714 3459 768 3514 in
811 3458 1125 3515 coemeteria
1163 3467 1502 3523 sanctorum,
1561 3455 1658 3512 sed
1715 3472 1891 3526 neque

308 3552 362 3608 in
405 3554 632 3609 domum
677 3566 1061 3616 communem3
1105 3568 1125 3602 ι
1162 3565 1287 3605 cum
1335 3549 1522 3604 multis
1563 3548 1892 3603 ostendisset

308 3643 556 3716 synodus
597 3650 705 3699 act.
737 3642 792 3710 6,
821 3658 881 3699 se
918 3642 1139 3714 quidem
1185 3661 1202 3694 ι
1231 3649 1482 3697 sanctum
1525 3638 1743 3693 Patrem
1793 3638 1891 3692 do-

308 3744 520 3791 ctorem
567 3735 822 3791 Eeclesiae
861 3734 1146 3791 catholicae
1196 3747 1380 3796 nosse,
1431 3730 1887 3800 conscriptionem

312 3840 442 3882 vero
478 3843 499 3877 ι
535 3825 772 3895 abjicere
801 3825 1001 3880 iterum
1030 3823 1320 3892 prolitetur
1347 3839 1362 3874 t
1385 3822 1515 3889 quia
1553 3839 1571 3871 ι
1599 3821 1715 3875 haec
1748 3836 1893 3874 men·

312 3919 470 3973 dacis
502 3915 825 3970 assertionis
876 3912 1210 3979 conscripta,
1259 3925 1381 3981 quae
1430 3921 1615 3985 eontra
1659 3928 1890 3968 venera-

314 4009 458 4063 biles
488 3988 758 4069 iinagines
796 4011 948 4063 sunt.
973 4000 1227 4055 dicuntur
1271 4000 1488 4073 quidem
1513 4016 1544 4055 a
1564 4004 1890 4073 quibusdam

319 4098 383 4154 S.
415 4091 709 4163 Epiphanii
735 4107 872 4157 esse,
919 4091 1011 4148 sed
1044 4093 1192 4149 nullo
1218 4094 1377 4150 modo
1404 4103 1554 4150 sunt.
1587 4114 1606 4149 ι

396 4183 707 4255 23.·lpsunt
730 4200 893 4256 porro
928 4183 1166 4252 lacuna.
1225 4186 1384 4258 cujus
1432 4188 1725 4243 occasione
1771 4187 1894 4243 haec

326 4277 489 4342 dicta,
526 4275 814 4330 audiamus
850 4277 1083 4347 propriis
1125 4277 1244 4349 ejus
1293 4277 1496 4334 verbis.
1537 4296 1555 4329 ι
1599 4276 1890 4343 Praeterva,

323 4369 530 4440 inquit,
578 4367 759 4423 audivi
819 4366 1087 4438 quosdam
1141 4384 1488 4424 murmurare
1545 4379 1734 4425 contra
1785 4386 1890 4434 mc,

315 4458 447 4530 quis
471 4457 693 4528 quando
721 4456 885 4512 sintul
930 4457 1288 4528 pergrbamus
1315 4457 1383 4511 ad
1414 4466 1665 4512 sanctum
1711 4459 1890 4512 locum

313 4637 695 4696 ecclesiastico
733 4637 990 4704 lacerem,
1025 4649 1079 4694 et
1127 4639 1396 4694 venissem
1446 4639 1512 4694 ad
1557 4639 1738 4694 villam
1770 4653 1892 4708 qnae

315 4728 524 4785 dicitur
565 4727 891 4796 Anablatha‚
921 4729 1290 4799 vidissemque
1325 4728 1398 4784 ibi
1451 4729 1764 4798 praeteriens
1808 4730 1893 4781 lu-

318 4835 544 4875 cernam
608 4819 883 4873 ardentem
913 4859 928 4885 ,
984 4830 1038 4874 et
1085 4818 1507 4888 interrogassem
1567 4818 1690 4887 quis
1741 4818 1894 4872 locus

319 4922 487 4976 essct,
518 4909 939 4980 didicissemque
964 4923 1085 4964 esse
1109 4909 1419 4974 ecclesiam,
1442 4916 1497 4963 et
1520 4909 1808 4963 intrassem
1838 4915 1898 4962 ut

320 5017 570 5068 orarem3
645 5000 829 5056 inveni
891 5000 964 5053 ibi
1023 5001 1198 5054 velum
1274 5000 1515 5071 pendens
1575 4998 1629 5053 in
1692 4999 1897 5053 loribus

321 5093 562 5161 ejusdem
595 5091 863 5158 ecclesiae,
905 5093 1135 5145 tinctum
1184 5104 1344 5162 atque
1384 5090 1682 5160 depictum,
1717 5100 1770 5144 et
1800 5090 1899 5142 lta-

326 5184 799 5256 bensimagiu··m,
827 5182 989 5253 quasi
1016 5182 1219 5237 Christi
1246 5183 1329 5236 vel
1362 5182 1540 5237 sancti
1574 5182 1895 5250 cujusdam:

328 5291 428 5331 nec
456 5277 600 5332 cuim
642 5275 781 5330 satis
824 5272 1048 5335 memini
1095 5274 1253 5343 cujus
1295 5273 1474 5342 imago
1529 5270 1709 5327 luerit.
1760 5270 1896 5326 Cum

326 5378 460 5437 ergo
489 5366 592 5420 hoc
614 5366 896 5430 vidissem,
942 5365 996 5419 in
1027 5364 1258 5420 ecclesia
1299 5362 1525 5427 Christi,
1571 5373 1760 5416 contra
1809 5376 1901 5414 an-

326 5456 636 5513 ctoritatetn
675 5456 1109 5528 Scripturarum,
1152 5457 1391 5511 hominis
1434 5453 1665 5524 pendere
1707 5452 1900 5522 imagi-

325 5560 491 5610 nem;
529 5545 664 5599 scidi
693 5548 822 5603 illud
849 5558 906 5604 et
950 5548 1126 5619 magis
1167 5548 1287 5602 dedi
1338 5544 1625 5600 consilium
1662 5543 1902 5598 custodi-

326 5641 429 5694 bus
455 5636 701 5709 ejusdem
734 5640 855 5708 loci,
885 5653 944 5696 ut
978 5655 1270 5712 pauperem
1308 5647 1579 5694 mortuum
1617 5651 1682 5691 eo
1714 5637 1902 5691 obvol-

324 5741 513 5786 verent
578 5740 634 5785 et
681 5729 952 5787 efferrent.
1003 5733 1192 5803 llliqne
1244 5745 1431 5787 contra
1493 5741 1901 5787 nitumurantes

326 5821 607 5886 dixerunt,
635 5816 693 5874 st
714 5819 962 5874 scindere
987 5822 1471 5891 voluer-alstanum
1498 5834 1635 5889 enat,
1664 5834 1721 5877 ut
1752 5824 1897 5878 aliud

1992 3292 2423 3333 commemorare
2457 3277 2611 3331 libet.
2645 3277 2701 3331 ld
2726 3277 2945 3347 quidem
2976 3277 3043 3332 ab
3082 3277 3404 3333 admirando
3429 3277 3561 3333 Gre-

1991 3367 2166 3437 gorio,
2190 3366 2285 3437 qui
2315 3365 2810 3423 Neoeaesariensem
2847 3369 3013 3424 etiam
3068 3369 3206 3424 rexit
3234 3366 3561 3434 Ecclesiam,

1993 3469 2202 3530 gestum
2232 3475 2355 3516 esse
2380 3461 2563 3530 accepi
2595 3469 2650 3515 et
2687 3462 2922 3515 libenter
2964 3461 3165 3525 credo:
3206 3462 3299 3516 sed
3334 3476 3443 3516 non
3482 3463 3560 3516 ἰιΙ-

1992 3553 2141 3608 eirco
2168 3552 2485 3608 incredibile
2511 3552 2680 3607 videri
2723 3554 2881 3608 del-et
2921 3553 3061 3607 illem
3093 3568 3313 3624 quoque
3357 3552 3561 3609 laetum

1991 3643 2060 3698 ab
2084 3642 2424 3713 Epipltanio;
2459 3659 2637 3713 neque
2684 3646 2828 3698 enim
2877 3645 3027 3698 solus
3060 3643 3251 3698 Petrus
3284 3646 3563 3712 apostolus

1992 3719 2269 3788 mortuum
2334 3733 2403 3788 ab
2468 3732 2656 3788 inseris
2712 3735 3095 3797 resnsritavit3
3153 3748 3339 3786 rerum
3396 3733 3561 3788 etiam

1991 3823 2229 3880 loannes
2259 3824 2311 3878 iu
2340 3824 2477 3878 urhe
2502 3823 2740 3892 Epheso,
2763 3835 2817 3877 et
2840 3822 3075 3893 Philippi
3104 3823 3228 3879 ssliae
3252 3822 3522 3894 Hierapoli
3545 3844 3561 3891 ;

1995 3917 2323 3988 multosque,
2370 3925 2479 3970 tam
2516 3930 2581 3970 ex
2625 3915 2868 3984 antiquis
2903 3930 3068 3985 quam
3113 3929 3179 3970 ex
3215 3928 3415 3970 nostrae
3444 3929 3563 3970 me-

1997 4008 2181 4062 moriae
2225 4007 2330 4078 piis
2378 4005 2715 4071 homiuibus,
2778 4007 2965 4060 eadem
3021 4020 3395 4075 saepeuumcro
3438 4020 3565 4077 ges·

1993 4104 2131 4169 sisse
2162 4101 2546 4171 comperimus.
2577 4099 2630 4155 ld
2662 4106 2867 4166 autem,
2898 4097 3045 4170 quod
3072 4099 3252 4154 dicere
3279 4100 3561 4171 proposui,

1996 4191 2305 4261 hujusmodi
2341 4201 2445 4245 cst.

2063 4282 2153 4337 25.
2189 4301 2209 4335 ι
2242 4282 2359 4338 Duo
2384 4281 2603 4352 quidam
2639 4280 3033 4344 niendici,cum
3069 4278 3429 4351 Epiphanium
3473 4297 3559 4334 ve-

1997 4371 2230 4426 nientem
2258 4372 2665 4433 observassent,
2690 4379 2748 4423 ut
2778 4370 2903 4439 plus
2929 4370 3174 4440 pecuniae
3199 4369 3269 4424 ab
3295 4385 3361 4425 eo
3380 4386 3566 4425 emun-

1996 4471 2204 4534 gerent,
2239 4461 2377 4517 alter
2402 4463 2620 4531 quidem
2645 4477 2858 4526 curum,
2884 4478 3047 4530 super
3071 4462 3247 4516 solum
3282 4473 3562 4528 extensuS,

209 4604 213 4608 .
313 4551 410 4621 qui
451 4557 678 4603 vocatur
700 4545 909 4613 Bethel,
946 4557 1005 4603 ut
1040 4548 1113 4603 ibi
1143 4546 1424 4603 collectam
1453 4558 1632 4603 tecum
1654 4563 1719 4603 ex
1744 4564 1894 4602 more
1926 4557 1969 4612 ι)
1999 4565 2214 4608 ωοηιιο
2248 4551 2443 4608 similis
2478 4552 2683 4621 jacuitz
2714 4554 2850 4606 alter
2886 4569 3016 4607 vero
3058 4567 3223 4622 prope
3254 4563 3409 4607 stans
3449 4552 3565 4622 plo-

2003 4646 2176 4707 rabat,
2204 4644 2365 4699 simul
2392 4644 2596 4698 sodalis
2630 4643 2713 4698 sui
2761 4654 2988 4698 mortem
3032 4644 3353 4707 lamentans,
3402 4643 3564 4698 sinml

1998 4747 2290 4808 egestatem
2326 4753 2479 4792 suam
2516 4753 2773 4807 querens,
2802 4736 2944 4807 quod
2993 4736 3140 4788 illum
3183 4735 3412 4804 sepelire
3455 4751 3565 4790 nou

2001 4840 2200 4896 posset.
2233 4826 2573 4897 Epiphanius
2608 4843 2758 4892 vero,
2796 4827 2990 4897 iacenti
3022 4825 3261 4895 requiem
3303 4840 3565 4896 appreca-

1999 4925 2108 4979 tus,
2140 4931 2261 4986 quae
2309 4914 2375 4970 ad
2429 4919 2763 4986 sepulturam
2810 4916 3115 4970 necessaria
3158 4894 3314 4970 eram
3349 4915 3564 4970 urendi·

1997 5007 2140 5061 canti
2174 5006 2416 5067 donavit,
2459 5009 2718 5076 llentiqnc
2749 5009 2886 5062 dixit
2916 5026 2929 5061 :
2965 5007 3108 5061 Cura
3148 5006 3482 5076 sepulturam
3512 5015 3567 5062 et

2000 5101 2214 5169 plorare
2236 5100 2442 5164 desine,
2483 5101 2554 5154 Ιὶιὶ
2582 5118 2596 5166 ;
2624 5116 2797 5170 neque
2824 5101 2966 5154 enim
3006 5101 3060 5153 in
3094 5098 3346 5169 pratscnti
3380 5113 3567 5155 resur-

2000 5203 2085 5260 get
2110 5209 2123 5246 z
2149 5192 2291 5260 qnod
2316 5206 2442 5246 vero
2471 5191 2670 5246 accidit
2698 5190 3009 5247 inevitabile
3032 5204 3095 5244 ac
3126 5203 3350 5260 prorsus
3373 5204 3566 5248 neces-

2000 5282 2228 5343 sarinm,
2251 5280 2304 5334 id
2336 5279 2460 5335 l'orti
2489 5283 2673 5337 animo
2699 5283 2978 5338 serendum
3006 5292 3108 5336 est.
3137 5281 3201 5337 Et
3229 5281 3564 5352 Epiphanius

2001 5373 2217 5442 quidem
2254 5373 2338 5426 his
2367 5373 2529 5429 dictis
2555 5375 2846 5430 abscessit.
2883 5372 3019 5427 Cum
3056 5384 3236 5428 autem
3271 5388 3429 5428 nemo
3452 5376 3563 5446 jam

2004 5463 2057 5517 in
2092 5473 2385 5532 conspectu
2415 5476 2581 5529 esset,
2617 5467 2896 5522 mendicus
2934 5477 3089 5522 stans
3120 5466 3390 5537 jacentem
3435 5468 3567 5535 pede

2004 5554 2217 5624 pulsare
2240 5556 2424 5624 coep'tt,
2475 5555 2703 5610 laudans
2738 5559 2882 5628 quod
2921 5570 3195 5614 mortuum
3238 5557 3451 5627 egregie
3490 5557 3566 5609 si·

2002 5645 2301 5700 mulasset:
2338 5654 2412 5709 et,
2441 5647 2636 5716 Surge,
2680 5650 2888 5718 inquit;
2938 5665 3003 5704 cx
3053 5651 3234 5705 labore
3276 5658 3370 5701 tuo
3419 5648 3566 5701 hunc

2003 5740 2183 5794 laetum
2229 5741 2593 5809 transigemus
2642 5742 2807 5797 diem.
2846 5741 2950 5797 Sed
2994 5759 3117 5798 cnm
3174 5741 3263 5796 ille
3307 5747 3569 5811 perpetuo

2000 5831 2223 5898 jaceret,
2259 5839 2311 5882 et
2346 5830 2516 5884 nihilo
2540 5831 2659 5901 plus
2693 5847 2795 5888 nce
2834 5835 3158 5889 clamantem
3204 5832 3435 5896 audiret,
3463 5844 3565 5888 nce
