3850 6517
314 474 422 529 533

1062 469 1435 532 ADVERSUS
1471 473 1814 531 nAERESEs
1854 475 1985 532 ΗΒ.
2026 478 2069 531 l.
2115 476 2282 533 TOM.
2323 476 2465 533 11.—
2503 476 2782 534 IIAERES.
2816 476 3007 532 xxxi.

3472 478 3581 535 ⁵3⁴

312 592 601 663 λύτρωσις,
656 590 745 645 ἶνα
792 606 877 653 τις
913 587 1005 644 τὸν
1047 592 1211 661 μῖμον
1248 592 1410 646 αὐτὸν
1450 590 1765 664 περαιώσας
1798 590 1890 647 τὸν
1922 599 1967 655 Α
1997 593 2196 648 fabulae
2245 592 2462 660 exodio,
2500 592 2809 649 dimittendi
2856 601 3072 663 tempus
3115 600 3224 657 est,
3257 591 3573 648 consultum

314 687 759 753 ἀνασκευάζοντα
779 686 937 756 λόγον
965 689 1281 756 ἐπενεγκεῖν
1303 690 1345 750 ⁸,
1369 688 1551 754 καλῶς
1607 689 1754 761 ἔχειν
1796 692 1899 743 ὐπ-

314 778 588 849 ελάδομεν
611 776 876 841 ἐπιδεῖξαι
898 776 1181 848 πρότερον,
1214 778 1276 831 ἐν
1300 772 1383 842 οἷς
1410 781 1459 833 οί
1480 778 1717 851 πατέρες
1743 781 1900 835 αὐτοὶ

315 870 470 925 τοῦδε
503 869 600 924 τοῦ
635 868 808 939 θυμοῦ
836 872 857 902 ⁸
885 868 1233 940 διαφέρονται
1255 870 1396 941 πρὸς
1427 870 1708 943 ἀλλήλους,
1728 872 1807 936 ὡς
1833 873 1899 926 ὲκ

313 961 590 1033 διαφόρων
611 958 937 1030 πνευμάτων
954 957 1058 1027 τῆς
1077 957 1285 1030 πλάνης
1298 958 1471 1024 ὅντες.
1494 961 1605 1014 Καὶ
1622 961 1688 1013 ὲκ
1707 958 1897 1013 τούτου

316 1054 429 1124 γὰρ
460 1050 704 1121 ἀκριδῶς
737 1035 967 1104 συνιδεῖν
988 1049 1163 1117 ἔσται,
1187 1054 1282 1106 καὶ
1307 1052 1415 1123 πρὸ
1438 1052 1539 1124 τῆς
1570 1052 1897 1119 ἀποδείξεως

322 1144 543 1215 βεδαίαν
557 1142 655 1213 τὴν
678 1140 785 1195 ὑπὸ
803 1140 907 1212 τῆς
946 1140 1276 1213 Ἐκκλησίας
1321 1144 1739 1217 κηρυσσομένην
1769 1144 1899 1216 ἀλη-

321 1236 489 1299 θειαν,
518 1234 610 1287 καὶ
640 1233 739 1304 τὴν
766 1231 874 1287 ὑπὸ
902 1230 1111 1287 τούτων
1133 1233 1663 1306 παραπεποιημένην
1691 1234 1895 1306 ψευδη-

317 1327 521 1398 γορίαν.
554 1326 620 1379 Ἠ
659 1324 761 1395 μὲν
786 1323 897 1396 γὰρ
925 1322 1254 1395 Ἐκκλησία,·
1272 1325 1475 1397 καίπερ
1495 1325 1616 1379 καθ’
1642 1326 1775 1397 ὅλης
1794 1326 1894 1398 τῆς

314 1418 637 1489 οἰκουμένης
664 1416 772 1478 ἓως
796 1414 1047 1486 περάτων
1071 1413 1171 1484 τῆς
1202 1414 1305 1482 γῆς
1323 1414 1721 1488 διεσπαρμένη,
1742 1416 1893 1488 παρὰ

312 1508 371 1563 δὲ
393 1508 525 1573 τῶν»
543 1506 855 1561 ἀποστόλων
905 1507 1001 1560 καὶ
1030 1504 1140 1559 τῶν
1165 1504 1388 1559 ἐκείνων
1423 1506 1682 1579 μαθητῶν
1714 1524 1893 1580 παρα-

313 1599 558 1653 λαόοῦσα
584 1598 681 1670 τὴν
706 1599 789 1662 εἰς
813 1597 912 1652 ἓνα
950 1598 1083 1652 Θεὸν
1122 1599 1342 1671 Πατέρα
1365 1599 1779 1671 παντοκράτορα
1801 1599 1891 1655 τὸν

314 1688 656 1760 πεποιηκότα
691 1687 782 1741 τὸν
834 1685 1061 1759 ούρανδν
1113 1687 1205 1739 καὶ
1249 1686 1346 1758 τὴν
1376 1686 1504 1756 γῆν,
1540 1687 1633 1740 καὶ
1672 1686 1770 1749 τὰς
1797 1685 1891 1739 θα·

311 1781 540 1844 λάσσας,
573 1780 668 1832 καὶ
701 1778 881 1831 πάντα
905 1776 979 1831 τά
1006 1777 1065 1831 ὲν
1088 1778 1292 1842 αὐτοῖς,
1329 1779 1536 1845 πίστιν,
1566 1779 1660 1831 καὶ
1687 1779 1768 1840 είς
1795 1778 1892 1831 ἕνα

311 1871 545 1941 Χριστὸν
590 1867 797 1948 Ἰησοῦν
828 1866 920 1923 τὸν
960 1867 1093 1922 Υίδν
1126 1866 1222 1922 τοῦ
1251 1867 1386 1922 Θεοῦ
1412 1867 1504 1922 τὸν
1538 1867 1893 1939 σαρκωθέντα

2000 686 2118 741 sore
2141 684 2419 750 duximus,
2457 686 2502 742 si
2533 685 2599 740 ad
2644 686 2860 740 illorum
2896 683 3297 740 confutandum
3330 677 3582 739 errorent

1998 776 2203 849 aliquid
2253 775 2668 845 subjiceremus.
2702 772 2808 830 Sed
2842 775 2995 844 prius
3040 785 3222 831 tamen
3277 774 3566 831 ostenden-

1995 870 2126 925 dum
2156 867 2290 924 illud
2323 879 2429 933 est,
2464 866 2665 939 quibus
2709 867 2766 922 in
2795 868 2960 923 rebus
2989 866 3187 923 rabulae
3220 867 3371 923 illius
3391 875 3584 920 ancto-

1996 975 2086 1017 res
2114 975 2145 1015 a
2176 975 2238 1017 se
2268 958 2508 1014 invicem
2546 957 2871 1023 dissideant,
2897 971 3037 1027 quos
3063 955 3265 1011 diversi
3298 957 3449 1012 velut
3473 953 3568 1010 sal·

1995 1052 2174 1109 sitatis
2201 1052 2429 1123 spiritus
2465 1048 2774 1105 contrarias
2811 1049 2867 1103 in
2912 1057 3094 1119 partes
3126 1047 3425 1117 abripiunt.
3459 1043 3568 1101 Hor

1993 1144 2138 1201 enim
2165 1160 2231 1199 cx
2256 1142 2436 1214 capite
2471 1141 2556 1197 vel
2601 1140 2740 1197 citra
2765 1140 3141 1211 probationem
3173 1138 3339 1192 ullam
3380 1135 3566 1192 certis·

1997 1235 2134 1291 sime
2164 1234 2458 1299 constabit,
2490 1248 2615 1289 cum
2637 1232 2870 1288 solidam
2903 1244 2968 1286 ac
2996 1227 3248 1286 stabilem
3280 1241 3406 1284 esse
3431 1225 3567 1281 veri·

1993 1334 2161 1383 tatem
2198 1326 2369 1391 illam,
2401 1340 2568 1395 quam
2613 1322 2858 1380 Ecclesia
2889 1320 3168 1393 praedicat,
3213 1327 3328 1374 tum
3359 1318 3570 1375 adulte·

1992 1418 2169 1473 rinam
2197 1432 2262 1472 ac
2286 1414 2603 1472 mendacem
2629 1413 2848 1470 illorum
2883 1428 3008 1470 esse
3032 1411 3360 1469 doctrinam.
3392 1408 3582 1480 Siqui-

1992 1509 2114 1565 dem
2149 1507 2396 1564 Ecclesia
2460 1515 2573 1563 toto
2605 1506 2735 1562 licet
2784 1504 2922 1561 orbe
2974 1503 3047 1560 ad
3085 1511 3359 1559 extremos
3400 1513 3572 1572 usque
3659 1546 3663 1550 .

1994 1610 2266 1656 terrarum
2319 1597 2525 1653 limites
2573 1579 2848 1667 dispersa,
2884 1610 3010 1652 cum
3064 1594 3135 1650 ab
3179 1592 3442 1663 apostolis
3475 1608 3568 1650 eo-

1993 1705 2224 1760 rumque
2252 1688 2540 1758 discipnlis
2597 1686 2756 1743 iidem
2803 1685 3078 1755 acceperit
3117 1685 3170 1739 in
3206 1700 3376 1740 unum
3404 1683 3570 1741 ὓειιιιι

1992 1782 2212 1855 Ιξιιιτειιι
2257 1780 2714 1852 omnipotentem,
2760 1780 2859 1850 qui
2904 1778 3130 1843 coelum,
3162 1784 3478 1847 terramque
3509 1791 3576 1834 ac

1992 1872 2190 1937 maria,
2248 1885 2393 1926 cum.
2433 1870 2706 1927 universis
2765 1884 2888 1941 quae
2938 1869 2996 1925 in
3037 1867 3150 1924 illis
3179 1867 3569 1938 comprehensa

311 1962 450 2033 ὑπὲρ
476 1960 577 2029 τῆς
599 1957 873 2030 ἡμετέρας
904 1958 1200 2029 σωτηρίας.
1244 1958 1340 2012 καὶ
1382 1959 1463 2022 εἰς
1488 1956 1712 2029 Πνεῦμα
1733 1958 1888 2026 ἅγιον
1921 1945 1963 2000 Β
1993 1973 2141 2030 sunt,
2176 1960 2463 2027 condidm
2490 1970 2547 2017 et
2588 1960 2646 2016 in
2677 1975 2844 2017 unum
2876 1958 3065 2016 lesum
3099 1957 3298 2014 Filium
3331 1959 3453 2023 Dei,
3480 1959 3571 2029 qui

307 2052 369 2107 τὸ
392 2051 482 2106 διὰ
508 2051 620 2105 τῶν
647 2048 944 2121 προφητῶν
970 2049 1276 2121 κεκηρυχός
1300 2049 1401 2115 τάς
1432 2049 1762 2121 δίκονομίας,
1789 2051 1888 2104 καὶ

303 2145 404 2209 τὰς
432 2144 693 2207 ὲλεύσεις,
724 2142 819 2196 καὶ
854 2142 954 2213 τὴν
978 2142 1045 2196 ὲκ
1075 2141 1346 2213 παρθένου
1380 2142 1659 2213 γέννησιν,
1698 2140 1795 2196 καΐιΙ
1824 2139 1887 2195 τὸ

304 2236 497 2302 πάθος,
521 2236 616 2289 καὶ
639 2234 738 2305 τὴν
760 2233 981 2304 ἔγερσιν
1012 2234 1078 2287 ὲκ
1098 2231 1330 2304 νεκρῶν,
1364 2234 1463 2287 καὶ
1490 2232 1591 2304 τὴν
1615 2232 1885 2304 ένσαρκον

304 2327 384 2389 είς
403 2327 527 2387 τοὺς
552 2324 813 2394 οὐρανοὺς
842 2322 1105 2392 ἀνάληψιν
1132 2320 1229 2375 τοῦ
1257 2322 1619 2395 ηγαπημρνου
1641 2320 1884 2396 Χριστοῦ

319 2415 495 2484 Ἰησοῦ
516 2413 610 2467 τοῦ
647 2413 852 2483 Κυρίου
879 2412 1058 2483 ἡμῶν,
1081 2412 1180 2467 καὶ
1206 2414 1305 2486 τὴν
1324 2417 1392 2469 ὲκ
1407 2416 1517 2469 τῶν
1544 2413 1793 2486 οὐρανῶν
1824 2412 1885 2468 ἐν

309 2513 374 2580 τῇ
398 2508 527 2577 δόξῃ
554 2505 650 2560 τοῦ
682 2506 891 2577 Πατρδς
920 2508 1223 2579 παρουσίαν
1254 2508 1443 2572 αὐτοῦ,
1475 2508 1648 2563 ὲπὶτδ
1679 2510 1883 2563 ἀνακε·

308 2598 722 2672 φαλαιὼσασθαι
741 2598 811 2652 τά
842 2599 1043 2664 πάντα,
1065 2599 1163 2655 καὶ
1180 2600 1481 2669 ἀναστῆσαι
1506 2602 1671 2654 πᾶσιν
1701 2601 1885 2671 σάρκα

305 2694 489 2763 πάσης
520 2689 962 2764 ἀνθρωπότητος,
1002 2690 1093 2745 ῐνα
1134 2690 1356 2762 Χριστῷ
1382 2681 1559 2761 Ἰησοῦ
1585 2690 1663 2762 τῷ
1693 2692 1886 2762 Κυρίῳ

301 2790 332 2857 ἠ
342 2785 482 2857 μῶν,
510 2786 605 2840 καὶ
623 2784 745 2855 Θεῷ
768 2786 861 2838 καὶ
888 2784 1104 2856 Σωτῆρι
1130 2785 1226 2838 καὶ
1254 2782 1464 2854 βασιλεῖ
1496 2782 1638 2837 κατά
1674 2784 1774 2855 τὴν
1794 2784 1887 2837 εύ-

297 2878 483 2933 δοκίαν
541 2875 636 2931 τοῦ
691 2876 905 2949 Πατρδς
938 2874 1034 2930 τοῦ
1062 2878 1299 2949 ἀοράτου
1336 2873 1462 2929 πᾶν
1493 2875 1642 2945 γόνυ
1675 2874 1883 2944 κάμψῃ

300 2969 695 3037 ἐπουρανίων,
728 2966 828 3024 not
859 2965 1162 3037 ἐπιγείων,
1187 2966 1310 3031 καὶ,
1324 2965 1760 3034 καταχθονίων,
1782 2966 1884 3022 καὶ

300 3060 471 3117 πᾶσα
500 3058 759 3126 τλᾶυσα
802 3057 1319 3129 ἐξομολογήσηται
1348 3054 1531 3122 αὐτῷ,
1578 3057 1674 3111 καὶ
1697 3057 1882 3126 κρίσιν

298 3134 511 3206 δικαίαν
541 3153 603 3205 ὲν
629 3154 745 3216 τοῖς
774 3152 912 3205 πᾶσι
948 3150 1276 3221 ποιήσηται·
1311 3148 1381 3203 τά
1407 3147 1506 3219 μὲν
1532 3149 1882 3219 πνευματικὰ

296 3242 393 3313 τῆς
415 3241 704 3314 πονηρίας,
731 3242 827 3297 καὶ
851 3240 1117 3310 ἀγγέλους
1141 3242 1271 3304 τοὺς
1292 3238 1767 3311 παραὸεὸηκότας,
1785 3239 1882 3294 καὶ

300 3335 359 3386 ὲν
378 3334 680 3407 ἀποστασία
703 3334 1022 3403 γεγονότας,
1073 3332 1167 3386 καὶ
1198 3324 1329 3396 ’τοὺς
1358 3332 1599 3396 ἀσεδεῖς,
1633 3331 1729 3385 καὶ
1761 3330 1881 3386 ἀδί-
1907 3292 1953 3354 c

222 3440 242 3447 ·
303 3439 454 3487 κους,
481 3423 580 3478 καὶ
623 3424 875 3497 ἀνόμους,
924 3423 1021 3479 καὶ
1049 3423 1406 3495 βλασφήμους
1431 3422 1542 3477 τῶν
1576 3422 1881 3494 ἀνθρώπιον

298 3513 383 3578 εἰς
397 3511 460 3569 τὸ
480 3514 700 3570 αἰώνιον
718 3514 832 3587 πῦρ
847 3514 1039 3587 πέμψῃ
1059 3531 1075 3546 ·
1093 3518 1206 3578 τοῖς
1228 3514 1287 3568 δὲ
1310 3513 1561 3579 δικαίοις,
1579 3515 1675 3569 καὶΙ
1688 3514 1880 3578 ὁσίοις,

297 3605 393 3659 καὶ
413 3604 513 3673 τὰς
542 3605 765 3671 ἐντολάς
789 3604 960 3661 αὐτοῦ
998 3607 1357 3679 τετηρηκόσι,
1385 3609 1482 3662 καὶ
1503 3609 1562 3659 ὲν
1591 3607 1672 3676 τῇ
1690 3606 1880 3677 ἀγάπῃ

295 3694 459 3750 αὐτοῦ
502 3695 936 3768 διαμεμενηκόσι
987 3700 1104 3759 τοῖς
1152 3697 1251 3750 ἀπ’
1301 3696 1499 3768 ἀρχῆς,
1547 3699 1662 3759 τοῖς
1698 3695 1758 3749 δὲ
1815 3697 1882 3749 ὲκ

298 3787 621 3856 μετανοίας·
639 3785 782 3849 ζωὴν
805 3786 1199 3855 χαρισάμενος,
1224 3784 1534 3855 ἀφθαρσίαν
1546 3785 1881 3857 δωρήσηται,

297 3877 567 3941 καὶδόξαν
604 3876 828 3930 αἰωνίαν
860 3875 1219 3946 περιποιήσῃ.

374 4049 499 4103 AA'.
532 4046 703 4107 Τοῦτο
727 4048 790 4101 τὸ
827 4048 1089 4119 κήρυγμα
1124 4046 1518 4119 παρειληφυῖα,
1555 4050 1649 4103 καὶ
1676 4048 1879 4122 ταύτην

306 4141 402 4211 τὴν
444 4140 648 4205 πίστιν,
679 4139 755 4204 ὡς
799 4139 1137 4212 προέφαμεν,
1170 4140 1204 4212 ἡ
1244 4140 1555 4212 Ἐκκλησία,
1584 4141 1788 4214 καίπερ
1819 4143 1881 4197 ὲν

303 4232 408 4302 ὅλῳ
423 4230 503 4303 τῷ
532 4231 720 4303 κόσμῳ
740 4232 1136 4303 διεσπαρμένῃ,
1178 4231 1456 4302 ἐπιμελῶς
1481 4233 1769 4305 φυλάσσει,
1802 4234 1879 4298 ὡς

296 4326 392 4379 ἕνα
427 4319 577 4377 οἷκον
601 4322 845 4379 οίκοῦσα·
893 4325 985 4378 καὶ
1025 4323 1227 4394 δμοίως
1257 4325 1503 4387 πιστεύει
1545 4326 1777 4390 τούτοις,
1802 4324 1880 4390 ὡς

300 4415 427 4487 μίαν
444 4413 625 4486 ψυχὴν
649 4416 741 4470 καὶ
770 4416 872 4488 τὴν
890 4415 1058 4487 αὐτὴν
1093 4415 1296 4487 ἔχουσα
1325 4416 1575 4490 καρδίαν·
1608 4416 1707 4471 καὶ
1741 4433 1880 4487 συμ-

299 4507 489 4576 φώνως
509 4506 683 4561 ταῦτα
708 4507 994 4578 κηρύσσει,
1035 4507 1130 4562 καὶ
1151 4507 1414 4574 διδάσκει,
1446 4508 1543 4563 καὶ
1573 4506 1881 4578 παραδίδω-

298 4615 402 4665 σιν,
457 4599 534 4663 ὡς
582 4598 641 4652 ἓν
696 4600 868 4671 στόμα
895 4603 1229 4671 κεκτημένη.
1263 4600 1373 4654 Καὶ
1401 4599 1512 4671 γὰρ
1539 4602 1595 4653 αἱ
1618 4599 1761 4654 κατὰ
1784 4598 1876 4653 τὸν
1906 4633 1953 4688 D

300 4689 500 4759 κόσμον
523 4688 793 4743 διάλεκτοι
808 4690 1062 4761 ἀνόμοιοι
1080 4708 1095 4722 ·
1117 4690 1230 4745 ἀλλ’
1260 4693 1294 4760 ἡ
1318 4690 1548 4760 δύναμις
1567 4691 1668 4761 τῆς
1691 4706 1873 4762 παρα-

299 4780 496 4845 δόσεως
542 4782 640 4852 μία
668 4782 764 4837 καὶ
803 4783 842 4853 η
878 4783 1017 4854 αὐτή
1044 4797 1058 4811 ·
1095 4783 1191 4837 καὶ
1213 4782 1337 4836 οὔτε
1369 4786 1425 4837 αί
1460 4784 1517 4837 ὲν
1546 4783 1878 4856 Γερμανίαις

301 4871 581 4942 ἱδρυμέναι
618 4872 931 4943 Ἐκκλησίαι
963 4874 1138 4938 άλλως
1163 4872 1673 4946 πεπιστεύκασιν,ῆ
1701 4874 1877 4939 ἄλλως

302 4962 704 5032 παραδιδόασιν,
750 4962 875 5017 οὔτε
924 4966 982 5019 ἐν
1029 4968 1148 5030 ταῖς
1178 4964 1453 5037 Ἰδερίαις,
1479 4965 1605 5021 οὔτε
1635 4968 1697 5021 ἐν
1734 4965 1878 5021 Κελ-

302 5057 427 5119 τοῖς,
452 5054 576 5108 οὔτε
607 5055 747 5110 κατὰ
765 5056 862 5120 τὰς
884 5056 1167 5123 ἀνατολὰς,
1196 5058 1321 5113 οὔτε
1351 5059 1723 5130 ὲνἈίγύπτῳ,
1750 5056 1877 5113 οὔτε

294 5147 356 5200 ἓν
383 5145 582 5218 Λιῦύῃ,
610 5145 734 5217 οὔτε
761 5149 818 5201 αί
841 5148 983 5202 κατὰ
1018 5148 1159 5220 μέσα
1179 5150 1272 5204 τοῦ
1314 5150 1520 5222 κόσμου
1548 5150 1831 5222 ἱδρυμέναι
1854 5165 1871 5181 ·

288 5233 412 5287 ἀλλ’
440 5234 629 5309 ῶσπερ
652 5237 851 5307 όῆλιος
890 5238 952 5293 τὸ
976 5239 1181 5311 κτίσμα
1215 5241 1309 5295 τοῦ
1352 5241 1489 5296 Θεοῦ
1538 5243 1598 5297 ὲν
1645 5240 1753 5314 ὅλῳ
1792 5239 1875 5312 τῷ

294 5330 488 5400 κόσμῳ
516 5324 595 5396 εἷς
621 5323 626 5326 ’
659 5331 755 5384 καὶ
782 5332 811 5384 ό
857 5332 1020 5396 αύτός
1043 5347 1058 5361 ·
1104 5318 1371 5387 οὕτωκαὶ
1402 5333 1464 5387 τὸ
1492 5333 1753 5405 κήρυγμα
1775 5332 1875 5405 τῆς

293 5418 555 5490 ἀληθείας
570 5425 817 5493 πανταχῆ
840 5422 1039 5493 φαίνει,
1067 5424 1163 5477 καὶΙ
1174 5422 1398 5492 φωτίζει
1424 5424 1633 5489 πάντας
1659 5419 1877 5494 ἀνθρὼ-

298 5525 435 5575 πους
481 5514 607 5577 τοὺς
638 5513 1000 5584 βουλομένους
1035 5516 1116 5579 είς
1162 5515 1458 5583 ἐπίγνωσιν
1486 5515 1744 5588 ἀληθείας
1784 5515 1875 5569 ἐλ-

1992 2072 2094 2129 pro
2127 2065 2317 2112 nostra
2345 2055 2522 2111 salute
2540 2067 2763 2109 carnem
2793 2052 3004 2119 induit;
3034 2052 3271 2123 atquein
3309 2050 3574 2122 Spiritum

1993 2156 2270 2214 sanctum,
2319 2146 2415 2218 qni
2442 2160 2661 2202 omnem
2723 2145 2872 2199 illam
2931 2144 3097 2200 unice
3141 2141 3328 2198 dilecti
3367 2141 3574 2199 Christi

1988 2239 2119 2297 Iesu
2149 2236 2369 2292 Domini
2395 2235 2572 2291 nostri
2592 2234 3152 2298 administrationem,
3179 2239 3235 2288 et
3253 2230 3578 2300 adventum,

1987 2340 2280 2400 ortumque
2318 2325 2389 2383 de
2420 2326 2648 2397 Virgine
2675 2340 2773 2397 per
2803 2324 3101 2397 prophetas
3145 2323 3573 2394 praenuntiavitg

1990 2436 2204 2479 necnon
2237 2425 2294 2476 et
2332 2417 2742 2490 perpessionem
2770 2431 2836 2472 ac
2870 2415 3368 2480 resurrectionem,
3429 2422 3486 2471 et
3517 2414 3573 2471 in

1989 2512 2188 2568 coelum
2219 2507 2600 2565 ascensionem
2630 2520 2759 2563 cum
2776 2520 3042 2579 corpore3
3069 2504 3422 2576 futurumque
3439 2504 3571 2561 olim

1990 2601 2230 2658 indidem
2282 2610 2509 2671 paterna
2547 2614 2675 2655 cum
2719 2598 3009 2669 maiestate
3036 2598 3383 2664 descensum,
3422 2606 3480 2653 ut
3514 2598 3578 2654 in

1990 2707 2261 2751 summam
2289 2692 2437 2747 velut
2474 2691 2730 2747 universa
2773 2690 3085 2756 contrahat,
3113 2699 3170 2747 ει
3197 2690 3445 2747 omnium
3480 2691 3579 2747 ho-

1989 2784 2198 2838 minum
2225 2794 2460 2852 corpora
2488 2788 2711 2837 revocet
2732 2781 2802 2835 ad
2833 2781 3040 2844 vitam:
3066 2788 3232 2853 atque
3262 2789 3324 2838 ut
3352 2781 3572 2838 Christo

1988 2873 2120 2931 «lesu
2150 2872 2382 2929 Domino
2409 2880 2601 2929 nostro
2627 2886 2692 2927 ac
2723 2870 2835 2928 Deo
2861 2881 2918 2928 et
2946 2871 3218 2931 Salvatori
3250 2870 3478 2946 regique
3502 2875 3570 2931 de

1988 2966 2138 3021 illius
2168 2963 2263 3036 qui
2293 2960 2467 3019 videri
2499 2977 2608 3018 non
2637 2970 2839 3034 potest,
2868 2964 3158 3020 voluntate
3184 2963 3386 3031 Patris,
3413 2982 3569 3022 omne

1988 3054 2150 3124 208
2194 3069 2329 3124 yenit
2372 3052 2619 3121 flectatur
2656 3052 2979 3120 coelestinm,
3027 3056 3357 3110 terrestrium
3411 3066 3460 3109 et
3485 3052 3569 3111 iri-

1989 3146 2282 3213 [emornm,
2311 3150 2363 3197 et
2397 3143 2568 3197 omnis
2599 3143 2774 3212 ipsum
2809 3144 2992 3214 linqua
3021 3145 3339 3217 confiteatur
3365 3146 3426 3215 ⁸3
3461 3146 3569 3201 uti·

1988 3248 2095 3303 qne
2127 3238 2337 3288 rectum
2368 3231 2424 3285 in
2463 3246 2656 3288 omnes
2684 3232 2956 3301 judicium
3001 3242 3280 3300 exerceat,
3312 3250 3378 3313 ac
3406 3234 3569 3307 spiri·

1983 3323 2116 3379 talia
2159 3321 2437 3394 nequitiae,
2470 3322 2575 3377 hoc
2627 3332 2716 3378 est
2744 3323 3058 3379 desertores
3101 3323 3326 3396 angelos
3385 3340 3452 3381 ac
3481 3341 3568 3383 re·

1982 3415 2176 3479 belles,
2208 3423 2264 3470 et
2295 3413 2493 3484 impios
2513 3428 2727 3479 omnes,
2755 3429 2822 3469 ac
2855 3414 3174 3482 sceleratos,
3208 3426 3263 3473 et
3293 3415 3568 3473 facinoro-

1984 3519 2100 3569 sos,
2137 3518 2202 3559 ac
2230 3504 2662 3561 contumeliosos
2686 3504 2742 3560 in
2776 3504 2949 3562 Deum
2990 3506 3244 3563 homines
3272 3508 3566 3578 sempiter-

1983 3598 2072 3652 nis
2117 3594 2352 3650 flammis
2397 3595 2643 3662 addicat;
2674 3596 2845 3667 justis
2878 3612 3032 3660 vero.
3088 3599 3429 3669 sanctisque,
3459 3598 3557 3670 qui

1984 3689 2242 3745 mandata
2297 3702 2398 3744 sua
2444 3688 2737 3758 diligenter
2784 3688 3221 3760 obseryavcrint,
3265 3699 3320 3744 et
3356 3690 3413 3743 in
3442 3689 3567 3759 eius

1982 3778 2254 3834 charitate
2299 3778 2416 3834 sive
2458 3780 2575 3847 jam
2615 3776 2743 3834 inde
2786 3778 2857 3833 ab
2886 3778 3064 3842 initio,
3097 3778 3215 3835 sive
3244 3786 3370 3850 post
3391 3781 3565 3851 poeui-

1981 3870 2211 3934 tentiam
2244 3870 2752 3940 perseveraverint,
2786 3869 2955 3925 vitam
2989 3871 3569 3945 immortalitatemque

1981 3960 2271 4031 largiatur,
2321 3968 2489 4031 atque
2528 3969 2790 4031 aeternam
2838 3962 2948 4019 illis
2977 3962 3210 4034 gloriam
3258 3965 3558 4037 impertiat.

2054 4049 2246 4106 XXXI.
2277 4051 2412 4108 Cum
2441 4052 2608 4123 igitur
2635 4051 2887 4109 Ecclesia
2926 4054 3233 4112 doctrinam
3266 4057 3562 4127 ejusmodi,

1984 4138 2278 4211 fidemque,
2343 4141 2424 4196 uti
2471 4140 2736 4208 diximus,
2790 4143 3083 4213 acceperit,
3133 4159 3253 4199 eam
3298 4146 3385 4201 vel
3429 4146 3566 4203 orbe

1984 4238 2100 4287 toto
2133 4230 2333 4288 diffusa
2367 4230 2617 4289 studiose
2655 4238 2967 4298 conservat,
2998 4234 3159 4305 quasi
3190 4234 3248 4289 in
3288 4250 3395 4290 nna
3426 4251 3562 4306 qua·

1982 4325 2110 4382 dam
2142 4325 2305 4390 domo
2328 4324 2609 4392 habitans,
2647 4341 2713 4382 ac
2749 4327 3002 4391 similiter
3033 4327 3291 4385 omnibus
3319 4329 3430 4385 illis
3470 4344 3562 4388 aa·

1983 4416 2241 4482 sentitur,
2270 4425 2528 4488 tanquam
2550 4420 2734 4474 anima
2751 4433 2881 4486 una,
2910 4419 3212 4491 eodemque
3237 4419 3404 4478 corde
3422 4437 3560 4492 prae-

1983 4508 2134 4575 dita;
2161 4508 2462 4579 eademqne
2498 4510 2935 4567 concordissime
2964 4511 3068 4579 sic,
3102 4513 3263 4583 quasi
3288 4527 3465 4572 unum
3493 4531 3558 4571 us

1983 4599 2202 4665 habeat,
2232 4599 2391 4655 docet
2411 4614 2478 4654 ac
2491 4601 2773 4670 praedicat.
2799 4600 3007 4657 Etenim
3039 4605 3256 4659 tametsi
3273 4605 3556 4659 hominum

1983 4692 2182 4762 lingnae
2197 4690 2307 4747 sint
2321 4690 2637 4756 dissimiles,
2660 4692 2847 4747 eadem
2863 4700 3044 4747 tamen
3063 4694 3277 4748 traditae
3295 4695 3556 4750 doctrinm

1973 4782 2060 4839 vis
2085 4787 2171 4838 est
2192 4781 2403 4853 ubique
2435 4800 2449 4835 ι
2479 4796 2658 4853 neque
2696 4791 2792 4839 aut
2828 4781 3144 4837 constitutae
3168 4783 3225 4838 in
3263 4782 3553 4840 Germania

1974 4872 2234 4931 Ecclesiae
2284 4872 2517 4929 credunt
2563 4873 2743 4940 aliter,
2786 4887 2852 4928 ac
2892 4886 3024 4927 suos
3067 4872 3396 4943 perdocent;
3457 4882 3553 4928 ant

1975 4965 2098 5036 qiiae
2122 4965 2179 5021 in
2193 4963 2473 5036 Hispaniis
2498 4979 2563 5019 ac
2589 4963 2801 5032 Galliis,
2824 4964 3008 5020 autad
3044 4963 3344 5028 Orientem,
3376 4973 3469 5021 ant
3496 4966 3552 5022 in

1977 5056 2236 5128 AEgypto,
2299 5056 2385 5112 vel
2418 5054 2611 5129 Lybia,
2667 5056 2917 5114 mediove
2961 5058 3096 5115 orbe
3134 5057 3409 5114 stabilitae.
3445 5056 3553 5114 Sed

1976 5147 2440 5218 quemadmodum
2471 5149 2556 5205 sol
2590 5149 2995 5205 nobilissimum
3038 5148 3132 5204 Dei
3157 5164 3297 5219 opus
3327 5162 3469 5205 unns
3497 5150 3552 5204 in

1972 5246 2090 5295 toto
2135 5238 2344 5295 mundo
2395 5248 2561 5312 atque
2609 5239 2752 5297 idem
2793 5248 2880 5297 est
2917 5255 3168 5310 semper;
3203 5240 3286 5296 sic
3311 5242 3551 5298 veritatis

1973 5332 2288 5402 praedicatio
2308 5332 2511 5405 ubique
2554 5340 2824 5387 terrarum
2860 5331 3131 5387 illucescit
3182 5346 3248 5387 ac
3295 5334 3550 5389 mortales

1973 5439 2164 5482 omnes
2189 5424 2447 5488 illustrat,
2475 5424 2568 5494 qui
2601 5423 2822 5494 quidem
2867 5423 3016 5479 illius
3042 5424 3112 5479 ad
3144 5425 3396 5482 notitiam
3432 5442 3562 5497 per·

1974 5516 2160 5572 venire
2190 5514 2484 5570 voluerint.
2503 5513 2656 5570 Adeo
2687 5521 2745 5570 ut
2779 5529 2954 5586 neque
2984 5515 3034 5572 is
3069 5516 3167 5587 qni
3189 5516 3331 5573 inter
3369 5516 3547 5573 Eccle-

370 5669 386 5702 ¹
414 5668 538 5725 For.
572 5672 874 5745 ἐπτενέγίιῃ.Α
943 5675 964 5705 ¹
991 5672 1115 5729 For.
1149 5673 1241 5727 τοῦ
1266 5674 1321 5729 δὲ
1355 5673 1548 5745 μύθου.
1626 5672 1648 5705 ⁸
1681 5672 1809 5729 For.
1840 5675 1956 5774 τοῖς
1985 5672 2100 5745 μέν.
2183 5671 2205 5704 ⁸
2232 5670 2466 5741 Philipp.
2501 5688 2559 5739 ιι,
2594 5673 2680 5737 to,
2718 5672 2801 5728 ll.

296 5793 420 5850 cap·
475 5779 561 5834 ts.
614 5780 723 5837 Nos
770 5791 953 5838 autem
1002 5785 1148 5839 aliud
1186 5802 1310 5842 csse
1356 5790 1458 5843 boc
1492 5784 1711 5855 quidem
1746 5786 1868 5842 loco

297 5851 742 5917 suspicabamur.
779 5869 972 5919 nempe
1003 5855 1287 5912 exordium
1320 5856 1538 5914 sabnlae.
1578 5855 1695 5915 Non
1726 5857 1871 5913 cuim

1974 5781 2445 5911 θειάιπολυτρὼσει
2475 5788 2567 5840 nlla
2599 5786 2977 5844 haereticorum
3007 5788 3241 5845 aliorum
3276 5785 3438 5843 verba
3469 5785 3541 5840 fa-

1982 5872 2031 5911 ci
2123 5868 2354 5911 renaeus.
3528 5897 3532 5902 .
