3850 6517
310 535 408 593 34¹
977 530 1346 588 ADVERSUS
1379 530 1717 585 nAERssstsss
1756 528 1880 583 [AB.
1925 527 1966 584 Ι.
2002 526 2169 583 Tou.
2202 528 2265 582 ll.
2305 555 2373 569 —-
2404 528 2677 583 HAERES.
2723 527 2909 584 xxvi.
3440 533 3544 585 51.ss

305 663 528 720 fler-or:
582 647 704 702 Ὀτι
753 646 853 700 οὑκ
901 643 969 718 ἦν
992 686 1006 710 ,
1060 647 1227 717 φασὶ,
1305 647 1508 710 τέλειος
1538 648 1568 700 ὁ
1601 644 1874 716 Ἰωάννης.
1905 645 1953 703 Α
1985 642 2169 697 existis
2209 644 2263 697 in
2292 643 2556 697 desertum
2589 643 2799 699 videre?
2838 642 3161 698 Arundincm
3207 651 3352 694 rento
3372 646 3547 714 agita·

324 741 637 796 Ἐνεπνέετο
664 738 775 811 γὰρ
804 737 906 792 ὑπὸ
934 737 1142 792 πολλῶν
1180 739 1505 809 πνευμάτων
1541 737 1681 792 κατά
1712 737 1879 790 κάλα·
1982 743 2103 788 tam
2127 734 2144 765 ¹
2165 735 2189 788 ⁴?
2213 734 2391 801 Quod,
2415 743 2476 790 ut
2507 742 2783 799 asserunt,
2814 736 3055 790 nondum
3100 744 3247 791 esset
3274 734 3546 806 perfectus

311 852 410 904 μον
437 834 530 887 τὸν
559 831 652 884 ἐπὶ
681 831 893 902 ἑκάστῳ
932 830 1117 902 ἀνέμῳ
1141 829 1475 902 κινούμενον.
1517 831 1627 883 Καὶ
1659 831 1747 883 ὅτε
1779 829 1878 900 μὲν
1984 823 2248 881 «loannes,
2271 823 2407 880 Nam
2439 839 2469 878 a
2502 825 2754 897 pluribus
2782 827 2960 881 ventis
2985 825 3347 896 perflabatnr3
3380 841 3548 882 arun-

307 926 509 994 ήρχετο
557 922 619 975 τὸ
651 921 866 992 πνεῦμα
910 921 1007 975 τοῦ
1040 923 1328 994 ἄρχοντος,
1387 923 1713 994 Ἰουδαϊσμὸν
1744 924 1878 996 ὲκή-
1981 916 2129 972 dinis
2160 931 2331 983 more,
2365 931 2487 987 quae
2519 914 2589 970 ad
2621 931 3067 986 unumquemque
3101 927 3321 973 ventum
3374 918 3547 990 agita-

312 1030 534 1082 ρυττεν·
566 1013 656 1066 ὅτε
691 1012 749 1066 δὲ
785 1011 845 1065 τὸ
889 1012 1115 1083 Πνεῦμα
1141 1014 1202 1067 τὸ
1249 1014 1403 1083 ἅγιον
1426 1053 1440 1078 ,
1480 1016 1610 1085 περὶ
1638 1013 1877 1087 Χριστοῦ
1984 1018 2095 1066 tur.
2132 1008 2322 1079 itaque
2347 1023 2473 1065 cum
2507 1009 2560 1063 in
2595 1024 2720 1064 eum
2759 1007 3029 1079 principis
3069 1006 3295 1077 spiritus
3337 1008 3547 1064 incunt·

309 1103 508 1156 ἐλάλει.
544 1104 652 1158 Καὶ
668 1100 824 1157 τοῦτό
847 1103 985 1167 ἐστι,
1014 1103 1197 1172 φασιν,
1232 1105 1314 1158 ὅτι
1353 1105 1406 1157 '0
1433 1107 1780 1174 μικρότερος
1807 1106 1879 1160 ὲν
1979 1102 2157 1167 beret,
2223 1099 2510 1157 ludaicum
2559 1099 2768 1161 cultum
2826 1099 3194 1170 praedicabat;
3240 1114 3362 1154 cum
3419 1115 3547 1155 vcro

310 1193 384 1262 τῇ
407 1195 692 1262 ,Βασιλείᾳ
715 1196 833 1250 τῶν
852 1197 1126 1268 οὐρανῶν
1155 1198 1288 1269 (74).
1309 1198 1444 1270 Περὶ
1469 1198 1657 1269 ήμῶν,
1689 1199 1874 1268 φασὶν,

310 1281 502 1350 εἶπεν,
559 1287 643 1342 ὅτι
692 1289 724 1342 ὑ
772 1290 833 1343 ὲν
896 1290 1027 1360 ήμῖν
1079 1290 1400 1361 μικρότερος
1457 1290 1654 1360 μείζων
1710 1288 1875 1343 αὑτοῦ

310 1375 565 1446 ὑπάρχει.

379 1643 451 1695 Z'.
486 1641 596 1694 Καὶ
620 1641 778 1706 εὑθὺς
802 1642 1243 1714 ἐπιστομίζονται
1269 1646 1318 1698 οἱ
1337 1644 1563 1699 τοιοῦτοι
1587 1645 1682 1698 ἀπ’
1704 1645 1872 1715 αὑτῆς

304 1732 404 1801 τῆς
437 1732 713 1805 ἀληθείας.
763 1733 858 1789 Ἐκ
902 1735 1012 1807 γάρ
1058 1737 1166 1792 τῶν
1194 1737 1634 1808 συνεζευγμένων
1668 1738 1874 1809 ἑκάστῃ

306 1823 446 1887 λέξει
478 1824 779 1891 ἀναφανδὸν
810 1827 843 1896 ή
875 1826 1100 1896 ἀλήθεια
1125 1827 1490 1898 δειχθήσεται,
1522 1830 1616 1883 καὶ
1641 1833 1703 1882 τὸ
1725 1830 1874 1900 ὲχέγ·

304 1929 435 1980 γυον
462 1914 565 1984 τῆς
594 1915 844 1987 φράσεως
857 1917 1272 1988 ἀποδοθήσεται.
1299 1920 1362 1972 Et
1389 1921 1489 1990 μὲν
1517 1919 1625 1991 γάρ
1645 1921 1674 1974 ό
1692 1920 1873 1974 Ἰωάν-

306 2021 402 2074 νης
430 2004 650 2074 μαλακά
685 2006 971 2076 ἠμφίεστο,
1001 2009 1094 2061 καὶ
1119 2008 1178 2061 ἐν
1210 2008 1377 2072 οἴκοις
1405 2009 1667 2078 βασιλέων
1694 2009 1876 2081 ὑπῆρ-

307 2112 432 2164 χεν,
463 2095 598 2167 όρθή
639 2095 707 2150 ἀν
746 2098 881 2168 πρὸς
926 2099 1088 2152 αὑτὸν
1118 2102 1151 2171 ή
1184 2099 1359 2166 λέξις,
1387 2101 1483 2155 καὶ
1515 2101 1699 2155 εὐθεῖα
1737 2101 1875 2172 πρὸς

305 2185 523 2255 ἔλεγχον
556 2184 648 2240 τοῦ
689 2186 851 2241 αὑτοῦ
907 2188 1169 2260 ὑπῆρχεν.
1202 2191 1264 2244 Et
1319 2190 1375 2244 δὲ
1397 2231 1413 2257 ,
1477 2191 1541 2245 Τί
1588 2189 1875 2257 ἐξήλθετε

306 2279 493 2343 ίδεΐνς
520 2278 829 2348 ἄνθρωπον
852 2281 926 2335 ἐν
944 2282 1242 2351 μαλακοῖς
1267 2283 1521 2353 ἱματίοις
1547 2282 1872 2354 ήμφιεσμὲ·

303 2387 449 2436 ror‚·
476 2371 569 2425 καὶ
611 2372 706 2441 οὑχ
742 2372 919 2435 οὑτως
964 2371 1109 2444 εἶχεν
1134 2415 1149 2439 ,
1186 2374 1368 2429 οὐκέτι
1413 2375 1474 2429 τὸ
1502 2375 1751 2446 ἔγκλημα
1780 2377 1874 2430 ἐπὶ

306 2461 396 2512 τὸν
427 2461 488 2512 οὑ
524 2462 737 2531 μαλακὰ
777 2463 1046 2535 φοροῦντα
1104 2466 1356 2539 Ἰωάννην
1400 2467 1494 2522 τοῦ
1567 2468 1727 2538 λόγου
1773 2470 1874 2523 ἑπ-

309 2548 577 2612 ενεκτέον,
599 2549 736 2604 ἀλλά
764 2552 855 2605 ἐπὶ
878 2556 1005 2616 τοὺς
1022 2553 1196 2618 οὕτως
1217 2557 1469 2628 εὑρήσειν
1496 2559 1588 2612 τὸν
1625 2559 1873 2632 Ἰωάννην

307 2639 668 2710 νομίσαντας,
700 2641 795 2694 καὶ
830 2641 938 2695 ὑπὸ
967 2642 1077 2696 τῶν
1119 2643 1266 2697 ἔνδον
1307 2647 1365 2698 ὲν
1415 2647 1583 2711 οἴκοις
1613 2647 1875 2719 βασιλέων

306 2730 565 2794 πολλάκις
597 2732 736 2786 κατὰ
762 2732 1054 2806 ὑπόκρισιν
1077 2734 1559 2807 κολακευομένους.
1599 2739 1876 2810 Ἐνόμιζον

301 2818 411 2890 γάρ
440 2813 607 2886 οὗτοι,
641 2820 988 2893 ἐξερχόμενοι
1026 2824 1120 2878 καὶ
1152 2825 1306 2897 παρὰ
1347 2828 1590 2882 Ἰωάννου
1622 2829 1875 2895 ἐπαίνους

303 2913 600 2984 εὑρίσκειν,
630 2916 727 2968 καὶ
759 2918 1142 2988 μακαρισμοὺς
1168 2918 1264 2972 ἐπὶ
1293 2921 1406 2983 τοῖς
1429 2920 1522 2974 ὑπ’
1543 2921 1722 2978 αὐτῶν
1747 2921 1874 2977 καθ’

1982 1192 2235 1263 Spiritus
2267 1199 2494 1248 sanctus
2519 1190 2821 1256 adveniret.
2871 1190 2940 1247 de
2983 1189 3207 1247 Christo
3238 1202 3547 1246 sermonem

1983 1282 2331 1339 instituebat.
2364 1283 2485 1350 Quo
2506 1281 2725 1353 quidem
2767 1281 2884 1338 haec
2929 1281 3095 1339 verba
3136 1280 3410 1352 pertinere
3449 1295 3549 1350 pu-

1979 1383 2145 1429 tant:
2186 1375 2291 1442 Qui
2338 1375 2509 1429 minor
2530 1384 2609 1430 est
2647 1376 2702 1428 in
2752 1390 2911 1445 reque
2947 1374 3195 1428 coelormn
3243 1373 3417 1443 major
3468 1381 3548 1428 est

1976 1465 2071 1520 illo
2095 1468 2134 1520 ¹.
2170 1465 2383 1537 Quippe
2414 1465 2483 1521 ad
2512 1481 2613 1521 nos
2645 1466 2749 1522 ista
2775 1465 3104 1530 referuntur,
3151 1467 3325 1526 aiunt,
3358 1475 3415 1520 ut
3452 1463 3545 1534 qui

1977 1557 2120 1610 inter
2140 1570 2241 1611 nos
2291 1555 2471 1612 minor
2501 1564 2606 1623 est,
2630 1555 2678 1611 is
2720 1553 2931 1611 'oanne
2960 1554 3031 1610 sit
3055 1553 3418 1625 praestantior.

2050 1644 2164 1702 vn.
2204 1643 2411 1701 Verum
2447 1659 2511 1701 os
2542 1646 2652 1701 illis
2682 1645 2918 1700 subinde
2956 1661 2985 1698 a
3018 1643 3245 1700 veritate
3268 1644 3383 1713 ipsa
3410 1657 3540 1712 prae·

1976 1734 2241 1789 cluditur.
2273 1733 2419 1790 Nam
2447 1750 2512 1790 ex
2545 1734 2614 1790 iis
2641 1748 2764 1804 quae
2787 1747 2912 1788 cum
2949 1748 3278 1803 unaquaque
3306 1732 3547 1789 dictione

1978 1837 2230 1879 connexa
2258 1830 2408 1886 sunt,
2441 1822 2732 1894 perspicue
2760 1823 2965 1878 veritas
2988 1823 3291 1893 apparebit,
3323 1837 3389 1877 ac
3414 1821 3547 1893 quid

1983 1914 2241 1986 loquendi
2290 1914 2490 1970 rationi
2528 1920 2962 1970 consentaneum
3000 1913 3075 1968 sit
3104 1913 3410 1969 certissima
3441 1913 3547 1973 fide

1982 2005 2405 2063 monstrabitur.
2435 2003 2647 2060 Etenim
2675 2005 2721 2062 si
2740 2004 2982 2062 «loannes
3016 2005 3358 2061 mollioribus
3378 2007 3545 2062 vesti·

1974 2099 2082 2155 bus
2113 2103 2382 2164 uteretur,
2414 2105 2577 2167 atque
2616 2097 2671 2151 in
2709 2095 3020 2167 principum
3053 2096 3272 2166 palatiis
3297 2096 3544 2167 degeret,

1976 2195 2129 2245 recta
2159 2187 2341 2258 ipsum
2371 2202 2480 2244 vox
2513 2186 2604 2241 illa
2634 2195 2860 2258 peteret,
2891 2194 2947 2243 et
2986 2186 3042 2242 in
3090 2186 3211 2257 ejus
3258 2189 3546 2258 repreben-

1979 2282 2191 2337 sionem
2224 2287 2374 2336 esset
2420 2279 2539 2337 sine
2572 2280 2680 2335 ulla
2718 2279 2942 2352 ambage
2985 2279 3203 2335 collata.
3245 2278 3381 2334 Cum
3415 2293 3544 2336 vero

1977 2373 2056 2428 ita
2087 2373 2303 2429 locutus
2347 2370 2512 2428 fuerit
2546 2390 2561 2427 z
2610 2370 2752 2439 Quid
2795 2373 2980 2428 existis
3013 2371 3227 2427 videre?
3280 2371 3544 2428 hontinem

1975 2462 2228 2519 ”collibus
2277 2464 2601 2519 vestimentis
2650 2462 2892 2518 indutum
2938 2463 2995 2518 *ἲ
3049 2463 3194 2520 istud
3253 2479 3418 2535 porro
3472 2464 3543 2520 ab

1976 2552 2188 2611 loanne
2237 2555 2430 2625 procul
2476 2555 2735 2622 abfuerit,
2777 2554 2917 2611 nibil
2960 2563 3047 2613 est
3078 2571 3178 2612 cur
3226 2555 3390 2627 liujus
3436 2555 3540 2611 loci

1978 2643 2418 2700 criminationem
2446 2642 2637 2701 referri
2668 2644 2737 2700 ad
2760 2643 3024 2702 loannem
3056 2644 3412 2710 arbitremur,
3444 2644 3539 2716 qui

1979 2732 2432 2790 delicatumillunt
2447 2733 2652 2789 cultum
2666 2733 2889 2790 minime
2898 2735 3141 2790 oninium
3154 2733 3426 2801 adhibuit;
3444 2732 3540 2790 sed

1975 2826 2044 2882 ad
2075 2841 2170 2884 eos
2195 2827 2400 2898 potiuS,
2436 2825 2531 2898 qui
2559 2824 2828 2896 ejusmodi
2851 2840 2910 2882 se
2932 2823 3196 2882 loannem
3224 2833 3541 2897 reperturos

1978 2918 2261 2988 putabant,
2296 2917 2610 2989 quibusque
2657 2917 2858 2988 saepius
2887 2916 3097 2972 adulari
3143 2917 3322 2974 solent
3361 2915 3398 2971 ii
3444 2917 3541 2988 qui

306 3001 543 3073 ἑκάστην
590 3005 800 3076 ἡμέραν
840 3006 1147 3078 γινομένοις
1191 3007 1648 3081 παραπτώμασιν.
1698 3013 1787 3077 Ὦς
1813 3013 1870 3068 δὲ
1976 3008 2283 3080 principum
2314 3009 2471 3064 aulas
2503 3023 2567 3064 ac
2602 3007 2806 3080 palatia
2856 3007 3227 3078 frequentant.
3262 3005 3538 3064 Exeuntes

302 3101 400 3174 οὑχ
439 3096 638 3177 ηὗρον,
685 3107 1094 3178 ἀνατρεπτικῶς
1124 3104 1278 3178 παρὰ
1319 3105 1414 3160 τοῦ
1449 3105 1701 3177 Σωτῆρος
1732 3105 1869 3177 πρὸς
1972 3100 2115 3154 enim
2143 3099 2222 3155 illi
2261 3099 2653 3155 collaudandos
2694 3114 2755 3156 se
2781 3098 2849 3155 ab
2887 3096 3117 3164 loanne,
3150 3106 3205 3154 et
3229 3098 3301 3155 ob
3328 3112 3393 3155 ea
3420 3115 3540 3171 quae

298 3193 493 3260 αὐτοὺς
515 3196 760 3270 εἴρηται,
784 3199 866 3252 ὅτι
905 3199 970 3252 Τί
996 3198 1278 3271 ἐνομίζετε
1318 3197 1625 3269 εὑρίσκειν;
1650 3198 1870 3268 Συμπε-
1972 3189 2031 3244 in
2057 3189 2175 3247 dies
2207 3190 2501 3261 patrabant
2524 3190 2733 3247 scelera
2784 3188 2975 3248 felices
3017 3191 3396 3263 praedicandos
3430 3192 3541 3248 exi-

305 3285 654 3356 ριφιρόμενον
689 3289 802 3350 τοῖς
833 3287 987 3358 ὑμῶν
1028 3287 1256 3343 πάθεσιν
1282 3272 1585 3359 ἄνθρωπον,
1620 3285 1695 3349 ὡς
1727 3285 1868 3339 κατὰ
1895 3300 1939 3361 c
1974 3281 2290 3337 stimabant.
2330 3282 2449 3349 Qua
2482 3297 2581 3352 spe
2612 3296 2736 3337 cum
2777 3290 2965 3338 essent
3013 3282 3286 3350 frustrati,
3320 3282 3391 3339 ad
3439 3299 3539 3341 eos

301 3377 429 3440 τοὺς
457 3376 674 3450 μαλακὰ
701 3380 1031 3452 φοροῦντας;
1073 3382 1187 3454 Οὐχ
1221 3381 1413 3444 οὑτως.
1457 3382 1532 3435 Οὑ
1566 3381 1676 3454 γάρ
1717 3382 1866 3434 ἐστιν
1971 3372 2303 3430 refellendos
2336 3374 2415 3429 ita
2446 3373 2698 3429 Salvator
2728 3374 2947 3430 locutus
2974 3383 3097 3430 est:
3133 3371 3275 3440 Quid
3315 3390 3414 3430 vos
3442 3391 3539 3431 na-

317 3467 567 3540 Ἷωάννης
596 3468 840 3541 κάλαμος
883 3472 1234 3544 σαλευόμενος
1265 3471 1510 3544 γνώμαις
1543 3472 1864 3544 ἀνθρώπων,

297 3557 375 3622 ὡς
393 3557 712 3632 δονούμενος
741 3560 983 3633 κάλαμος
1007 3563 1111 3617 ὑπὸ
1145 3563 1382 3634 ἑκάστης
1408 3561 1710 3634 ἀνθρώπιον
1735 3565 1869 3617 ὑπο·

297 3649 530 3720 κρίσεως
553 3652 648 3706 καὶ
685 3653 920 3725 ἀπάτης.
960 3654 1176 3727 Ἐπειδὴ
1205 3654 1263 3710 δὲ
1292 3651 1446 3709 εἶπεν
1467 3696 1484 3721 ,
1522 3657 1621 3710 Ἐν
1650 3671 1865 3725 γεννη-

295 3740 413 3810 τοῖς
433 3742 733 3812 γυναικῶν
755 3746 868 3798 οὐκ
888 3743 1019 3800 ἔστι
1027 3745 1242 3816 μείζων
1258 3744 1555 3808 Ἰωάννου,
1573 3745 1660 3798 ἵνα
1693 3746 1767 3813 μή
1788 3761 1869 3796 τι-

295 3850 385 3897 νες
413 3833 675 3903 νομίσωσι
694 3833 787 3885 καὶ
814 3833 980 3886 αὑτοῦ
998 3834 1094 3886 τοῦ
1105 3832 1359 3900 Σωτῆρος
1380 3831 1601 3899 μείζονα
1621 3827 1759 3884 εἶναι
1777 3831 1870 3883 τὸν

309 3923 586 3992 Ἰωάννην,
619 3924 700 3974 ὃτι
723 3921 819 3973 καὶ
847 3921 1007 3985 αὑτὸς
1030 3924 1059 3975 ὁ
1085 3920 1277 3990 Σωτὴρ
1305 3920 1412 3974 ὑπὸ
1444 3921 1696 3990 γυναικὸς
1719 3923 1872 3992 ἐγεν-

296 4010 435 4083 νήθη
466 4049 481 4073 ,
536 4010 638 4079 τῆς
686 4009 1044 4081 ἀειπαρθὲνου
1095 4009 1312 4082 Μαρίας
1341 4050 1358 4077 ,
1420 4012 1508 4067 διὰ
1559 4013 1870 4085 Πνεύματος

226 4139 231 4143 .
302 4099 479 4166 ἀγίου,
506 4095 936 4170 ἀσφαλιζόμενος
967 4101 1114 4172 ήμᾶς
1135 4097 1241 4172 ἔφη
1259 4140 1274 4167 ,
1313 4102 1396 4157 ὅτι
1446 4103 1501 4157 ⁰0
1520 4105 1870 4174 μικρότερος

299 4189 507 4253 αὑτοῦ.
533 4189 779 4244 τουτέστι
807 4189 883 4262 τῷ
915 4194 1090 4266 χρόνῳ
1121 4192 1252 4265 (74⁶,-
1287 4192 1390 4265 τῆς
1416 4196 1679 4268 ὲνσάρκου
1701 4194 1866 4252 αὑτοῦ

300 4281 618 4353 παρουσίας,
644 4281 857 4351 μείζων
890 4283 1075 4339 αὐτοῦ
1090 4285 1262 4340 ἐστιν
1279 4285 1348 4339 ὲν
1365 4285 1442 4355 τῇ
1451 4287 1738 4358 βασιλείᾳ
1749 4289 1868 4346 τῶν

294 4370 584 4442 οὐρανῶν.
637 4373 851 4446 Ἐπειδὴ
899 4375 1010 4449 γάρ
1059 4375 1198 4449 μετὰ
1229 4376 1496 4450 ἑξάμηνον
1543 4382 1806 4456 ἐγεννήθη
1836 4385 1867 4438 ό

293 4463 484 4536 Σωτήρ
533 4463 637 4535 τῆς
687 4465 932 4520 Ἰωάννου
979 4470 1281 4541 γεννήσεως
1310 4507 1326 4534 ,
1375 4469 1617 4541 δηλονότι
1663 4473 1867 4544 μείζων

1970 3473 2161 3522 cturos
2188 3480 2312 3522 esse
2337 3463 2693 3522 credebatis?
2724 3462 3083 3521 Hominemne
3109 3464 3203 3536 qui
3248 3478 3309 3521 se
3352 3467 3540 3537 pravis

1974 3557 2144 3613 animi
2174 3556 2344 3614 vestri
2379 3556 2765 3615 affectionibus
2810 3557 3273 3623 accommodaret,
3310 3556 3457 3628 quod
3500 3558 3537 3612 ii

1975 3647 2185 3705 faciunt
2222 3650 2318 3721 qui
2365 3648 2714 3706 mollioribus
2750 3647 3001 3705 vestibus
3045 3647 3393 3704 induuntur?
3438 3648 3539 3704 ui-

1973 3743 2122 3795 nime
2150 3756 2302 3796 vero.
2332 3740 2631 3814 Non-enim
2659 3739 2904 3797 loannes
2937 3738 3151 3794 arundo
3179 3739 3427 3810 quaedam
3454 3746 3540 3797 est

1975 3830 2260 3885 bominum
2282 3831 2636 3901 opinionibus
2680 3831 2905 3904 agitata,
2933 3831 3022 3889 vel
3052 3831 3299 3904 qualibet
3345 3847 3538 3889 eorum

1977 3919 2170 3978 fraude
2228 3935 2295 3978 ac
2356 3921 2707 3979 simulatione
2759 3936 3055 3980 concussa.
3105 3922 3211 3980 Sed
3274 3924 3535 3996 qnoniam

1973 4013 2109 4071 illud
2144 4013 2421 4088 adiecerat
2452 4032 2466 4069 ι
2498 4012 2649 4070 Inter
2685 4023 2837 4071 natos
2862 4016 3142 4072 mulierum
3161 4033 3267 4073 non
3303 4020 3537 4073 surrexit

1970 4106 2149 4179 maior
2176 4104 2385 4163 Ioanne
2410 4105 2656 4177 Baptista
2676 4107 2720 4175 ⁸,
2744 4120 2815 4163 ne
2836 4108 2961 4178 quis
2986 4105 3251 4163 «loannem
3282 4107 3389 4165 sibi
3412 4123 3539 4179 per-

1969 4198 2252 4264 suaderet,
2277 4199 2442 4255 etiam
2474 4197 2596 4271 ipso
2636 4197 2923 4256 salvatore
2947 4213 3074 4256 esse
3107 4198 3394 4270 maiorem,
3423 4197 3539 4273 ⁸9

1966 4303 2079 4360 quo
2105 4288 2156 4346 is
2184 4303 2217 4345 a
2259 4287 2510 4356 muliere,
2541 4287 2806 4345 nimirum
2854 4288 3013 4345 beata
3050 4302 3376 4361 semperque
3411 4287 3535 4346 Vir-

1968 4380 2095 4454 gine
2131 4380 2303 4436 Maria
2345 4396 2444 4452 per
2490 4380 2756 4453 Spiritum
2804 4388 3060 4436 sanctum
3102 4388 3252 4438 esset
3294 4382 3532 4452 genims.

1970 4478 2031 4527 ut
2065 4484 2168 4528 nos
2193 4477 2388 4528 eontra
2429 4470 2580 4528 hunc
2614 4486 2861 4528 errorem
2886 4471 3205 4540 instrueret,
3247 4473 3483 4545 subjecit
3514 4491 3529 4529 ε

292 4554 458 4609 αὑτοῦ
494 4554 590 4612 ὢν.
623 4552 734 4611 Ἦν
757 4556 867 4630 γάρ
902 4559 1024 4625 ἀεὶ,
1063 4561 1157 4615 καὶ
1183 4558 1321 4614 ἔστι.
1369 4561 1490 4615 Τίνι
1527 4562 1587 4616 δὲ
1619 4561 1776 4617 τοῦτο
1800 4565 1863 4618 οὑ
1975 4561 2083 4631 Qui
2109 4561 2283 4618 minor
2313 4570 2394 4618 est
2425 4562 2482 4618 itt
2529 4578 2686 4632 reque
2737 4562 3012 4629 coelorunt,
3066 4565 3244 4636 major
3284 4575 3366 4621 est
3414 4566 3529 4621 illo.

286 4644 450 4717 ’δῆλόν
479 4649 653 4714 ὲστιν;
685 4649 826 4720 Ι’Δρα
855 4649 989 4719 γοῦν
1016 4650 1259 4722 ματαίως
1293 4649 1362 4704 τὰ
1392 4651 1571 4706 πάντα
1607 4655 1734 4724 παρ’
1763 4653 1863 4709 αὑ·
1892 4629 1941 4689 Β
1971 4650 2132 4724 Quod
2164 4652 2418 4711 videlicet
2452 4654 2670 4710 ratione
2720 4656 2983 4725 temporis
2996 4662 3080 4712 est
3110 4656 3179 4712 ab
3219 4672 3285 4713 eo
3326 4656 3532 4712 dictum

292 4739 405 4803 τοῖς
447 4740 867 4811 πεποιήτευται,
915 4742 1024 4796 ἀπὸ
1071 4742 1290 4815 ἀγαθῶν
1334 4745 1417 4811 είς
1462 4746 1642 4817 φαῦλα
1689 4765 1859 4823 μετα·

293 4827 623 4899 ὃεσλημένα.

1969 4747 2163 4822 quoin
2215 4750 2366 4803 bunc
2391 4743 2662 4802 mundum
2693 4744 2934 4801 humana
2971 4759 3140 4803 carne
3160 4747 3421 4820 praeditus
3443 4747 3535 4804 ad-

1970 4842 2145 4908 venit,
2169 4840 2434 4914 quonlam
2466 4851 2625 4898 sexto
2666 4853 2699 4895 a
2738 4839 2969 4899 Ioannis
3013 4841 3302 4898 nativitate
3345 4854 3535 4898 mense

290 4920 549 4978 Christus
578 4929 664 4979 est
719 4923 774 4979 in
822 4925 999 4982 lucem
1029 4926 1231 4984 editus.
1273 4925 1378 4997 Qui
1409 4928 1554 4988 baud
1607 4931 1772 4992 dubie
1823 4938 2005 5010 major
2037 4941 2160 4993 erat
2199 4932 2318 4998 illo,
2358 4947 2481 4990 cum
2517 4939 2574 4988 et
2610 4933 2683 4987 slt
2705 4947 2922 5004 semper
2947 4939 3004 4990 et
3039 4931 3223 4990 suerit.
3255 4931 3393 5000 Quis
3428 4932 3530 4990 boc

290 5030 422 5072 vero
446 5023 624 5085 potest
654 5014 951 5085 ignorare?
981 5014 1206 5074 Frustra
1238 5020 1402 5093 igitur
1433 5021 1501 5077 ab
1544 5023 1653 5080 illis
1682 5029 1993 5101 excogitata
2019 5033 2151 5084 sunt
2177 5025 2386 5092 omnia,
2420 5031 2567 5081 etex
2595 5023 2756 5080 bonis
2781 5022 2836 5079 in
2864 5023 3006 5079 mala
3034 5039 3333 5082 conversa:

359 5106 440 5160 11¹.
480 5105 592 5160 Καὶ
633 5105 703 5160 τὰ
731 5104 829 5176 μὲν
862 5105 1042 5176 βιὸλία
1068 5107 1244 5163 αὑτῶν
1272 5109 1474 5166 πολλά·
1515 5113 1860 5184 Ἐρωτήσεις

291 5197 399 5268 γάρ
416 5215 570 5262 τινας
598 5198 820 5272 Μαρίας
845 5198 1150 5253 ἐκτίθενται
1167 5217 1183 5230 ·
1217 5201 1366 5257 ἄλλοι
1391 5203 1449 5258 δὲ
1482 5205 1562 5269 είς
1602 5205 1694 5260 τὸν
1723 5223 1860 5279 προ-

290 5286 577 5358 ειρημένον
625 5289 976 5357 Ἰαλδαόαὼθ,
1019 5291 1100 5354 είς
1126 5290 1300 5364 ὄνομα
1327 5293 1384 5348 δὲ
1412 5295 1506 5349 τοῦ
1547 5296 1654 5368 Σὴθ
1687 5297 1859 5354 πολλὰ

293 5375 472 5445 βιῦλία
493 5379 857 5436 ὑποτίθενται.
896 5379 1290 5453 ’Δποκαλὺψεις
1309 5382 1365 5438 δὲ
1387 5383 1481 5438 τοῦ
1511 5385 1680 5458 Ἀδάμ
1693 5387 1860 5454 ἄλλας

290 5462 572 5534 λέγουσιν·
613 5468 904 5540 εὐαγγέλια
945 5471 1002 5526 δὲ
1025 5471 1191 5544 ἔτερα
1230 5474 1310 5537 είς
1337 5473 1506 5545 ὄνομα
1545 5475 1654 5531 τῶν
1685 5476 1856 5550 μαθη-

367 5622 384 5654 ¹
410 5620 600 5678 nauh.
633 5641 710 5693 xi,
737 5625 793 5682 7.
867 5628 889 5659 ⁸
919 5628 1050 5686 ibid.
1080 5631 1167 5686 Η.
1247 5632 1267 5664 ⁸
1293 5631 1424 5689 ibid.
1457 5631 1509 5688 8.
1585 5634 1610 5666 ⁸
1633 5632 1765 5689 ibid.
1797 5633 1885 5690 Η.

363 5777 476 5843 (74)
494 5777 653 5836 Forte
665 5780 970 5839 addendum
989 5785 1190 5855 μείζων
1208 5784 1371 5841 αὑτοῦ
1383 5788 1547 5844 ἐστιν.
1566 5785 1663 5841 Eo.
1678 5788 1849 5843 Pus.

362 5847 500 5916 (74‘)
540 5850 819 5906 Τθυΐέστι
867 5852 945 5919 τῷ
989 5856 1200 5925 χρόνῳ.
1234 5855 1434 5912 Locum
1478 5873 1545 5912 cx
1593 5858 1853 5912 Vaticano

293 5919 482 5976 codice
516 5938 629 5978 suoe
667 5922 966 5995 integritati
998 5926 1357 5984 restituimus,
1400 5926 1555 5993 Quod
1593 5927 1659 5982 ad
1683 5943 1853 5986 cvan-

2030 5114 2172 5172 vm.
2226 5112 2495 5170 caeterum
2556 5112 2678 5168 libri
2731 5128 2900 5184 penes
2963 5114 3090 5171 illos
3140 5115 3529 5186 quamplurimi

1955 5214 2105 5265 sunt.
2151 5205 2287 5262 Nam
2333 5203 2786 5278 interrogationes
2828 5202 3094 5274 quasdam
3125 5203 3307 5276 Mariae
3343 5207 3528 5263 vendi-

1957 5306 2094 5356 tant.
2121 5297 2228 5355 Alii
2257 5298 2327 5356 de
2354 5313 2421 5356 eo
2442 5313 2602 5371 quem
2624 5296 2862 5353 diximus
2896 5295 3217 5354 daldabaotb
3241 5298 3346 5356 sub
3374 5299 3527 5358 Setbi

1954 5391 2175 5449 nomine
2208 5391 2517 5463 complures
2559 5389 2730 5446 libros
2785 5390 3159 5462 supposititios
3204 5392 3522 5451 obtrudunt.

1957 5477 2065 5536 Sed
2095 5487 2151 5536 et
2178 5479 2370 5536 Adami
2411 5479 2770 5538 revelationes
2799 5480 2959 5548 alias,
2986 5488 3044 5536 et
3077 5481 3183 5539 alia
3206 5481 3333 5541 item
3361 5499 3527 5540 evaw

1959 5785 2116 5855 gelici
2185 5784 2330 5841 illius
2407 5785 2510 5841 loci
2570 5798 2791 5844 sensum
2852 5785 3067 5848 attinet.
3124 5784 3314 5839 eodem
3362 5782 3521 5837 modo

1958 5857 2239 5936 Cbrysost.
2262 5863 2316 5912 et
2338 5852 2777 5927 'theophylactus
2806 5864 3103 5927 exponunt,
3138 5868 3249 5923 quo
3278 5853 3517 5925 Epipha-

1958 5941 2103 5983 ntus,
