3850 6517
397 510 420 563 ,
435 510 469 563 ὃ
1689 505 1984 562 ntoxrsu
2019 506 2295 564 rnravu
3558 521 3628 579 ts

395 631 898 700 ornamentorum
938 631 1190 683 tuorum
1218 641 1227 658 ·
1255 633 1437 702 utque
1481 625 1824 702 insiqnium
1861 626 2231 706 praedicatio
2291 628 2576 691 delectat.
2621 631 2839 710 Itaque
2883 652 3009 694 non
3046 639 3172 700 alio
3211 649 3520 720 sequestre
3555 659 3631 702 ae

329 725 333 728 ’
396 722 801 783 conciliatore
828 721 1048 798 qratioe
1077 728 1196 780 tuae
1231 739 1406 791 usus,
1439 739 1619 800 quam
1654 722 2019 802 Epiphanio
2048 727 2210 804 ipso,
2252 724 2335 786 ad
2362 727 2617 787 tutelam
2650 731 2920 792 nominis
2950 734 3049 795 tui
3063 737 3625 815 ,patrociniumque

396 819 673 901 confugi.
709 817 890 894 Quod
915 826 988 878 ut
1026 819 1176 879 mihi
1205 817 1569 898 defuturum
1592 840 1720 884 non
1743 842 1868 883 esse
1903 822 2206 902 conficiam
2224 845 2244 892 ,·
2272 825 2429 904 [aeit
2458 844 2634 886 amor
2660 825 2733 886 in
2747 830 2977 907 primis
3009 849 3157 910 erqa
3183 832 3431 897 litteras
3454 842 3627 904 tuus,

397 934 525 987 tum
553 929 811 1005 pietatis
839 926 1289 1004 reliqionisque
1321 923 1607 1001 coquitus
1641 922 1925 983 omnibus
1955 941 2028 983 ae
2048 932 2420 1001 perspectus
2449 922 2678 995 ardor,
2710 925 2936 1006 quibus
2960 948 3039 990 ex
3066 930 3359 992 ambobus
3388 934 3618 993 studiis

395 1035 625 1087 nostra·
655 1026 778 1087 ittae
805 1027 873 1087 in
899 1023 1328 1103 Epiphaniam
1355 1021 1595 1083 collatae
1628 1038 1831 1100 operoe
1859 1018 2210 1100 viqilioeque
2238 1021 2757 1101 proficiscuntur.
2799 1025 3070 1089 Faciunt
3118 1028 3489 1116 excellentes
3539 1032 3629 1091 in-

393 1124 564 1201 genii
591 1133 758 1184 artes
787 1124 1170 1202 virtutesque
1206 1130 1438 1182 coeteroe
1474 1142 1494 1181 .·
1539 1121 1766 1199 quibus
1805 1121 2103 1182 Ecclesiae
2143 1122 2576 1200 principatum
2615 1123 2989 1204 jamdudum
3027 1128 3290 1206 publica
3357 1133 3630 1193 omnium

395 1233 539 1284 vota
564 1241 636 1284 ac
665 1221 975 1303 suffraqia
1003 1221 1407 1301 despondent.
1443 1222 1626 1282 Facit
1645 1230 1970 1300 postremo
1998 1220 2301 1299 prolixus
2348 1229 2493 1282 tuus
2526 1223 2593 1283 iu
2618 1224 2989 1285 Societatem
3017 1234 3321 1302 nostram,
3353 1248 3426 1289 ac
3456 1231 3629 1291 mul-

396 1323 476 1384 tis
505 1320 765 1384 indic-iis
788 1330 1157 1402 perspectus
1185 1329 1368 1400 atque
1399 1319 1770 1399 exploratus
1802 1321 2086 1387 animus.-
2121 1328 2253 1381 tum
2280 1321 2622 1382 nonnullus
2649 1341 2891 1403 quoque
2921 1327 3218 1388 tenuitati
3245 1338 3479 1390 nostroe
3501 1347 3629 1410 pa·

396 1430 663 1508 tesaetus
684 1425 933 1508 jamdiu
962 1427 1044 1489 ad
1071 1412 1515 1507 beniqnitatem
1550 1436 1718 1502 tuam
1749 1428 1960 1488 aditus
2017 1446 2090 1488 ac
2120 1436 2433 1508 receptus.
2466 1427 2747 1504 Quorum
2775 1430 3050 1490 omnium
3078 1448 3372 1491 summam
3402 1431 3634 1493 brevis·

393 1528 550 1587 sima
577 1529 690 1589 hac
720 1528 1182 1606 certissimaque
1212 1544 1356 1587 voce
1387 1525 1766 1604 complectar
1806 1545 1826 1584 .·
1862 1524 2070 1604 Neque
2111 1534 2168 1586 te
2208 1526 2461 1605 diqnius
2497 1545 2680 1606 quam
2701 1527 2895 1609 ,quod
2922 1547 2961 1587 a
2991 1546 3081 1587 me
3110 1528 3288 1589 modo
3320 1528 3629 1609 defertur,

393 1622 614 1702 offerri
662 1624 779 1687 tibi
822 1642 1043 1685 munus
1085 1641 1288 1702 posse.
1336 1640 1529 1701 neque
1579 1620 1955 1699 diqniorem,
2012 1625 2117 1684 cui
2159 1623 2321 1717 illud
2361 1625 2674 1706 offerrem,
2720 1639 2778 1686 te
2827 1645 2949 1687 uno
2998 1627 3275 1706 reperiri
3321 1628 3630 1705 potuisse.

399 1725 561 1790 Vale.

472 1831 730 1895 Lutetiae
761 1833 1174 1907 Parisiorum,
1208 1850 1374 1894 anno
1404 1836 1653 1895 ineunte
1679 1832 2069 1906 MDCXXII,
2111 1850 2267 1896 xvnt
2308 1832 2455 1896 Kal.
2488 1833 2676 1897 Febr.

1263 2128 1344 2185 tu.
1367 2129 1434 2183 A.
1468 2128 1531 2184 Τ.
1565 2127 1941 2186 deditissimus

2352 2204 2642 2276 Dionysius
2666 2203 2940 2264 Penvtus
3052 2243 3057 2246 -

2284 2273 2573 2331 Societatis
2602 2273 2731 2330 «lesu
2754 2279 3061 2349 presbyter.

415 2484 3607 2523 *mm—*w*

1079 2663 1186 2724 An
1231 2662 1758 2726 cxrnoucmu
1825 2666 1926 2725 ΕΤ
1979 2637 2405 2730 nanninus}
2468 2673 2928 2736 LECTOREM.

455 2999 590 3057 Cum
614 3001 849 3061 assiduis
877 3000 1215 3058 eruditorum
1256 3014 1320 3056 ae
1346 3000 1558 3071 piorum
1604 3001 1882 3056 honniuum
1915 3003 2152 3071 querelis
2180 2992 2412 3072 flagitari
2434 3002 2758 3073 jamdudum
2802 3003 3163 3075 Epiplianium
3196 3015 3446 3062 nostrum
3484 3006 3651 3064 intel·

387 3094 583 3169 ligam;
620 3112 651 3151 a
682 3095 1009 3168 quibusdam
1055 3095 1220 3151 etiarn
1252 3095 1562 3151 tarditatem
1593 3097 1842 3151 accusari
1876 3112 2054 3152 meam
2074 3137 2088 3164 ,
2120 3097 2264 3167 quod
2297 3096 2456 3167 eujus
2498 3096 2751 3154 editionis
2780 3113 2931 3169 spem
2964 3106 3091 3156 ante
3126 3100 3439 3170 complures
3465 3117 3642 3156 annos

382 3186 737 3255 ostenderim,
772 3201 834 3243 ea
869 3185 1110 3241 nondum
1140 3186 1194 3241 in
1226 3173 1404 3242 lucem
1438 3194 1548 3241 tam
1575 3187 1740 3256 longo
1768 3183 2057 3243 intervallo
2084 3187 2381 3259 prodierit,
2420 3186 2684 3242 nonnulla
2721 3196 2908 3244 nostra
2941 3191 3297 3248 excusatione
3312 3191 3642 3247 muniendus

384 3283 454 3341 ad
486 3282 795 3354 aequitatem
833 3290 981 3337 tuam
1022 3282 1201 3339 aditus
1241 3280 1476 3336 videtur.
1513 3281 1627 3336 Erit
1664 3281 1753 3336 illa
1793 3297 1919 3336 vero
1959 3281 2268 3352 perfacilis,
2314 3281 2359 3336 si
2394 3281 2500 3336 boe
2529 3297 2654 3336 cum
2699 3282 2883 3337 animo
2921 3291 3014 3339 tuo
3056 3284 3327 3340 aestimare
3364 3283 3637 3353 volueris,

384 3387 649 3448 quatitum
678 3375 744 3430 ad
769 3375 845 3443 id,
878 3375 1023 3446 quod
1062 3376 1216 3430 initio
1253 3376 1628 3445 praevideram,
1659 3384 1715 3432 et
1747 3378 1813 3431 ad
1858 3376 2004 3446 quod
2049 3384 2276 3446 paratus
2309 3391 2566 3431 veneram
2588 3417 2603 3439 ‚
2637 3377 2793 3446 pensi
2826 3391 2891 3431 ac
2915 3377 3122 3434 laboris
3152 3380 3468 3436 accesserit.
3507 3376 3640 3433 Nam

381 3488 508 3530 cum
541 3472 778 3543 primum
809 3454 967 3526 'illud
1013 3486 1151 3542 opus
1193 3473 1497 3527 amicorum
1539 3480 1755 3542 rogatu,
1795 3480 1849 3526 et
1891 3486 2083 3527 eorum
2110 3472 2203 3542 qui
2237 3471 2564 3526 auctoritate
2595 3480 2849 3541 poterant
2875 3470 3019 3543 apud
3044 3487 3131 3526 me
3160 3472 3481 3542 plurimum.
3511 3473 3638 3526 lior·

383 3576 499 3624 tatu
529 3567 738 3637 recepi;
776 3582 944 3622 unum
977 3565 1108 3619 illud
1145 3565 1496 3636 designabam
1521 3567 1724 3627 animo,
1751 3575 1811 3621 ut
1841 3575 1896 3621 et
1919 3565 2126 3621 Graecis
2141 3566 2433 3635 diligenter
2458 3566 2784 3629 emendatis,
2807 3575 2861 3620 et
2879 3565 3070 3621 Latina
3100 3567 3349 3622 Cornarii
3374 3568 3637 3637 interpre-

386 3656 588 3725 [atione
617 3656 901 3725 castigata,
927 3655 1242 3710 adnotarem
1271 3670 1335 3709 ea
1365 3654 1852 3724 breviterffquibus
1889 3655 1957 3708 ad
1991 3655 2234 3709 auctoris
2260 3664 2497 3708 mentem
2543 3655 2945 3723 assequendam
2990 3655 3232 3724 adjuvari
3273 3655 3641 3732 nou-imperiti

385 3743 626 3804 bominis
652 3745 918 3801 industria
942 3755 1148 3816 posset.
1184 3742 1253 3798 Ut
1297 3754 1478 3800 autem
1511 3743 1700 3799 Latine
1734 3745 2122 3814 interpretarer
2153 3742 2304 3812 ipse,
2336 3757 2513 3811 neque
2552 3742 2946 3797 constitueram
2991 3743 3243 3813 equidem
3265 3784 3280 3808 ,
3313 3759 3490 3814 neque
3524 3743 3645 3798 iore

385 3836 758 3893 necessarium
779 3835 1106 3891 arbitrabar.
1141 3836 1256 3891 Hae
1287 3850 1389 3907 ego
1423 3850 1518 3905 spe
1542 3877 1558 3902 ,
1589 3834 2018 3905 conditioneque
2052 3849 2182 3889 cum
2210 3835 2356 3890 ultro
2391 3833 2542 3890 oneri
2574 3833 2650 3888 illi
2685 3834 3075 3890 successissem
3099 3876 3116 3903 ,
3144 3849 3382 3906 cumque
3413 3836 3555 3892 istud
3592 3848 3639 3891 ct

383 3933 687 3990 amicorum
715 3932 1098 4001 praedieatione
1119 3973 1135 3998 ,
1171 3942 1224 3985 ot
1260 3947 1379 3987 mea
1409 3946 1629 4003 quoque
1649 3913 2083 3987 'denuntiatione
2127 3939 2408 3987 manasset
2457 3930 2697 4002 longius,
2726 3947 2891 4002 quarn
2924 3944 2985 3986 ut
3016 3933 3386 3987 vadimonium
3418 3932 3647 3989 honeste

384 4036 602 4093 possem
637 4022 911 4088 deserere,
963 4036 1089 4076 mox
1129 4021 1220 4076 ubi
1273 4022 1493 4077 tractari
1535 4031 1710 4091 coepta
1744 4036 1833 4076 res
1879 4030 1996 4084 est,
2036 4020 2158 4090 plus
2185 4022 2239 4075 in
2276 4038 2339 4077 ea
2374 4022 2576 4092 negotii
2606 4038 2769 4093 quam
2798 4023 2931 4078 mibi
2961 4006 3283 4093 pollicebar,
3322 4038 3445 4079 esse
3474 4025 3639 4078 situm

384 4113 766 4169 animadverti.
794 4111 1087 4183 Postquam
1113 4113 1260 4168 enim
1288 4110 1541 4166 Ceruarii
1572 4109 1767 4164 Latina
1794 4109 2088 4162 emendare
2110 4124 2231 4163 sum
2261 4110 2574 4178 ingressus;
2604 4111 3019 4181 periculumque
3053 4113 3404 4170 recensendis
3432 4114 3640 4184 aliquot

385 4205 599 4277 paginis
633 4204 759 4271 feei,
799 4205 997 4275 ecquid
1041 4203 1301 4259 mediocri
1364 4203 1545 4273 aliqua
1580 4198 1905 4256 tractatione
1945 4199 2211 4254 nitescere
2257 4215 2320 4254 ac
2361 4199 2617 4269 perpoliri
2650 4208 2865 4270 posset,
2892 4202 3051 4270 plena
3080 4218 3188 4259 non
3230 4206 3408 4259 solum
3436 4205 3641 4262 fastidii

384 4299 503 4356 visa
537 4314 628 4355 res
658 4307 762 4365 est,
793 4298 884 4354 sed
918 4299 1078 4354 etiam
1106 4299 1389 4365 molestiae,
1416 4306 1467 4353 et
1509 4295 1789 4351 illiberalis
1817 4293 2104 4364 eujusdam
2132 4309 2308 4364 operoe
2340 4310 2404 4349 ae
2433 4293 2659 4349 laboris.
2697 4294 2770 4349 lta
2811 4295 2981 4351 multa
3022 4298 3464 4367 tum-demenda,
3489 4317 3639 4356 eom-

387 4392 668 4460 mutanda,
702 4393 1076 4463 interpolanda
1108 4390 1356 4455 suerunt;
1394 4399 1453 4443 ut
1483 4405 1581 4459 ego
1616 4388 1955 4444 tolerabilius
1989 4402 2113 4442 esse
2145 4395 2463 4450 statuerem,
2494 4387 2656 4441 aliam
2690 4387 2756 4442 de
2787 4387 3020 4458 integr0,
3068 4404 3132 4444 ae
3172 4405 3367 4445 novam
3407 4398 3641 4457 struere,

387 4503 552 4558 quam
583 4489 795 4556 alienae,
827 4487 1127 4559 praesertim
1171 4484 1438 4550 barbarae,
1479 4484 1809 4554 insulsaeque
1854 4484 2143 4538 tectorium
2195 4483 2477 4538 inducere.
2519 4481 2673 4539 Cessi
2712 4483 2880 4554 igitur
2929 4483 3166 4551 imitus,
3191 4492 3356 4556 atque
3387 4486 3641 4545 baesitans

387 4584 533 4650 lieet,
561 4595 614 4642 et
646 4587 699 4641 iu
730 4586 833 4641 hoe
865 4600 951 4639 me
980 4580 1271 4653 pistrinum
1305 4580 1541 4644 detrudi,
1573 4579 1957 4651 compingique
1984 4595 2106 4634 sum
2134 4594 2366 4650 passus:
2399 4586 2460 4633 ut
2500 4594 2623 4633 eum
2663 4579 2985 4650 scriptorem
3005 4619 3023 4646 ‚
3051 4596 3211 4651 quem
3239 4581 3640 4652 castigandum,

388 4687 448 4733 ut
477 4679 610 4743 dixi,
645 4687 807 4749 atque
837 4675 1145 4733 ornandum
1173 4673 1555 4730 tautummodo
1582 4686 1953 4740 susceperam,
1985 4669 2178 4726 Latino
2215 4671 2438 4740 insuper
2471 4685 2726 4725 sermone
2758 4680 3154 4726 converterem.

468 4770 565 4827 Est
600 4771 731 4826 illud
762 4770 1005 4841 proiecto
1033 4781 1206 4838 genus
1230 4762 1759 4833 interpretandarum
1789 4762 2055 4816 librorum
2090 4763 2220 4817 utile
2256 4761 2414 4817 bonis
2440 4762 2685 4830 artibus3
2707 4772 2761 4818 et
2789 4764 2935 4833 quod
2968 4764 3142 4833 major
3170 4779 3295 4834 pars
3329 4764 3514 4821 Graece
3543 4773 3638 4820 aut

383 4870 611 4925 omnino
646 4866 840 4931 nescit,
865 4876 1091 4918 autnon
1128 4863 1200 4916 ita
1238 4860 1363 4924 seit,
1393 4866 1452 4911 ut
1479 4857 1546 4912 iis
1587 4856 1917 4926 adiumentis
1943 4871 2128 4912 carere
2155 4857 2344 4927 possit,
2379 4856 2483 4911 hae
2526 4865 2685 4912 aetate
2728 4859 3118 4913 necessarium.
3157 4858 3259 4913 Sed
3292 4858 3431 4914 idem
3456 4867 3637 4913 tannen

386 4978 495 5019 non
532 4961 710 5017 solum
751 4959 980 5013 insuave
1011 4972 1106 5027 per
1144 4970 1298 5018 sese;
1328 4965 1514 5007 verum
1541 4950 1732 5014 etiarn,
1767 4958 1987 5019 propter
2010 4965 2280 5006 summam
2313 4948 2419 5005 hoe
2452 4958 2698 5021 tempore
2747 4952 3087 5006 obtrectandi
3127 4952 3523 5022 impunitatem,
3569 4968 3633 5008 ae

387 5056 679 5118 licentiam,
710 5050 1008 5108 sollicitum
1038 5062 1101 5101 ae
1133 5046 1427 5100 lubricum.
1468 5043 1741 5110 Quoniam
1773 5042 1996 5111 quidem
2015 5051 2174 5097 recte
2204 5040 2348 5096 sacto
2368 5080 2384 5106 ,
2426 5040 2718 5097 mediocris
2760 5043 3116 5113 approbatio;
3146 5053 3347 5110 errato,
3373 5043 3494 5100 sine
3520 5044 3628 5098 ulla

387 5147 561 5212 venia,
594 5146 909 5206 vehemenS,
944 5149 997 5195 et
1029 5147 1189 5194 atrox
1214 5136 1567 5206 reprehensio
1598 5135 1939 5207 proponitur.
1975 5132 2033 5189 ld
2060 5135 2198 5189 adeo
2230 5142 2505 5190 certorum
2546 5134 2828 5191 bominum
2860 5135 3267 5206 importunitate
3287 5146 3341 5192 et
3374 5136 3630 5194 inhuma-

386 5238 556 5293 nitate
579 5236 638 5291 ru
667 5254 681 5289 :
707 5234 794 5305 qui
823 5248 946 5289 eum
978 5232 1080 5302 ipsi
1111 5230 1230 5285 sine
1262 5243 1448 5283 errore
1479 5228 1616 5283 nihil
1645 5227 1926 5293 scribant,
1969 5242 2145 5299 neque
2182 5243 2240 5283 se
2261 5242 2292 5281 a
2319 5242 2597 5298 quoquam
2629 5222 2878 5299 redargui
2914 5230 3213 5299 patiuntur,
3237 5236 3294 5286 et
3326 5233 3429 5285 hoc
3458 5232 3633 5301 ipsum

386 5335 566 5383 tamen
603 5323 886 5397 tyrannico
927 5321 1031 5377 sibi
1062 5319 1189 5390 jure
1239 5319 1293 5372 in
1345 5324 1568 5372 eaeteros
1608 5324 1896 5400 usurpant.
1933 5315 2026 5371 Est
2057 5325 2238 5371 autem
2281 5315 2335 5368 in
2368 5314 2572 5371 Graecis
2595 5315 2847 5373 Latinam
2883 5319 2937 5372 in
2974 5319 3213 5388 linguam
3246 5319 3635 5378 transferendis

385 5419 599 5487 lapsum
639 5428 703 5468 ae
720 5411 1196 5483 reprehensionem
1229 5411 1433 5463 evitare
1463 5406 1700 5469 difficile,
1731 5413 2019 5475 propterea
2060 5405 2209 5474 quod
2241 5421 2402 5461 nemo
2428 5417 2511 5463 est
2540 5408 2612 5462 ita
2655 5409 2980 5464 necessariis
3028 5410 3093 5462 ad
3125 5408 3177 5462 id
3208 5424 3408 5464 munus
3441 5415 3631 5481 praesi-

387 5507 492 5563 diis
526 5506 863 5565 instructus;
895 5500 986 5570 qui
1041 5511 1135 5554 aut
1187 5499 1404 5553 Gru-cos
1449 5511 1643 5550 onmes
1674 5502 1929 5548 auctores
1963 5493 2175 5564 legerit.
2206 5505 2303 5549 aut
2340 5496 2665 5552 immensam
2694 5497 2801 5553 vim
2836 5500 3035 5553 artium
3071 5501 3315 5554 omnium
3336 5539 3352 5563 ,
3377 5512 3430 5556 et
3462 5519 3633 5558 mate-

389 5597 558 5662 riam3
588 5605 819 5665 quarum
850 5606 917 5646 ex
947 5590 1174 5645 scientia
1202 5589 1558 5649 efflorescere,
1591 5601 1654 5641 ac
1684 5584 1989 5640 redundare
2016 5585 2175 5640 debet
2203 5585 2608 5657 interpretatio.
2650 5603 2754 5642 usu
2800 5597 2854 5642 et
2889 5590 3150 5645 memoria
3185 5593 3630 5662 comprehendat.

385 5684 521 5752 Quis
541 5693 621 5741 est
651 5684 797 5739 enim
825 5681 920 5753 qui
962 5680 1173 5737 divinas
1209 5681 1584 5748 humanasque
1624 5677 1979 5748 disciplinas,
2018 5679 2112 5749 qui
2157 5677 2441 5749 theologiae
2463 5720 2478 5745 ,
2512 5681 2875 5752 philosophiae
2913 5697 2980 5737 ae
3014 5683 3412 5740 mathematum
3452 5696 3634 5755 partes

385 5791 612 5841 omnes·‚
645 5777 738 5847 qui
762 5775 901 5846 juris
928 5789 993 5830 ae
1024 5773 1330 5839 medicinae,
1361 5775 1454 5844 qui
1479 5772 1723 5828 minutas
1749 5771 1988 5843 denique
2008 5781 2156 5828 artes
2178 5772 2259 5828 vel
2292 5788 2435 5829 uinus
2461 5775 2752 5832 exhaurire
2773 5776 3030 5847 potuerit,
3064 5778 3146 5832 vel
3177 5777 3446 5834 infinitam
3471 5796 3632 5838 voca·

381 5864 660 5933 buton-um,
687 5881 808 5938 quae
828 5864 1025 5935 cuique
1050 5865 1266 5936 propria
1297 5877 1456 5932 sunt,
1484 5864 1676 5919 silvam
1707 5864 2141 5937 varietatemque
2174 5866 2447 5923 scrutari?
2478 5866 2640 5938 Atqui
2664 5883 2788 5923 eum
2818 5867 2908 5922 illa
2939 5867 3141 5940 passim
3164 5866 3481 5926 Graecorum
3507 5888 3632 5930 mo-
