3850 6517
294 531 396 590 825

965 530 1335 589 ADVERSUS
1372 532 1713 589 nAERsssEs
1753 534 1878 589 [AB.
1913 534 1953 589 Ι.
1995 533 2156 591 Tou.
2202 536 2290 592 ln.
2317 539 2677 595 —llAERES.
2721 538 2881 593 xmv

3438 533 3549 592 826

293 651 481 720 χρείαν
531 647 745 719 ἔχοντος
785 647 1159 717 τελειωθῆναι.
1208 647 1370 702 Ἀλλὰ
1411 649 1707 717 ἀνέστησεν
1744 648 1876 702 αὐτὸ
1902 656 1946 709 Α
1979 650 2165 720 perfici
2211 652 2361 706 nullo
2397 662 2557 722 pacto
2596 654 2883 708 desideret.
2926 652 3086 721 Atqui
3126 649 3256 705 illud
3294 652 3551 707 excitavit

293 742 476 807 πάλιν,
512 741 600 793 ἵνα
638 741 719 802 εἰς
746 738 990 809 κάματον
1020 739 1214 792 ἑαυτὸν
1241 739 1333 793 τὸν
1368 738 1593 811 μείζονα
1615 739 1864 809 ὲμὸάλοι,

292 833 380 886 ἴνα
418 830 583 903 μηδὲν
611 829 868 901 ὠφελήσῃ
918 828 1378 894 κατασκευάζων,
1410 828 1508 883 καὶ
1533 831 1591 881 ὲν
1626 830 1867 900 μνήματι

292 920 719 992 άποτιθέμενος,
768 922 864 974 καὶ
904 919 1135 973 διαλύων
1158 962 1174 986 ,
1214 922 1310 973 καὶ
1366 920 1601 991 μερίζων
1653 920 1867 990 ἑκάστῳ

293 1011 402 1067 τῶν
436 1010 735 1079 στοιχείων,
763 1010 897 1079 ὅπερ
928 1011 1058 1079 παρ’
1092 1008 1257 1062 αὐτοῦ
1287 1009 1528 1079 εἴληφεν,
1563 1010 1638 1073 ὠς
1665 1009 1869 1078 εὐγνώ-

298 1120 414 1172 μων
459 1098 860 1170 χρεοφειλέτης.
895 1100 1007 1152 Καὶ
1054 1100 1103 1151 εί
1156 1099 1293 1161 ὅλως
1342 1100 1559 1169 ἑκάστῳ
1596 1099 1863 1162 ἀπεδίδου,

297 1195 543 1247 τουτέστι
572 1193 633 1245 τὸ
670 1192 877 1263 ψυχρὸν
912 1190 991 1262 τῷ
1021 1190 1244 1261 ψυχρῷ,
1293 1191 1386 1245 καὶ
1430 1191 1492 1244 τὸ
1540 1188 1741 1262 θερμὸν
1790 1191 1868 1262 τῷ

295 1285 512 1356 θερμῷ,
534 1283 765 1354 ἠδύνατο
786 1280 959 1337 ταῦτα
990 1283 1065 1353 μὴ
1091 1282 1318 1353 ὁρᾶσθαι
1350 1286 1463 1346 τοϊς
1493 1283 1657 1337 αὐτοῦ
1694 1282 1871 1355 μαθη·

293 1380 438 1440 ταῖς·
475 1376 591 1429 ἀλλ’
618 1377 681 1429 οὐ
731 1373 837 1445 μὴν
868 1374 929 1427 τὸ
982 1373 1140 1444 σῶμα
1176 1373 1239 1426 τὸ
1280 1373 1461 1445 ξηρόν.
1494 1373 1719 1437 Πάντως
1758 1373 1869 1445 γὰρ

294 1468 355 1519 τὸ
383 1467 545 1538 ξηρὸν
571 1465 732 1536 σῶμά
760 1468 897 1530 ἐστι,
938 1464 1074 1536 σὰρξ
1107 1466 1202 1519 καὶ
1232 1465 1415 1518 ὀστέα.
1458 1466 1569 1518 Καὶ
1605 1465 1667 1518 τὸ
1702 1466 1869 1535 ὐγρδν

295 1560 512 1621 πάντως
540 1557 734 1629 ἰχῶρες
768 1557 906 1622 δστι,
926 1556 1020 1610 καὶ
1054 1555 1190 1626 σάρξ
1243 1556 1322 1619 εἰς
1359 1556 1631 1627 ὑγρότητα
1660 1555 1862 1609 διαλυο·

298 1647 455 1717 μένη.
490 1647 685 1699 Ἀτινα
734 1646 952 1709 πάντως
996 1646 1108 1708 τοῖς
1145 1644 1464 1708 ἀποστόλοις
1515 1645 1869 1717 φανερώτατα

294 1735 714 1806 άποτιθέμενος,
764 1738 1036 1806 ἐσήμανεν
1064 1774 1080 1800 ,
1124 1734 1199 1797 ὡς
1251 1735 1343 1787 καὶ
1376 1735 1439 1788 τὸ
1482 1735 1697 1807 πρῶτον
1722 1775 1738 1801 ,
1779 1737 1868 1789 ὅτε

294 1828 558 1882 ἐθάπτετο
593 1828 655 1882 τὸ
683 1828 845 1881 αὐτοῦ
874 1828 1034 1897 σῶμα
1053 1866 1068 1890 ,
1113 1825 1435 1896 κατηξιοῦτο
1478 1827 1674 1899 Ἰωσὴφ
1706 1830 1734 1882 ὁ
1762 1827 1870 1883 ἀπὸ

306 1918 662 1991 Ἀριμαθαίας
686 1917 950 1983 έντυλίξαι
970 1918 1103 1971 αὐτὸ
1127 1919 1184 1971 ἐν
1209 1917 1424 1984 σινδόνι,
1454 1919 1548 1971 καὶ
1572 1919 1870 1974 ἀποθέσθαι

292 2012 352 2064 δν
386 2011 648 2081 μνήματι.
680 2011 831 2081 Ἀμα
856 2010 913 2065 δὲ
943 2010 1038 2063 καὶ
1066 2010 1123 2062 αἱ
1143 2013 1400 2078 γυναῖκες
1431 2006 1576 2080 εἶχον
1605 1993 1732 2062 ἰδεῖν
1765 2009 1869 2063 ποῦ

291 2100 617 2171 κατελείφθη
646 2101 715 2154 τὰ
752 2100 1004 2170 λείψανα,
1036 2101 1124 2153 ἵνα
1157 2101 1296 2153 αὐτὶ
1340 2101 1611 2170 τιμήσωσι
1641 2099 1728 2153 διά
1768 2101 1869 2172 μύ-

295 2209 402 2263 ρων
426 2192 521 2246 καὶ
548 2192 875 2264 ἀρωμάτων,
904 2194 980 2256 ὡς
1010 2192 1071 2245 τὸ
1090 2190 1327 2263 πρῶτον.
1376 2190 1517 2243 Ἀλλ’
1538 2190 1777 2261 οὐδαμοῦ
1805 2191 1867 2245 τδ

290 2280 481 2351 ψεῦδος
511 2281 661 2352 ὑμῶν
682 2280 839 2334 τοῦτο
866 2279 1154 2351 δεδήλωται
1173 2321 1188 2343 ,
1221 2273 1268 2332 ὧ
1312 2278 1683 2350 Ἀπελληῖανοὶ
1707 2318 1723 2343 ,
1755 2280 1866 2334 ἀπὸ

293 2373 410 2435 ἑνὸς
448 2371 556 2424 τῶν
576 2373 745 2440 ἁγίων
768 2371 1096 2425 ἀποστόλων.
1124 2372 1199 2423 Οὐ
1224 2372 1333 2442 γάρ
1360 2373 1527 2425 ἐστιν.
1564 2370 1723 2425 Ἀλλά
1739 2371 1868 2435 τοὺς

298 2464 396 2532 μὲν
421 2463 681 2533 άοράτους
709 2463 917 2533 ὁρατῶς
945 2458 1083 2515 εἶδον
1107 2461 1198 2515 δύο
1221 2462 1449 2533 ἄνδρας,
1477 2464 1570 2516 καὶ
1605 2456 1766 2516 αὐτόν
1787 2464 1869 2526 εἰς

289 2553 518 2624 οὐρανὸν
570 2553 926 2623 ἀνερχόμενον
956 2591 972 2615 ,
1020 2551 1114 2604 καὶ
1166 2551 1272 2603 ὑπὸ
1322 2552 1550 2622 νεφέλης
1599 2552 1869 2622 φωτεινῆς

293 2643 825 2714 ὐπολαμῆανόμενον,
863 2641 1112 2711 λείψανον
1140 2639 1197 2694 δδ
1224 2640 1388 2695 αὐτοῦ
1417 2642 1651 2713 οὐδαμοῦ
1698 2658 1865 2695 κατα·

291 2735 658 2806 λελειμμένον.
715 2736 790 2788 Οὐ
837 2735 946 2807 γὰρ
981 2735 1148 2808 ἐχρῆν
1175 2772 1191 2797 ,
1242 2734 1364 2788 οὐδὲ
1416 2734 1703 2804 ἐνεδέχετο.
1756 2735 1868 2788 Καὶ

289 2827 539 2897 ψεύδεται
582 2827 881 2898 Ἀπελλῆς,
918 2826 1010 2881 καὶΙ
1041 2829 1091 2881 oi
1130 2827 1226 2880 ἀπ’
1266 2825 1434 2881 αὐτοῦ
1472 2825 1865 2895 Ἀπελληῖανοί.

1968 741 2169 800 denuo.
2201 757 2309 811 quo
2336 744 2592 812 majorem
2625 743 2728 798 sibi
2754 742 2993 796 laborem
3022 742 3355 812 imponeret,
3384 740 3549 810 idque

1968 831 2089 886 sine
2136 831 2246 886 ullo
2298 832 2477 885 fructu
2529 840 2866 894 contextum,
2921 841 3082 900 atque
3130 830 3185 884 iu
3231 831 3547 900 sepulcrum

1968 922 2274 993 depositum
2314 935 2500 994 postea
2531 930 2832 988 retexeret,
2878 932 3076 995 atque,
3113 929 3171 976 ut
3198 923 3546 992 :equissimus

1968 1013 2200 1081 debitor,
2242 1014 2390 1084 quod
2435 1014 2503 1067 ab
2546 1028 2874 1083 unoquoque
2910 1013 3178 1068 elemento
3216 1020 3545 1082 sumpserat,

1967 1104 2173 1159 eisdem
2209 1106 2411 1173 optima
2453 1102 2555 1157 lide
2586 1099 3082 1157 restitueret.-Jam
3121 1109 3181 1154 ut
3211 1115 3312 1155 sua
3349 1102 3549 1171 cuique

1968 1194 2288 1258 reddiderit,
2321 1203 2450 1265 puta
2479 1194 2676 1265 frigido
2699 1194 2977 1263 frigidum,
3003 1202 3059 1247 et
3085 1191 3265 1248 calido
3286 1193 3547 1257 calidum,

1970 1285 2145 1356 potuit
2200 1285 2254 1340 id
2297 1286 2466 1340 latere
2505 1285 2726 1355 quidem
2774 1284 3097 1354 discipulos,
3144 1284 3324 1353 ipsum
3367 1275 3550 1338 tamen

1970 1388 2167 1443 corpvs
2205 1374 2409 1427 siccum
2444 1373 2669 1429 minime
2704 1373 2898 1443 potuit.
2936 1369 3157 1427 Siccum
3201 1374 3346 1429 enim
3391 1373 3552 1442 piane

1968 1479 2170 1534 corpus
2199 1463 2362 1534 383
2394 1472 2501 1529 est,
2540 1478 2693 1527 caro,
2739 1464 2984 1532 inquam,
3014 1471 3070 1518 et
3105 1479 3254 1518 ossa.
3289 1463 3551 1519 Similiter

1967 1563 2020 1608 et
2052 1551 2334 1606 humidum
2366 1552 2550 1608 sanies
2580 1559 2699 1617 est,
2734 1558 2789 1606 et
2834 1566 2967 1604 caro
3008 1566 3128 1619 quae
3172 1553 3226 1604 in
3267 1550 3551 1606 humorem

1969 1641 2292 1696 extabescit.
2333 1641 2469 1708 Quae
2506 1642 2692 1698 omnia
2734 1657 2857 1697 cum
2899 1642 3190 1697 manifeste
3233 1640 3546 1712 deponeret,

1969 1733 2233 1803 apostolis
2277 1734 2393 1789 suis
2433 1734 2660 1789 omnino
2707 1733 3092 1805 significasset,
3146 1740 3208 1787 ut
3255 1741 3417 1787 antea
3466 1733 3549 1788 fe·

1969 1832 2141 1887 cerat,
2192 1838 2316 1879 cum
2368 1825 2489 1893 ejus
2529 1840 2731 1894 eorpus
2776 1826 3029 1895 sepulcro
3079 1823 3395 1879 mandatum
3439 1832 3546 1880 est.

1971 1913 2109 1970 Tum
2138 1914 2286 1969 enim
2321 1913 2562 1983 losepho
2595 1915 3014 1970 Arimatbaeensi
3048 1914 3398 1984 permissum,
3434 1914 3551 1969 sin·-

1903 1994 1945 2048 Β
1973 2005 2118 2061 done
2152 2005 2373 2061 utillud
2408 2005 2740 2069 obvolveret,
2775 2014 2941 2075 atque
2975 2007 3031 2059 in
3065 2012 3421 2058 monumento
3450 2002 3549 2057 de-

1975 2104 2222 2166 poneret.
2264 2095 2535 2152 Praeterea
2577 2098 2840 2152 mulieres
2881 2098 3061 2153 locum
3102 2099 3255 2152 illum
3297 2095 3546 2151 animad-

1980 2194 2197 2242 vertere
2212 2188 2542 2257 potuissent,
2568 2190 2654 2243 cui
2675 2190 2917 2259 reliquiae
2929 2190 3325 2245 commendatae
3348 2189 3547 2255 forent,

1971 2284 2032 2331 ut
2065 2291 2162 2333 eas
2201 2279 2494 2348 unguentis
2536 2286 2592 2333 et
2633 2282 2971 2336 aromatibus
3017 2281 3322 2337 honorilice
3365 2280 3551 2336 condi-

1975 2378 2114 2425 rent.
2179 2369 2287 2426 Sed
2316 2372 2418 2428 boc
2447 2381 2710 2438 vestrum,
2742 2373 3071 2445 Apelleiani,
3104 2372 3448 2429 mendacium
3481 2386 3552 2427 ne

1974 2476 2119 2515 uuus
2157 2462 2378 2531 quidem
2418 2478 2484 2519 ex
2523 2465 2789 2534 apostolis
2827 2464 3299 2520 commemoravit.
3340 2464 3551 2533 Quippe

1974 2569 2254 2625 nunquam
2287 2556 2359 2610 ita
2386 2564 2600 2627 gestum
2631 2557 2761 2612 illud
2794 2564 2900 2613 est.
2929 2555 3131 2612 Verum
3160 2555 3299 2612 duos
3327 2554 3547 2625 quidem

1974 2660 2077 2715 per
2096 2659 2220 2702 sese
2241 2647 2464 2703 minime
2494 2648 2878 2719 aspectabiles,
2911 2657 3133 2703 externa
3165 2654 3345 2701 tamen
3368 2644 3552 2716 specie

1967 2746 2297 2807 apparentes
2329 2738 2479 2795 viros
2509 2739 2691 2794 intuiti
2725 2747 2888 2805 sunt,
2937 2740 3227 2810 ipsumque
3260 2738 3313 2792 in
3350 2739 3550 2793 coelum

1967 2826 2379 2893 ascendentem,
2423 2844 2488 2884 ac
2530 2830 2712 2885 lucida
2747 2830 2895 2883 nube
2923 2828 3320 2884 circumfusum
3360 2827 3401 2889 ¹,
3431 2826 3552 2881 reli·

289 2923 450 2991 quias
498 2936 630 2978 vero
678 2935 951 2993 nusquam
995 2931 1264 2977 terrarum
1313 2921 1540 2976 relictas
1584 2920 1856 2975 viderunt.
1892 2919 2082 2991 Neque
2106 2923 2255 2977 enim
2287 2923 2406 2978 lieri
2438 2923 2586 2980 istud
2615 2925 2929 2995 oportebat,
2978 2932 3076 2978 aut
3130 2938 3261 2978 vero
3313 2930 3546 2993 poterat·

290 3011 471 3079 Quare
506 3020 618 3067 tam
654 3012 869 3085 Apelles
907 3014 1058 3084 ipse,
1099 3028 1262 3083 quam
1302 3011 1606 3083 Apelleiani
1647 3009 1859 3066 mentiti
1889 3018 2046 3067 eunt.

358 3106 435 3162 Δ’.
478 3105 560 3160 Τά
587 3108 754 3178 ὃμοια
799 3107 858 3161 δὲ
909 3106 988 3178 τῷ
1045 3107 1236 3161 ἑαυτοῦ
1290 3108 1555 3179 ἐπιστάτῃ
1578 3104 1866 3178 Μαρκίωνι

2044 3107 2132 3163 tv.
2161 3108 2372 3163 Caetera
2406 3123 2570 3178 porro
2609 3123 2735 3162 cum
2776 3116 3110 3177 praeceptore
3144 3120 3246 3161 suo
3277 3103 3554 3160 Marcione

288 3198 415 3270 περί
449 3216 510 3252 τε
555 3199 656 3269 τῆς
702 3199 871 3271 ἄλλης
907 3200 1108 3273 σαρκὸς
1144 3202 1239 3253 καὶ
1289 3200 1397 3252 τῶν
1446 3199 1619 3253 ἄλλων
1663 3198 1867 3271 ὁμοίως
1972 3207 2344 3269 consentanea
2394 3198 2702 3271 profitetur,
2742 3213 2865 3270 quae
2911 3199 2976 3254 ad
3028 3198 3258 3252 aliorum
3307 3210 3551 3259 caruem,

290 3288 609 3360 δδογμάτισε
628 3306 641 3320 ·
672 3290 898 3360 φάσκων
922 3289 999 3361 μὴ
1027 3287 1165 3343 εἶναι
1194 3290 1489 3344 ἀνάστασιν
1513 3289 1742 3363 νεκρῶν,
1772 3290 1869 3344 καὶ
1895 3268 1937 3324 C
1972 3304 2037 3345 ac
2069 3290 2280 3361 reliqua
2314 3290 2366 3346 id
2402 3304 2575 3361 genus
2623 3290 2921 3359 pertinent.
2962 3289 3134 3360 Negat
3178 3287 3324 3342 enim
3364 3300 3555 3357 corpo-

290 3377 359 3431 τά
381 3378 535 3445 ἄλλα,
570 3380 780 3451 ὅσαπερ
814 3379 907 3433 ἐπὶ
926 3380 1025 3450 τῆς
1051 3380 1153 3451 γῆς
1185 3379 1359 3444 ἔδοξεν
1384 3380 1586 3449 ὁμοίως
1613 3378 1870 3450 δογματί-

294 3467 425 3533 ζειν.
469 3469 931 3543 ’Δνατραπήσεται
954 3470 1013 3524 δὲ
1040 3472 1071 3525 ὁ
1093 3470 1259 3525 αὐτοῦ
1296 3470 1553 3541 λογισμὸς
1574 3470 1742 3541 λῆρός
1786 3485 1871 3533 τις

291 3558 368 3615 ὢν
401 3561 495 3616 καὶ
521 3562 663 3618 κατὰ
695 3562 872 3617 πάντα
902 3562 1103 3635 τρόπον
1129 3562 1565 3633 πεπλανημένος.
1602 3561 1739 3616 onte
1762 3560 1872 3633 γάρ

293 3650 498 3723 ἰσχύσει
548 3651 739 3716 σκῦτος
769 3652 898 3708 ἔνθα
934 3652 997 3706 τὸ
1024 3653 1139 3721 φῶς
1173 3652 1575 3722 παραφαίνεται
1604 3689 1619 3711 ,
1649 3649 1773 3703 οὔτε
1808 3648 1871 3701 τὸ

288 3743 481 3814 ψεῦδος
510 3743 837 3810 σταθήσεται
861 3741 1027 3809 οὔσης
1049 3742 1147 3809 τῆς
1181 3740 1456 3809 ἀληθείας.
1505 3742 1568 3791 Εἰ
1597 3740 1705 3811 γὰρ
1735 3740 1872 3803 ὅλως

292 3834 559 3902 κέχρησαι
587 3834 705 3891 ταῖς
745 3831 1024 3898 Γραφαῖς,
1055 3823 1101 3882 ὧ
1142 3830 1372 3900 Ἀπελλῆ
1418 3831 1511 3882 καὶ
1550 3831 1600 3882 οἱ
1634 3830 1743 3884 άπὸ
1776 3830 1870 3883 σοῦ

307 3919 682 3988 Ἀπελληῖανοὶ
709 3958 725 3982 ,
765 3918 823 3983 ἐξ
876 3918 1055 3971 αὐτῶν
1113 3919 1221 3972 τῶν
1252 3919 1485 3990 Γραφῶν
1515 3919 1871 3991 τύρεθήσεσθε

298 4012 640 4080 ἐλεγχόμενοι
673 4027 687 4040 ·
747 4009 962 4081 πρῶτον
1023 4010 1120 4080 μὲν
1150 4050 1167 4074 ,
1215 4012 1296 4064 ὅτι
1347 4012 1468 4064 κατ’
1516 4011 1699 4064 εἰκόνα
1734 4009 1871 4063 Θεοῦ

298 4100 550 4168 ἐποίησεν
599 4101 627 4153 ὁ
670 4098 803 4161 Θεὸς
829 4099 921 4151 τὸν
954 4098 1265 4170 ἄνθρωπον·
1314 4103 1344 4152 ὁ
1374 4100 1430 4153 δὲ
1462 4101 1692 4171 ποιήσας
1730 4099 1867 4169 ἔφη·

299 4188 649 4259 Ποιήσωμεν
680 4190 992 4257 ἄνθρωπον
1037 4190 1163 4242 κατ’
1193 4192 1399 4244 εἰκόνα
1438 4192 1732 4260 ἡμετέραν
1773 4189 1871 4242 καὶ

297 4281 429 4337 καθ’
467 4280 769 4351 ὁμοίωσιν.
818 4280 905 4344 Ὣς
933 4280 1090 4344 εἴτις
1123 4281 1231 4334 άπὸ
1256 4282 1354 4353 τῆς
1399 4282 1492 4335 σοῦ
1520 4279 1872 4351 πεπλανημέ-

296 4390 396 4447 νης
420 4373 684 4445 αἱρέσεως
705 4372 1049 4444 έπιστρέψειε
1078 4375 1214 4445 πρὸς
1238 4375 1336 4444 τὴν
1362 4373 1617 4445 ἀλήθειαν
1668 4374 1743 4437 ὡς
1764 4373 1873 4428 ἀπὸ

298 4467 522 4529 σκότους
552 4464 863 4536 ἀποδράσας
901 4465 996 4517 καὶ
1024 4464 1135 4517 ἀπὸ
1180 4466 1368 4530 νυκτὸς
1398 4466 1670 4531 ἀναστάς,
1722 4466 1873 4538 εὖροι

1970 3397 2093 3437 rum
2135 3397 2260 3439 esse
2302 3382 2789 3448 resurrectionem,
2843 3389 3148 3449 caeteraque
3184 3377 3253 3432 ad
3293 3377 3550 3433 eumdem

1972 3471 2214 3536 modum,
2250 3486 2361 3543 quo
2401 3470 2493 3526 ille
2533 3486 2658 3525 cum
2699 3470 2754 3523 in
2793 3469 2932 3524 vivis
2975 3474 3158 3539 ageret
3198 3466 3253 3521 in
3292 3465 3549 3536 opinione

1972 3578 2073 3619 sua
2097 3564 2299 3634 posuit.
2339 3561 2443 3617 Sed
2478 3561 2799 3631 opinionum
2836 3560 2941 3615 inae
2973 3572 3131 3628 nugae
3169 3571 3232 3611 ac
3265 3554 3548 3612 mendacia

1972 3654 2260 3709 manifeste
2294 3653 2714 3721 redarguentur.
2753 3647 2940 3719 Neque
2972 3648 3114 3700 enim
3152 3645 3350 3698 virium
3388 3642 3544 3714 quid-

1971 3760 2138 3816 quam
2170 3744 2373 3798 babent
2406 3742 2668 3804 tenebrae,
2703 3739 2796 3795 ubi
2833 3736 3093 3809 splendor
3127 3732 3267 3789 lucis
3318 3734 3546 3797 emicat;

1974 3851 2076 3891 nec
2120 3835 2399 3905 aperiente
2440 3848 2501 3887 se
2543 3831 2773 3887 veritate
2822 3829 3035 3885 salsitas
3077 3825 3351 3881 censistit.
3390 3821 3549 3890 Quod

1973 3926 2021 3982 si
2075 3940 2362 3983 sacrarum
2416 3923 2752 3978 Litterarum
2822 3920 2900 3975 uti
2964 3916 3283 3974 testimonio
3342 3915 3546 3986 placet,

1971 4017 2214 4087 Apelles,
2249 4029 2458 4086 vosque
2491 4011 2821 4083 Apelleiani,
2862 4010 2970 4064 inae
3003 4011 3136 4078 ipsae
3172 4022 3272 4061 sua
3304 4020 3405 4061 vos
3443 4019 3544 4059 au-

1972 4109 2225 4166 ctoritate
2253 4106 2599 4163 convincent.
2640 4103 2916 4165 Primum,
2967 4098 3115 4171 quod
3144 4098 3211 4153 ad
3247 4098 3537 4166 imaginem

1972 4198 2069 4255 Dei
2110 4199 2275 4253 hemo
2318 4211 2348 4251 a
2391 4194 2502 4251 Deo
2543 4194 2725 4249 sactus
2761 4201 2867 4247 est.
2907 4190 2986 4244 Ac
3025 4189 3119 4259 qui
3163 4188 3316 4242 illum
3360 4186 3490 4241 fecit
3528 4204 3543 4241 ι

1974 4290 2025 4344 F
2028 4291 2285 4352 acimum,
2325 4287 2522 4358 inquit,
2558 4284 2819 4340 ltonuiuem
2857 4282 2926 4336 ad
2967 4281 3248 4349 inaayfnem
3277 4287 3328 4331 et
3357 4277 3542 4332 simiti-

1976 4379 2210 4435 tudinem
2255 4388 2492 4436 nostram
2535 4378 2580 4429 ⁸.
2624 4372 2898 4440 Quocirca
2934 4372 2983 4427 si
3020 4370 3144 4441 quis
3182 4382 3213 4422 a
3252 4366 3548 4423 salsissima

1975 4478 2069 4525 tua
2116 4468 2309 4524 baeresi
2359 4481 2483 4522 sese
2516 4464 2586 4519 ad
2626 4465 2911 4537 veritatem
2940 4458 3299 4525 converterit,
3330 4468 3385 4513 et
3414 4465 3569 4513 tan·-

298 4557 362 4611 ἂν
387 4556 451 4610 τὸ
490 4556 606 4627 φῶς
637 4555 787 4627 αὐτῷ
823 4555 1107 4609 ἀνατιιλαν
1155 4556 1252 4626 τῆς
1304 4555 1398 4610 τοῦ
1453 4556 1588 4610 Θεοῦ
1620 4555 1870 4625 γνώσεως
1901 4587 1948 4643 D
1973 4574 2138 4631 quam
2186 4571 2218 4613 e
2271 4564 2431 4610 nocte
2481 4569 2546 4609 ac
2601 4553 2841 4608 tenebris
2887 4550 3198 4614 emerserit,
3249 4550 3304 4603 iu
3349 4548 3547 4605 divinae

300 4646 449 4717 ἡλίου
477 4645 631 4715 δίκην
659 4645 755 4699 καὶ
776 4643 918 4714 ὑπὲρ
948 4642 1115 4713 ἥλιον.

366 4824 670 4893 Φανήσεται
719 4820 829 4893 γάρ
880 4822 1041 4875 παντὶ
1083 4822 1163 4895 τῷ
1206 4822 1300 4876 τὸν
1344 4820 1561 4893 εὔλογον
1612 4824 1872 4895 λογισμὸν

301 4911 620 4981 κεκτημένῳ
644 4950 659 4972 ,
695 4912 777 4964 ὅτι
813 4913 842 4963 ό
873 4910 1043 4963 εἰπὼν
1067 4950 1083 4975 ,
1136 4911 1489 4981 Ποιήσωμεν
1538 4913 1870 4982 ἄνθρωπον,

300 5004 328 5055 ό
357 5002 490 5064 Θεός
518 5004 662 5054 ἐστιν
689 5002 718 5053 ὁ
747 5001 853 5053 τῶν
879 5001 1015 5054 ὅλων
1041 5002 1250 5073 Πατήρ.
1282 5002 1639 5071 Συγκαλείται
1665 5005 1722 5056 δὲ
1753 5002 1873 5074 μεθ’

299 5093 493 5151 ἑαυτοῦ
514 5093 607 5148 τὸν
635 5092 721 5146 ἀεὶ
744 5094 868 5147 ὅντα
909 5096 1006 5147 σῦν
1037 5094 1185 5165 αὐτῷ
1212 5094 1346 5148 Θεὸν
1373 5095 1541 5163 Λόγον
1565 5095 1693 5147 Υἱδν
1719 5110 1875 5164 μονο-

300 5185 431 5255 γενῆ
456 5225 473 5249 ,
508 5184 568 5249 ἐξ
590 5183 752 5238 αὐτοῦ
790 5184 1039 5255 άνάρχως
1072 5185 1164 5238 καὶ
1189 5186 1430 5256 άχρόνως
1456 5186 1870 5255 γεγεννημένον·

302 5276 417 5345 ἃμα
448 5276 505 5328 δὲ
556 5275 650 5329 καὶ
691 5275 753 5328 τὸ
791 5276 943 5344 ἆγιον
993 5273 1157 5328 αὐτοῦ
1212 5274 1434 5344 Πνεῦμα
1457 5315 1472 5340 ,
1519 5276 1581 5329 τὸ
1629 5276 1728 5329 οὐκ
1774 5274 1871 5329 άλ-

299 5365 507 5434 λὸτριον
538 5364 700 5418 αὐτοῦ
740 5364 857 5418 οὐδὲ
881 5365 974 5418 τοῦ
1003 5364 1166 5419 αὐτοῦ
1197 5365 1326 5420 ἰδίου
1360 5367 1513 5422 Υίοῦ.
1541 5369 1605 5422 Et
1643 5368 1751 5441 γάρ
1776 5368 1870 5423 άλ-

300 5456 391 5520 λος
416 5451 484 5527 ἦν
515 5456 544 5507 ὀ
574 5455 782 5518 πλάσας
804 5456 896 5509 τὸν
928 5456 1209 5528 ἄνθρωπον
1234 5497 1248 5521 ,
1283 5457 1378 5511 καὶ
1406 5458 1497 5511 τὸν
1526 5460 1729 5529 κόσμον
1761 5460 1876 5515 κτί-

303 5562 430 5609 σας,
462 5544 620 5608 ἄλλος
658 5545 716 5598 δὲ
763 5547 792 5598 ὀ
841 5546 952 5599 άνω
980 5544 1183 5614 ἀγαθὸς
1215 5545 1347 5610 Θεὸς
1370 5586 1385 5608 ,
1415 5548 1543 5618 παρ’
1580 5542 1640 5601 οὗ
1677 5548 1875 5619 κατῆλ-

301 5638 393 5689 θεν
422 5637 451 5690 ό
497 5636 727 5707 Χριστός
747 5653 760 5667 ·
789 5636 889 5690 οὐκ
936 5637 1002 5691 ἂν
1029 5640 1057 5692 ὁ
1104 5638 1335 5708 Χριστὸς
1365 5638 1671 5709 έλάμόανεν
1701 5638 1877 5711 ἐαυτῷ

1973 4649 2214 4711 scientiae
2251 4648 2434 4702 lumen
2476 4646 2740 4704 incurret.
2788 4642 2935 4712 quod
2968 4641 3017 4696 ei
3069 4639 3203 4694 solis
3250 4640 3425 4693 instar
3460 4640 3544 4695 vel

1969 4746 2132 4804 etiam
2165 4739 2279 4796 sole
2301 4741 2422 4808 ipso
2448 4735 2652 4790 clarius
2683 4734 2982 4789 illucescet.

2042 4832 2177 4887 Nam
2210 4830 2344 4885 illud
2372 4826 2621 4889 cuilibet,
2654 4826 2747 4896 qui
2782 4826 3014 4882 rationis
3045 4826 3290 4883 nonuibil
3327 4826 3545 4889 babeat,

1973 4923 2204 4979 evidens
2234 4921 2364 4982 erit,
2393 4918 2561 4973 Deum
2592 4933 2716 4972 esse
2740 4924 3019 4987 parentem
3043 4918 3310 4979 omnium,
3343 4917 3435 4987 qui
3471 4916 3544 4969 ita

1974 5012 2193 5068 locutus
2219 5019 2304 5065 cst
2335 5028 2348 5064 ι
2389 5007 2674 5061 Faciamus
2702 5007 2983 5063 hominem.
3009 5008 3126 5076 Qua
3159 5006 3377 5078 quidem
3412 5021 3548 5062 voce

1973 5109 2237 5156 aeternum
2292 5098 2447 5152 illum
2493 5097 2686 5161 Deum,
2739 5096 2999 5162 Verbum,
3040 5099 3284 5167 inquam,
3345 5094 3542 5150 Filium

1974 5205 2135 5247 suum
2186 5190 2476 5259 unigenam
2522 5189 2841 5258 complexus
2872 5195 2959 5243 est
2997 5204 3012 5239 z
3049 5202 3210 5256 quem
3250 5202 3319 5242 ex
3365 5187 3547 5257 seipso

1973 5282 2096 5338 sine
2117 5280 2275 5335 initio
2299 5280 2448 5334 omni
2471 5295 2534 5334 ac
2558 5289 2803 5349 tempore
2825 5280 3009 5349 genuit
3031 5296 3047 5345 ;
3076 5294 3179 5333 uec
3199 5292 3309 5331 non
3332 5286 3386 5333 et
3417 5275 3544 5347 Spi-

1976 5373 2143 5425 ritum
2180 5378 2454 5436 sanctum,
2489 5369 2586 5441 qui
2614 5385 2715 5424 nec
2745 5370 2815 5424 ab
2846 5369 2963 5433 illo,
2996 5382 3098 5423 nec
3127 5368 3196 5424 ab
3232 5368 3399 5441 384
3425 5369 3548 5439 ejus

1981 5460 2120 5516 Filio
2144 5461 2216 5517 sit
2240 5461 2471 5516 alienus».
2505 5459 2565 5516 Si
2598 5461 2745 5516 enim
2779 5460 2920 5515 alius
2954 5461 3091 5515 soret
3112 5460 3353 5517 bominis
3380 5460 3550 5515 sabri-

1982 5560 2160 5616 cator,
2213 5552 2401 5606 muudi
2439 5552 2730 5618 conditor3
2769 5550 2912 5606 alius
2942 5566 3232 5621 supremus
3269 5568 3332 5607 ac
3371 5551 3548 5606 bonus

1984 5640 2148 5707 Deus,
2176 5658 2204 5694 a
2238 5658 2348 5711 quo
2370 5640 2621 5697 Clu-istus
2647 5641 2952 5705 descendit,
2985 5657 3261 5714 nunqua-n
3295 5640 3549 5697 Christus

302 5726 496 5799 σῶμα,
559 5727 652 5780 καὶ
682 5727 882 5781 ἔπλασε
931 5727 1028 5798 τὴν
1071 5727 1253 5781 εἰκόνα
1297 5727 1394 5783 τοῦ
1427 5728 1765 5801 Δημιουργοῦ
1799 5730 1880 5793 εις
1987 5732 2092 5787 sibi
2117 5746 2320 5802 corpus
2354 5730 2652 5803 affingeret,
2684 5743 2778 5787 aut
2810 5730 3038 5803 liguram
3077 5732 3134 5789 in
3172 5748 3232 5789 se
3264 5730 3544 5788 creatoris

375 5902 391 5937 ⁸
422 5905 545 5961 Act.
587 5921 626 5974 Ι,
654 5905 685 5959 9
713 5921 828 5975 sqq.
912 5906 930 5934 ²
970 5901 1104 5958 Geu-
1137 5918 1196 5968 ιι,
1228 5902 1317 5958 9-6.
