3850 6517
290 502 397 575 οζα

966 499 1334 558 ADVERSUS
1357 502 1698 560 nAEttEsEs
1734 503 1864 560 ΗΒ.
1904 504 1948 560 l.
1977 505 2141 563 Tou.
2178 507 2343 564 ΙΙΙ.-
2365 505 2637 565 nAEm-JS.
2680 506 2913 564 XXXVI.

3428 513 3538 573 ⁶3⁸

288 611 372 666 ἐτι
399 612 477 674 εἰς
504 607 662 682 δεῦρο
688 611 1044 683 γεννωμένων
1078 616 1206 685 παρ’
1238 615 1422 680 αὐτοῖς
1452 617 1548 670 καὶ
1576 618 1871 688 ὲπιφυομέ-
1899 626 1946 683 A
1975 634 2006 672 a
2038 628 2189 675 tanta
2212 622 2518 677 temeritate
2537 621 2840 689 deterream
2874 619 2970 676 sed
2989 635 3329 692 quaecunque
3357 632 3535 694 potest

291 720 397 755 νων
418 703 466 755 οἱ
497 702 620 757 καθ’
653 703 867 776 ἡμέραν
898 704 1209 777 εὑρίσκουσί
1240 724 1293 759 τι
1326 708 1514 763 καινὸν
1544 711 1738 775 εἰπεῖν,
1772 711 1869 765 καὶ

292 795 562 865 φαντάσαι
591 797 720 862 τοὺς
753 797 1146 869 ἐπαγομένους,
1176 799 1413 870 χαλεπόν
1438 800 1554 854 ἐστι
1582 801 1761 857 πάντα
1796 802 1871 856 τὰ

292 888 498 942 τούτων
532 888 821 961 ζητῆσαιῆ
852 888 1106 953 ἐξειπεῖν.
1135 890 1298 944 Ὅθεν
1328 893 1735 966 ἀρκεσθήσομαι
1767 894 1873 947 πά-

294 979 378 1032 λιν
413 982 525 1043 τοῖς
555 980 651 1035 καὶ
694 981 823 1051 περὶ
859 979 1064 1051 ταύτης
1091 980 1192 1051 τῆς
1230 983 1494 1054 αἱρέσεως
1526 982 1869 1055 εἰρημένοις,

298 1068 455 1122 ἅτινα
500 1069 593 1122 καὶ
629 1069 708 1133 εἰς
748 1069 896 1138 ἡμᾶς
923 1062 1089 1140 ἦλθεν
1124 1069 1417 1137 ὑποδεῖξαι.
1461 1072 1527 1125 Ἡ
1556 1071 1616 1126 δὲ,
1648 1070 1872 1144 τοιαύτη

296 1157 607 1211 διδασκαλία
633 1158 736 1211 τίνι
758 1159 859 1212 ούκ
892 1159 958 1214 ἂν
987 1160 1164 1232 σαφὴς
1188 1161 1297 1232 εἴη,
1325 1163 1401 1227 ὡς
1436 1161 1606 1233 μῦθός
1632 1165 1748 1217 ἐστι
1776 1164 1871 1218 καὶ

299 1248 462 1319 χλεύη
503 1248 564 1301 τὸ
600 1251 740 1314 πᾶν;
772 1248 943 1303 Πόθεν
976 1250 1085 1322 γὰρ
1108 1290 1121 1314 ,
1170 1246 1216 1305 ὧ
1269 1248 1425 1317 οὗτος
1469 1256 1568 1318 σὺ,
1600 1254 1635 1325 ἢ
1675 1256 1727 1307 οἱ
1770 1255 1874 1324 πρὸ

303 1338 418 1402 σοῦ,
448 1339 509 1392 τὸ
535 1339 696 1411 σῶμα
735 1340 1029 1412 εἰλήφατες
1058 1340 1156 1412 τὴν
1182 1342 1239 1395 δὲ
1270 1342 1447 1415 ψυχὴν
1478 1344 1669 1411 πόθεν;
1698 1345 1791 1398 τὸν
1816 1345 1873 1397 δὲ

303 1430 568 1483 ὲσὼτατόν
600 1447 691 1483 σου
721 1430 1006 1502 ἀνθρωπον
1052 1432 1252 1499 πόθεν;
1290 1436 1400 1489 Καὶ
1429 1438 1475 1489 εἰ
1524 1437 1623 1507 μὲν
1669 1436 1874 1492 ἀνωθεν

302 1522 411 1574 ἀπὸ
440 1522 533 1575 τοῦ
562 1522 673 1576 ἀνω
706 1522 1095 1593 πνευματικοῦ,
1114 1522 1191 1588 ὡς
1215 1524 1393 1594 λέγεις
1417 1528 1873 1600 δραματουργῶν,

304 1612 397 1664 καὶ
425 1610 725 1683 ἐπαγγελίᾳ
754 1611 967 1676 ἐλπίδος
991 1611 1287 1682 κεπφώσας
1317 1617 1445 1681 τοὺς
1472 1618 1577 1671 ὑπὸ
1610 1617 1705 1672 σοῦ
1740 1620 1876 1688 ἠπα-

301 1701 590 1774 τημένους,
622 1700 707 1754 ἶνα
732 1700 918 1773 σκοπῷ
945 1717 1053 1754 τινι
1081 1702 1407 1776 ἐπαρθέντες
1435 1706 1748 1779 ὑποσύρωσι
1767 1708 1784 1739 ¹
1806 1709 1874 1779 τῇ

179 1793 200 1800 “
302 1792 369 1863 σῇ
406 1791 810 1863 γεγοητευμένη
840 1791 1252 1865 δραματουργία
1273 1809 1290 1827 ·
1323 1793 1471 1864 λέγε,
1508 1796 1594 1860 τίς
1624 1798 1657 1868 η
1688 1813 1878 1851 κοινω-

305 1883 388 1937 νία
428 1882 521 1935 τοῦ
551 1882 663 1935 ἀνω
702 1879 1071 1951 πνευματικοῦ
1107 1883 1243 1953 πρὸς
1275 1882 1336 1937 τὸ
1363 1878 1588 1952 ὗλικόν;
1626 1887 1710 1951 τίς
1739 1885 1797 1941 δὲ
1840 1887 1874 1957 ἡ

297 1971 391 2025 τοῦ
435 1969 620 2025 ὑλικοῦ
665 1972 802 2043 πρὸς
839 1971 900 2025 τὸ
926 1970 1193 2042 ψυχικόν;
1235 1971 1353 2038 πῶς
1379 1974 1438 2028 δὲ
1465 1976 1494 2027 ὁ
1537 1974 1876 2051 Δημιουργὸς
1906 1958 1949 2013 Β

276 2062 367 2115 ’τὰ
398 2059 475 2133 μὴ
507 2061 699 2115 ἑαυτοῦ
732 2060 1116 2134 ὲδημιούργει;
1150 2062 1269 2127 πῶς
1308 2063 1363 2117 δὲ
1395 2067 1424 2117 ὀ
1467 2064 1581 2118 ἀνω
1611 2065 1707 2137 τὴν
1744 2068 1875 2138 παρ’

299 2151 465 2205 αὐτοῦ
510 2152 736 2224 δύναμιν
783 2152 1162 2224 πνευματικὴν
1212 2154 1455 2224 παρέσχε
1486 2155 1565 2226 τῷ
1595 2155 1672 2226 μὴ
1700 2155 1879 2220 καλῶς

302 2243 655 2315 ἐργασαμένῳ
698 2241 1059 2315 Δημιουργῷ;
1101 2241 1274 2297 Πόθεν
1319 2241 1379 2295 δὲ
1441 2245 1472 2296 ὁ
1516 2244 1878 2315 Δημιουργδς,

178 2313 182 2318 ι
300 2333 564 2405 ἀναμίξας
594 2333 654 2385 τὸ
702 2332 895 2387 ἑαυτοῦ
933 2332 1163 2402 ψυχικὸν
1208 2332 1347 2404 μετὰ
1392 2331 1490 2390 τοῦ
1541 2333 1728 2388 ὑλικοῦ
1748 2374 1765 2400 ,
1810 2336 1879 2406 τῇ

306 2423 409 2493 ὕλῃ
440 2422 635 2491 μᾶλλον
660 2420 922 2490 ἠθέλησεν
951 2422 1319 2493 ὲγκαταδῆσαι
1350 2421 1454 2494 τὴν
1479 2422 1673 2477 ἑαυτοῦ
1716 2422 1882 2477 δύνα-

313 2528 406 2581 μιν
426 2527 440 2576 ;
464 2512 526 2564 Εἰ
542 2510 599 2564 δὲ
624 2510 723 2581 τὴν
746 2509 939 2563 ἑαυτοῦ
962 2510 1190 2580 δύναμιν
1213 2511 1460 2581 βούλεται
1488 2513 1875 2585 ὲγκαταμίξαι,

310 2603 410 2655 ούκ
468 2602 575 2672 ἀρα
624 2598 876 2671 ἀλλοτρία
908 2601 943 2668 ἡ
985 2598 1108 2670 ὖλη.
1143 2600 1208 2653 Εἰ
1263 2598 1322 2653 δὲ
1379 2602 1477 2656 καὶ
1532 2600 1678 2655 ἐστιν
1724 2602 1882 2672 ἀλλο-

309 2692 455 2763 τρία,
484 2693 564 2757 τίς
591 2691 737 2763 αὐτῷ
763 2691 867 2761 τῆς
895 2690 1028 2761 ὕλης
1060 2691 1302 2764 παρέσχε
1331 2693 1430 2765 τὴν
1462 2694 1740 2761 ὲξουσίαν;
1772 2694 1885 2747 Καὶ

309 2784 525 2854 πρῶτον
565 2783 688 2852 λέγε
732 2800 822 2855 μοι
846 2820 861 2846 ,
897 2776 943 2837 ὦ
986 2782 1240 2836 ἀπατεὼν
1264 2825 1279 2850 ,
1313 2784 1543 2856 πότερον
1578 2769 1749 2856 μισῶν
1786 2786 1885 2856 τὴν

307 2874 484 2947 ψυχὴν
518 2875 813 2948 κατέδησεν
845 2875 1011 2948 αὐτὴν
1043 2877 1110 2947 τῇ
1145 2873 1268 2946 ῦλῃ,
1296 2873 1330 2945 ἢ
1365 2872 1575 2942 ἀγνοῶν
1605 2874 1666 2928 τὸ
1701 2873 1887 2943 ἐσόμε-

307 2985 418 3020 νον.
456 2968 592 3020 Ἀλλ’
628 2964 769 3035 οἶδα,
811 2968 894 3021 ὅτι
942 2966 1224 3038 οὐδέτερον
1270 2963 1478 3017 τούτων
1519 2965 1683 3036 ἐρεῖς.
1716 2963 1887 3036 ’Ύλην

310 3057 421 3131 γάρ
450 3059 513 3111 ού
545 3058 773 3131 λέγομεν
786 3057 859 3111 τὸ
890 3058 1045 3130 σῶμα
1064 3096 1079 3122 ,
1114 3057 1190 3128 μὴ
1221 3057 1477 3125 γένοιτοῐ
1513 3055 1634 3109 οὐδὲ
1665 3054 1766 3118 τὰς
1791 3052 1885 3107 τοῦ

307 3148 447 3203 Θεοῦ
477 3149 706 3216 κτίσεις.
758 3149 920 3203 Ἀλλὰ
960 3149 1093 3221 ’ύλην
1122 3147 1246 3201 τινὰ
1281 3143 1421 3201 οῐδεν
1453 3150 1487 3217 η
1529 3146 1719 3219 Γραφὴ
1749 3146 1889 3217 μετὰ

307 3241 509 3312 ταύτην
539 3240 639 3313 τὴν
668 3240 901 3312 φαύλην,
930 3242 1011 3303 εἰς
1035 3240 1092 3292 δὲ
1121 3237 1466 3301 κατασκευὰς
1493 3239 1695 3311 ἑκάστῃ
1723 3233 1888 3312 τέχνη
1914 3286 1958 3349 C

313 3333 407 3387 καὶ
438 3330 701 3405 ἐργασίας
731 3332 1069 3405 προκειμένη
1090 3331 1135 3396 ¹,
1170 3330 1336 3402 ἀλλην
1359 3329 1501 3398 τινὰ,
1530 3330 1671 3399 λέγω
1692 3329 1757 3401 δὴ
1786 3329 1886 3401 τὴν

313 3426 381 3478 ἐκ
408 3424 641 3488 διανοίας
676 3423 948 3495 φυομένην
1002 3423 1255 3495 ῥυπαρὰν
1286 3421 1604 3493 ἐνθύμησιν,
1636 3423 1731 3475 καὶ
1758 3420 1886 3492 βορ-

315 3512 569 3587 ᾶῴώδεις
604 3513 893 3586 λογισμοὺς
935 3514 1038 3582 τῆς
1079 3515 1372 3586 ἁμαρτίας.
1405 3512 1632 3568 Φύονται
1674 3514 1783 3585 γὰρ
1811 3514 1889 3578 ὡς

310 3608 419 3664 ἀπὸ
448 3606 622 3681 πηλοῦ
659 3608 988 3681 δυσοδμίας’
1029 3626 1088 3662 τε
1131 3610 1225 3662 καὶ
1266 3606 1571 3679 ἀκαθαρτος
1614 3606 1886 3678 ἀποφορὰ,

311 3700 574 3773 λοιμώδης
617 3718 675 3755 τε
715 3701 806 3754 καὶ
829 3700 1199 3772 βορδορὼδης·
1231 3700 1306 3762 ὡς
1336 3701 1364 3750 ὀ
1396 3699 1664 3769 μακάριος
1696 3699 1883 3765 Δαῶδ,

313 3792 636 3862 διωκόμενος
676 3790 771 3841 καὶ
812 3788 1231 3855 διαόαλλὸμενος
1276 3784 1422 3855 [ὡς]
1476 3787 1579 3837 ὑπὸ
1637 3787 1888 3856 πονηρῶν

315 3885 412 3938 ἀνθ
423 3884 617 3954 ρώπων
628 3880 839 3946 ,ἔλεγεν
858 3896 869 3909 ·
888 3876 1220 3945 Ἐνεπάγην
1231 3877 1319 3939 εἰς
1333 3874 1355 3905 ”
1374 3874 1532 3943 ὕλην
1551 3874 1660 3945 (⁴3)
1668 3876 1886 3944 βυθοῦ,

320 3976 415 4025 καὶ
441 3972 509 4024 τὰ
541 3970 689 4039 ἑξῆς.

1973 710 2195 781 impune
2222 711 2759 766 comminiscitur-,Ac
2786 728 2910 767 cum
2940 712 2996 766 in
3016 712 3341 769 hodiernum
3365 730 3538 785 usque

1972 802 2118 857 diem
2144 803 2213 858 ab
2247 801 2358 857 illis
2375 803 2545 857 multa
2573 802 2938 873 proferantur,
2973 811 3381 876 nascanturque
3406 820 3536 877 por·-

1973 901 2147 960 tenta,
2175 893 2269 963 qui
2313 893 2558 963 quotidie
2584 894 2708 946 novi
2725 894 2931 963 aliquid
2950 893 3017 948 ad
3035 894 3349 952 illudendos
3361 896 3538 952 bomi-

1975 1000 2072 1040 nes
2106 983 2450 1055 confingunt,
2492 982 2707 1038 difficile
2764 991 2848 1039 est
2907 985 3176 1039 extricare
3223 988 3429 1053 omnia,
3451 987 3539 1043 vel

1973 1076 2225 1131 oratione
2295 1076 2607 1143 complecti.
2674 1074 2853 1141 Quare
2897 1091 3021 1146 quae
3073 1076 3140 1131 de
3191 1077 3294 1132 hac
3344 1078 3537 1136 haeresi

1974 1166 2253 1236 disputata
2282 1174 2433 1233 sunt,
2478 1168 2548 1221 iis
2575 1167 2817 1221 contenti
2857 1181 2982 1221 esse
3007 1165 3290 1231 debemus,
3327 1182 3447 1238 quae
3470 1168 3539 1224 ad

1975 1266 2221 1312 nostram
2286 1257 2605 1311 memoriam
2689 1264 3079 1327 pervenerunt.
3148 1256 3328 1328 Atque
3396 1258 3542 1314 lianc

1975 1360 2189 1401 omnem
2228 1345 2442 1399 illorum
2495 1343 2800 1399 doctrinam
2859 1345 2983 1414 quis
3026 1359 3140 1398 non
3193 1359 3374 1400 meras
3415 1359 3540 1400 esse

1976 1437 2187 1492 fabulas
2223 1451 2287 1491 ac
2309 1436 2543 1491 ludibria
2576 1436 2901 1506 perspiciat?
2920 1435 3066 1491 Cedo
3085 1435 3412 1500 enim,beus
3441 1436 3536 1491 tu!

1977 1530 2318 1597 majoresque
2373 1528 2491 1592 tui,
2553 1524 2699 1581 unde
2766 1540 2969 1595 corpus
3015 1525 3347 1594 accepistis?
3397 1526 3545 1582 unde

1977 1614 2245 1669 animam?
2283 1614 2430 1669 unde
2480 1613 2797 1670 interiorem
2848 1614 3002 1668 illum
3057 1612 3373 1669 hominem?
3409 1612 3467 1667 Si
3509 1628 3544 1669 a

1979 1705 2259 1783 superiore
2315 1705 2409 1760 illo
2466 1704 2657 1761 nescio
2706 1719 2817 1774 quo
2865 1719 2932 1759 ac
2980 1704 3212 1774 spiritali
3250 1704 3451 1761 habere
3490 1711 3547 1761 te

1979 1796 2207 1861 dixeris,
2235 1810 2333 1866 pro
2357 1810 2423 1850 eo
2461 1809 2525 1850 ac
2561 1796 2783 1850 mentiri
2810 1794 2978 1858 soloe,
3008 1800 3065 1849 et
3094 1793 3210 1864 spei
3253 1792 3545 1862 cujusdam

1979 1886 2296 1944 ostensione
2332 1885 2526 1941 illusos
2550 1899 2582 1938 a
2607 1891 2660 1940 te
2683 1884 2936 1940 homines
2980 1881 3175 1938 inflare
3193 1918 3212 1947 ,
3260 1897 3369 1952 quo
3392 1882 3548 1951 eius·

1978 1976 2124 2032 modi
2170 1974 2451 2046 proposito
2470 1973 2577 2030 sibi
2601 1988 2770 2044 scopo
2821 1983 2948 2028 tuas
2985 1972 3054 2027 ad
3082 1972 3392 2044 praestigias
3412 1988 3547 2042 pro-

1978 2064 2283 2134 lectentur;
2308 2065 2690 2131 dic.obsecro,
2718 2079 2845 2135 quae
2888 2063 2962 2120 sit
3002 2064 3246 2119 coelestis
3289 2064 3440 2119 illius
3483 2079 3549 2120 ac

1977 2155 2243 2227 spiritalis
2274 2170 2401 2211 cum
2430 2154 2673 2211 materiae
2693 2162 2954 2210 concreto
2981 2154 3243 2217 societas,
3264 2160 3359 2207 aut
3381 2153 3549 2223 liujus

1979 2261 2108 2303 cun
2148 2246 2407 2314 animali;
2433 2252 2529 2300 aut
2570 2260 2680 2317 quo
2715 2244 2938 2302 tandem
2981 2254 3146 2316 pacto
3163 2244 3393 2302 Creator
3427 2258 3552 2316 quae

1980 2338 2049 2393 ad
2077 2352 2140 2393 se
2162 2337 2510 2409 pertinebant
2554 2336 2694 2392 nihil
2729 2334 3057 2391 condiderit.
3087 2334 3202 2391 Cur
3251 2349 3546 2406 supremus

1983 2430 2077 2485 ille
2114 2429 2413 2501 spiritaiem
2468 2442 2626 2485 suam
2671 2428 2780 2483 vim
2838 2426 3159 2490 conditori,
3213 2427 3309 2496 qui
3367 2426 3552 2483 minus

1983 2528 2133 2577 recte
2156 2520 2380 2576 molitus
2401 2526 2540 2584 erat,
2567 2516 2901 2573 attribuerit.
2953 2516 3068 2571 Cur
3104 2516 3248 2571 idem
3277 2516 3367 2571 ille
3389 2515 3540 2570 Con-

1985 2613 2133 2669 ditor
2175 2613 2412 2668 animale
2459 2626 2620 2668 suum
2668 2625 2794 2666 cum
2856 2608 3122 2663 materiali
3181 2606 3551 2661 commiscens

1987 2703 2230 2759 materiae
2255 2716 2419 2772 quam
2450 2701 2684 2756 habebat
2710 2700 2820 2754 vim
2848 2697 3057 2769 illigare
3089 2696 3363 2752 maluerit.
3388 2694 3547 2762 Quod
3595 2717 3600 2722 ·

1989 2793 2038 2848 si
2054 2793 2161 2847 vim
2201 2792 2292 2846 ille
2319 2805 2477 2845 suam
2520 2788 2832 2844 immiscere
2874 2787 3053 2858 cupit,
3078 2800 3188 2842 non
3216 2788 3323 2842 erit
3371 2787 3552 2842 aliena

1990 2882 2238 2939 materia.
2275 2880 2373 2936 Sin
2407 2892 2492 2938 est
2520 2880 2738 2945 aliena,
2789 2879 2916 2949 quis
2956 2878 3006 2934 ei
3031 2878 3125 2947 jus
3171 2877 3227 2931 in
3267 2878 3550 2933 materiam

1991 2981 2422 3044 potestatemque
2453 2970 2768 3026 concessit?
2817 2968 2896 3022 Ac
2939 2969 3176 3037 primum
3235 2966 3369 3021 illud
3422 2967 3553 3022 volo

1990 3066 2127 3120 mihi
2156 3065 2330 3129 dicas,
2349 3064 2635 3133 impostor,
2686 3068 2871 3114 utrum
2901 3058 3099 3113 anim-‘e
3126 3057 3382 3112 inductus
3405 3059 3554 3119 odio.

1992 3172 2065 3211 an
2123 3156 2270 3227 quod
2335 3155 2579 3209 futurum
2624 3160 2744 3207 crat
2787 3150 3069 3220 ignorans,
3133 3146 3361 3201 materia
3407 3144 3557 3199 illam

1992 3248 2328 3303 astrinxerit.
2359 3245 2478 3301 Non
2510 3243 2702 3299 dubito
2748 3241 2881 3311 quin
2912 3240 3108 3294 horum
3140 3252 3390 3294 asserere
3422 3252 3557 3293 neu·

1991 3342 2133 3390 trum
2158 3333 2376 3391 audeas.
2402 3331 2598 3388 Procul
2650 3328 2794 3386 enim
2824 3328 2985 3394 absit,
3018 3327 3300 3382 materiam
3331 3333 3385 3380 ut
3421 3340 3549 3382 eor-

1990 3441 2092 3496 pus
2122 3424 2473 3495 appellemuS,
2498 3429 2592 3477 aut
2621 3436 2710 3476 res
2747 3434 2777 3472 a
2814 3418 2924 3473 Deo
2973 3416 3242 3472 conditas.
3279 3415 3388 3470 Sed
3417 3416 3556 3471 alte-

1989 3515 2107 3570 rius
2151 3513 2437 3584 cujusdam
2488 3511 2735 3567 materiae
2791 3508 3078 3578 Scriptura
3135 3506 3384 3563 meminit
3434 3514 3561 3577 post

1991 3605 2152 3660 vilem
2180 3603 2319 3657 banc
2338 3608 2392 3657 et
2432 3599 2724 3670 abiectam,
2754 3614 2876 3669 quae
2907 3597 3132 3653 cuilibet
3162 3596 3266 3649 arti
3297 3597 3559 3666 operique

1990 3696 2334 3767 proponitur.
2357 3691 2685 3763 Cuiusmodi
2710 3702 2794 3747 est
2815 3692 2925 3754 ille,
2946 3690 3130 3760 quiex
3154 3688 3336 3742 animo
3375 3685 3560 3757 pullu-

1993 3789 2094 3852 lat,
2131 3785 2446 3856 inquinatus
2487 3782 2657 3837 animi
2703 3788 2906 3842 motus,
2944 3793 3011 3834 ac
3041 3779 3322 3834 lutulentae
3345 3775 3563 3849 peccati

1990 3876 2377 3949 cogitationes:
2452 3888 2578 3945 quae
2624 3888 2692 3929 ex
2745 3870 3072 3927 fetidissimo
3152 3882 3348 3937 coeno,
3412 3866 3564 3924 velut

1991 3968 2303 4025 teterrimus
2371 3979 2539 4036 vapor
2595 3979 2662 4019 ac
2705 3962 2971 4034 pestilens
3012 3961 3261 4031 spiritus,
3322 3958 3562 4015 exhalat.

323 4067 496 4129 Quam
521 4061 591 4117 ob
624 4074 845 4116 causam
900 4058 1096 4114 beatus
1157 4056 1249 4111 ille
1294 4052 1485 4121 David,
1529 4068 1652 4111 cum
1691 4071 1815 4111 eum
1870 4059 2236 4115 conscelerati
2293 4057 2547 4114 homines
2611 4058 3076 4126 persequerentur
3147 4065 3214 4106 ac
3273 4048 3563 4106 calumniis

325 4157 693 4218 incesserent,
746 4150 955 4221 Infixae
981 4165 1120 4214 sum,
1167 4148 1366 4219 inquit,
1393 4149 1447 4201 ἱιι
1470 4153 1693 4203 materia
1716 4150 1970 4221 profundi
1990 4154 2035 4219 ⁸,
2057 4160 2164 4208 etc.

394 4248 469 4300 E'.
524 4242 738 4313 Ἐπειδὴ
775 4243 833 4298 δέ
881 4259 963 4296 σοι
1007 4240 1514 4312 δοκεῖ,Ἧρακλέων’,
1548 4240 1706 4295 τοῦτο
1731 4242 1887 4311 λέγε-

324 4338 449 4392 σθαι
496 4334 646 4407 ῦλην,
675 4331 782 4386 τῶν
829 4330 1128 4404 ἀνθρώπων
1158 4329 1225 4384 τὰ
1260 4330 1507 4412 σώματα,
1535 4333 1630 4387 καὶ
1659 4333 1751 4386 τὸν
1796 4335 1886 4387 ὲν-

323 4429 448 4484 θάδε
498 4426 700 4497 κόσμον
752 4426 993 4480 ἅπαντα·
1029 4425 1123 4477 ἐπὶ
1163 4423 1302 4495 ποίῳ
1328 4422 1515 4495 σκοπῷ
1543 4424 1643 4495 τὴν
1690 4423 1888 4479 ἑαυτοῦ

322 4521 499 4591 ψυχὴν
529 4521 558 4573 ὁ
585 4515 919 4590 Δημιουργδς
951 4517 1017 4586 τῇ
1064 4514 1166 4587 ’ύλῃ
1190 4515 1575 4586 ἐγκατέμιξεν;
1604 4515 1670 4568 Et
1710 4516 1807 4587 μὲν
1828 4515 1890 4568 τὸ

324 4611 559 4683 πονηρὸν
591 4608 820 4677 ἀγνοῶν,
850 4608 910 4660 οὐ
939 4606 1163 4661 δύναται
1189 4606 1540 4678 δημιουργεῖν
1574 4608 1603 4659 ὁ
1632 4604 1708 4676 μὴ
1732 4604 1894 4674 γινώ-

328 4719 472 4756 σκων
508 4701 537 4754 ὃ
571 4699 816 4771 βούλεται
859 4696 1284 4769 δημιουργῆσαι.
1316 4696 1451 4751 Οὔτε
1485 4696 1595 4767 γὰρ
1640 4698 1802 4767 ἡμεῖς
1839 4714 1891 4750 τι

327 4794 638 4865 πράττομεν
688 4792 807 4845 καθ’
838 4790 1076 4859 ὲκάστην
1129 4788 1323 4857 τέχνην
1351 4786 1726 4859 ἐργαζόμενοι,
1756 4787 1891 4860 ὅπερ

328 4884 387 4935 οὐ
435 4880 682 4951 νοοῦμεν.
732 4880 843 4934 Καὶ
889 4875 1372 4950 προενθυμούμεθα
1400 4877 1507 4948 γὰρ
1553 4876 1582 4929 ὃ
1630 4877 1896 4934 ἐπιτελεῖν

332 4974 653 5046 βουλόμεθα,
684 4974 781 5027 καὶ
824 4973 1044 5041 οἴδαμεν
1076 4972 1206 5043 πρὶν
1247 4970 1468 5041 ποιῆσαι
1514 4969 1543 5022 ὃ
1585 4967 1895 5023 ἐπιτελέσαι

331 5066 712 5141 προῃρήμεθα.
741 5064 933 5118 Καίτοι
976 5080 1041 5132 γε
1084 5064 1245 5133 ἡμεῖς
1293 5061 1537 5124 ἀσθενεῖς
1584 5061 1758 5122 ὄντες,
1802 5059 1895 5112 καὶ

335 5158 505 5214 πολλὰ
528 5156 843 5219 ἀποδέοντες
877 5154 975 5226 τῆς
993 5153 1086 5208 τοῦ
1113 5153 1248 5207 Θεοῦ
1271 5152 1549 5224 δυνάμεως
1570 5169 1583 5182 ·
1612 5152 1700 5206 διά
1717 5150 1773 5204 δὲ
1793 5152 1893 5222 τῆς

332 5252 425 5304 ὑπ’
460 5247 623 5303 αὐτοῦ
658 5245 1055 5317 κεχαρισμένης
1098 5241 1361 5306 συνέσεως
1410 5245 1521 5305 τοῖς
1562 5241 1888 5314 ἀνθρώποις,

331 5343 553 5413 οἴδαμεν
593 5341 687 5395 καὶ
735 5338 981 5409 νοοῦμεν.
1030 5336 1353 5408 Συμὸέὸηκε
1399 5335 1457 5388 δέ
1495 5351 1599 5398 σοι,
1651 5328 1697 5387 ὧ
1735 5334 1899 5403 Ἥρα-

335 5433 527 5496 κλέων,
557 5435 592 5503 ὴ
630 5434 693 5485 ὲκ
724 5429 857 5484 Θεοῦ
906 5429 1118 5492 σύνεσις
1162 5429 1241 5491 εἰς
1274 5424 1475 5495 βλάΰην
1496 5441 1512 5457 ·
1538 5426 1619 5477 ὅτι
1655 5424 1730 5495 μὴ
1763 5425 1903 5478 κατά

335 5523 468 5577 Θεὸν
494 5523 659 5594 αὐτὴν
689 5520 1072 5595 πραγματεύῃ,
1097 5517 1233 5573 ἀλλὰ
1272 5515 1411 5571 κατὰ
1454 5514 1694 5586 πονηρὰν
1717 5515 1904 5585 ἐπιτη-

2073 4242 2139 4297 V.
2175 4242 2379 4299 Verum
2427 4239 2896 4315 quandoquidem,
2948 4251 2985 4295 o
3035 4234 3302 4293 Heracleo
3326 4276 3342 4305 ,
3385 4234 3563 4308 placet

1992 4334 2094 4391 tihi
2146 4333 2428 4390 materiam
2467 4334 2756 4390 hominum
2801 4345 2928 4389 esse
2970 4342 3235 4400 corpora,
3285 4336 3567 4399 totumque

1995 4425 2140 4482 istud
2188 4426 2503 4482 universum
2536 4443 2551 4480 ε
2584 4437 2771 4497 quaero
2806 4424 2906 4478 abs
2942 4428 3000 4479 te
3049 4420 3251 4493 quibus
3285 4420 3354 4477 de
3383 4419 3566 4477 causis

1995 4517 2160 4589 266
2200 4518 2445 4576 animam.
2476 4531 2632 4571 suam
2687 4514 2930 4571 materia
2979 4513 3208 4571 Creator
3253 4512 3564 4569 inseruerit.

1998 4606 2057 4663 Si
2091 4607 2293 4662 malum
2318 4606 2629 4677 ignoravit,
2651 4606 2746 4676 qui
2772 4606 2920 4676 quod
2951 4605 3131 4661 moliri
3171 4604 3288 4660 vult
3318 4605 3566 4675 ignorat,

1996 4696 2206 4754 efficere
2250 4697 2476 4753 omnino
2522 4695 2662 4752 nihil
2707 4703 2908 4766 potest.
2946 4694 3134 4765 Neque
3179 4695 3325 4749 enim
3358 4708 3462 4749 nos
3509 4694 3567 4749 in

1997 4788 2226 4861 singulis
2264 4788 2474 4845 artibus
2512 4787 2769 4843 molimur
2813 4786 3126 4859 quidpiam,
3158 4784 3306 4856 quod
3336 4800 3447 4840 non
3478 4783 3568 4839 in·

1999 4881 2312 4954 telligimus.
2358 4879 2636 4951 Quidquid
2672 4886 2856 4936 autem
2893 4877 3154 4950 perlicere
3192 4877 3476 4943 volumu5‚
3511 4874 3565 4929 id

1999 4972 2093 5029 diu
2135 4982 2260 5027 ante
2312 4971 2647 5027 meditamur
2689 4980 2746 5027 et
2788 4972 2935 5043 quod
2981 4969 3286 5026 laciendum
3319 4967 3568 5038 suscepi-

2000 5081 2145 5132 mus,
2171 5064 2355 5118 animo
2382 5072 2508 5119 ante
2527 5071 2583 5119 et
2610 5064 2922 5135 cognitione
2946 5061 3375 5133 complectimur.
3399 5057 3567 5129 Atqui

1997 5154 2295 5210 imbecilles
2328 5153 2434 5224 ipsi
2472 5169 2695 5220 sumus,
2719 5161 2776 5209 et
2804 5154 2964 5223 longe
2995 5167 3026 5205 a
3059 5151 3242 5206 divina
3303 5156 3569 5220 potestate

1999 5242 2305 5310 vincimur;
2356 5252 2412 5298 et
2464 5253 2645 5298 tamen
2684 5258 2784 5314 pro
2816 5243 2982 5297 insita
3027 5240 3097 5294 ab
3132 5240 3226 5293 illo
3259 5239 3442 5309 generi
3472 5239 3568 5295 bu·

1999 5346 2163 5388 tnano
2183 5334 2404 5389 solertia
2437 5334 2690 5388 novimus
2726 5330 2873 5387 istud
2907 5338 2961 5385 et
2992 5336 3172 5384 mente
3213 5328 3565 5400 percipimus.

2001 5423 2123 5479 Tibi
2154 5433 2336 5480 autem
2358 5425 2642 5487 nimirum,
2677 5422 2973 5487 Heracleo,
3008 5434 3274 5477 concessa
3303 5420 3396 5475 illa
3426 5420 3567 5478 ‹livi-

2004 5515 2154 5571 nitus
2172 5516 2530 5587 intelligentia
2557 5514 2732 5570 lraudi
2762 5513 2887 5580 suit,
2909 5511 3056 5585 quod
3083 5528 3197 5569 non
3220 5529 3290 5570 ex
3309 5512 3402 5570 Dei
3428 5528 3569 5584 prae-

343 5725 346 5730 .
413 5682 429 5712 ¹
457 5678 614 5734 Corr.
636 5675 967 5748 ύποσυρῶσι.
1041 5672 1233 5729 ὈΜ-ι’.
1262 5666 1646 5742 προκειμένην.
1720 5666 1821 5722 Ῥ.
1844 5666 2122 5738 δυσοδμία.
2202 5668 2224 5700 ⁸
2248 5664 2391 5723 Lxx
2423 5666 2537 5724 ἰλύν
2566 5668 2924 5739 scripserunt.
2991 5670 3016 5704 ⁸
3047 5667 3192 5728 Psal.
3224 5686 3414 5733 uvttt,
3441 5658 3488 5725 ὃ.

348 5934 429 5987 lt...
443 5950 464 5986 l

371 5855 528 5945 .(‘⁸·'’)
579 5858 912 5930 Ἐνεπὰγην
954 5856 1039 5923 εις
1084 5854 1259 5923 ὕλην.
1290 5852 1503 5910 vitioso
1541 5799 1729 5908 codice
1770 5864 1907 5910 usus
1944 5858 2029 5907 est
2059 5850 2324 5923 Epiphan.
2361 5848 2497 5908 Nam
2543 5850 2676 5925 ὕλην
2711 5851 2851 5911 haud
2888 5851 3054 5913 dubie
3108 5853 3423 5922 corruptum
3465 5855 3567 5913 pro
