3850 6517
298 453 406 507 737
490 475 503 489 ⁴

975 448 1345 508 ADVERSUS
1378 448 1721 507 BAERESES
1759 448 1889 505 [AB.
1925 447 1964 505 Ι.
1985 448 2153 505 Tou.
2197 449 2285 505 nt.
2319 481 2389 491 —
2430 450 2702 509 RAERES.
2743 451 2901 507 an.

3476 454 3581 511 758

297 569 392 624 τοῦ
422 569 603 640 δόξης,
634 566 732 622 καὶ
773 570 875 640 τῆς
925 568 1090 623 αὑτοῦ
1132 569 1321 624 ἐνθέου
1365 569 1735 632 διδασκαλίας,
1786 569 1891 640 ἀμ·-
1918 578 1967 629 A
1994 568 2247 621 doctrina
2296 568 2506 623 alicnus
2547 582 2643 623 eos
2689 584 2813 624 esse
2854 568 3238 634 contenderes,
3284 578 3582 643 utrumque

300 662 560 733 φοτέρους
593 663 771 733 ἠγαγε
808 660 929 732 μεθ’
965 662 1160 716 ἑαυτοῦ
1193 664 1251 716 ὲν
1293 663 1358 733 τῇ
1396 660 1502 732 ἰδίᾳ
1529 660 1696 714 αὑτοῦ
1733 660 1885 730 δόξῃ,

303 754 393 807 καὶ
429 753 598 819 ἔδειξε
648 757 763 817 τοῖς
812 754 981 808 αὐτοῦ
1039 752 1330 824 μαθηταῖς,
1385 753 1480 806 καὶ
1537 754 1586 805 οἱ
1644 751 1885 823 μαθηταὶ

304 845 430 914 ἡμῖν
473 846 572 898 καὶ
593 843 676 917 τῷ
725 845 939 916 κόσμῳ,
986 844 1231 898 τουτέστι
1269 845 1428 897 παντὶ
1456 841 1727 914 ἀνθρώπῳ
1761 840 1885 910 βου-

304 936 514 1008 λομένῳ
540 935 674 1007 ζῇν·
708 937 797 990 ἴνα
824 935 912 991 διὰ
955 937 1054 1007 μὲν
1084 936 1180 989 τοῦ
1209 934 1450 1007 πρώτου,
1478 935 1554 998 ὡς
1603 936 1660 987 ἐν
1701 933 1881 1006 ἀξίνῃ,

303 1028 399 1081 σοῦ
446 1028 589 1100 τέμῃ
635 1028 734 1092 τὰς
767 1029 941 1100 ῥίζας,
980 1027 1070 1082 διὰ
1117 1028 1174 1081 δὲ
1218 1027 1314 1081 τοῦ
1363 1026 1639 1097 δευτέρου,
1685 1025 1762 1090 ὡς
1792 1025 1884 1079 διὰ

302 1120 572 1191 δρεπάνου
613 1120 705 1174 τοῦ
753 1121 912 1190 λόγου
941 1121 1042 1191 τῆς
1075 1119 1355 1190 ἀληθείας,
1385 1120 1597 1192 ἐκτέμῃ
1632 1136 1725 1171 σου
1754 1117 1884 1182 τοὺς

304 1211 553 1275 κλάδους,
601 1212 728 1275 τοὺς
765 1212 830 1265 τὸ
883 1210 1106 1265 κώνειον
1145 1210 1242 1264 καὶ
1280 1208 1578 1279 θανάσιμον
1628 1210 1739 1270 τοίς
1789 1208 1882 1260 άν-

304 1300 539 1370 θρώποις
567 1301 927 1365 ἐκποιοῦντας
962 1298 1193 1373 γλοιώδη
1223 1300 1356 1353 ὀπὸν
1400 1299 1767 1370 βλασφημίας.
1817 1299 1881 1351 Et

302 1392 410 1461 γάρ
441 1392 717 1463 ἀλλότριος
747 1388 818 1464 ἦν
849 1391 1091 1461 Μωῦσῆς
1120 1393 1149 1444 ό
1180 1390 1287 1444 ὑπὸ
1310 1389 1405 1443 τοῦ
1438 1387 1674 1461 Χριστοῦ
1713 1387 1881 1441 πάλαι

297 1482 608 1549 πιστευθεὶς
643 1485 737 1538 τὸν
770 1485 956 1556 νόμον,
988 1485 1085 1538 καὶ
1128 1484 1179 1536 οἱ
1227 1482 1505 1554 προφῆται
1550 1476 1692 1553 ἦσαν
1724 1479 1883 1533 ἀλλό-

293 1592 458 1645 τριοι,
500 1577 601 1629 οὐκ
645 1576 714 1630 ἂν
764 1579 951 1641 αὐτοῖς
1005 1578 1102 1630 σὺν
1143 1574 1292 1645 αὐτῷ
1329 1578 1389 1628 ὲν
1434 1577 1502 1646 τῇ
1559 1575 1664 1647 ἰδία
1711 1572 1881 1627 αὑτοῦ

291 1665 424 1740 δόξῃ
453 1668 831 1721 ἀπεκάλυπτε.
878 1668 1053 1722 Βλέπε
1085 1666 1196 1741 γάρ
1225 1666 1285 1720 τὸ
1323 1666 1528 1737 θαῦμα,
1563 1668 1645 1721 ὅτι
1670 1667 1792 1721 οὐδὲ
1821 1670 1881 1721 ὲν

290 1758 374 1829 τῷ
417 1760 661 1829 μνήματι
709 1759 931 1821 τούτους
971 1759 1194 1829 ἔδειξεν,
1227 1758 1349 1811 οὐδὲ
1395 1758 1545 1829 παρὰ
1588 1758 1679 1813 τὸν
1720 1776 1883 1814 σταυ-

296 1851 429 1922 ρόν·
458 1851 573 1905 ἀλλ’
608 1853 695 1904 ὅτε
739 1852 801 1905 τὸ
836 1852 1005 1923 μέρος
1030 1852 1131 1922 τῆς
1158 1848 1324 1903 αὑτοῦ
1363 1849 1521 1919 δόξης
1562 1849 1640 1914 ὡς
1666 1851 1746 1913 είς
1778 1850 1880 1921 ἀρ·

1988 656 2056 710 ad
2085 657 2219 710 illud
2253 658 2441 727 gloriae
2468 674 2581 713 sna:
2609 674 2674 712 ac
2704 660 3007 727 maJestatis
3036 663 3274 731 speciem
3303 662 3580 729 adhibuit,

1986 762 2052 803 ac
2084 748 2376 817 discipulis
2410 749 2528 804 suis
2571 749 2852 817 ostendit;
2888 751 3144 821 discipuli
3183 768 3350 821 porro
3394 753 3578 820 nobis„

1983 851 2050 892 ac
2085 839 2184 892 toti
2227 838 2362 893 adeo
2393 839 2599 893 inundo
2631 839 3032 907 significarunt,
3081 842 3184 895 hoe
3221 850 3306 897 est
3350 845 3578 899 cuilibet

1983 927 2219 993 homini,
2250 931 2343 999 qui
2379 930 2503 985 vitae
2540 944 2604 983 ac
2646 931 2840 987 salutis
2883 931 3158 987 desiderio
3187 945 3455 990 teneatur.
3486 935 3579 989 Ni·

1984 1020 2187 1074 mirum
2216 1030 2275 1075 ut
2299 1022 2393 1091 qui
2436 1022 2610 1091 primo
2650 1021 2770 1075 loco
2805 1033 3140 1079 memoratus
3178 1034 3285 1087 est.
3316 1029 3480 1083 asciae
3506 1029 3579 1083 sit

1984 1110 2200 1178 instar,
2268 1125 2390 1182 quoe
2456 1113 2670 1167 radices
2737 1123 2859 1167 tuas
2945 1115 3166 1168 excidat
3196 1131 3212 1179 ;
3279 1118 3418 1171 alter
3493 1119 3575 1173 sic

1985 1210 2246 1273 tanquam
2272 1204 2522 1259 veritatis
2549 1204 2660 1256 salx
2691 1219 2874 1259 ramos
2910 1211 3036 1258 tuos
3060 1214 3327 1274 amputet,
3354 1222 3419 1261 cx
3451 1209 3580 1277 qui·

1985 1292 2090 1349 bus
2119 1294 2313 1349 cicutae
2353 1295 2549 1349 similis
2599 1310 2665 1350 ac
2705 1295 2922 1350 lethifer
2954 1297 3047 1352 ille
3078 1312 3298 1363 succus,
3331 1289 3580 1369 visciq'ue

1982 1398 2136 1437 more
2184 1384 2617 1453 sequacissimus
2665 1384 3010 1453 exprimitur.
3069 1382 3209 1437 Nam
3262 1385 3309 1439 si
3365 1386 3577 1440 alienus

1982 1474 2372 1546 esset-Moyses
2405 1474 2515 1538 ille,
2560 1475 2649 1529 cui
2691 1474 2828 1544 legis
2862 1482 2947 1530 est
2983 1489 3013 1527 a
3051 1474 3273 1531 Cin-isto
3297 1475 3574 1545 quondam

1983 1564 2240 1619 mandata
2266 1566 2573 1636 provincia,
2599 1565 2644 1619 si
2671 1565 2833 1620 alieni
2856 1566 3084 1636 insuper
3109 1567 3407 1637 prophetae,
3434 1584 3573 1621 nun·

1981 1672 2149 1726 quam
2189 1671 2288 1712 eos
2323 1671 2510 1712 secum
2556 1673 2655 1711 sna
2701 1657 2790 1711 illa
2836 1656 2891 1711 in
2930 1658 3104 1728 gloria
3141 1667 3574 1728 repraesentaret.

1981 1746 2043 1803 ln
2071 1736 2181 1818 quo
2205 1747 2336 1817 quid
2365 1747 2612 1803 mirabile
2634 1748 2950 1819 contigerit,
2975 1750 3368 1807 animadverte.
3387 1749 3576 1821 Neque
3616 1763 3621 1768 ·

1984 1838 2130 1893 enim
2179 1837 2300 1892 illos
2356 1838 2412 1892 in
2455 1839 2707 1908 sepulcro
2736 1879 2752 1903 ,
2799 1849 2892 1894 aut
2943 1841 3012 1895 ad
3056 1856 3276 1895 crucem
3310 1857 3575 1911 apparere

294 1942 519 2011 ῥαὸὦνα
550 1943 681 2014 ἡμῖν
708 1944 1084 2006 ἀπεκάλυπτε,
1106 1942 1229 1996 τότε
1253 1944 1382 2007 tob<
1411 1943 1620 2011 ἁγίους,
1643 1942 1881 1995 Μωῡσέα
1914 1926 1957 1979 Β
1985 1929 2190 1995 voluit;
2224 1929 2318 1985 sed
2364 1940 2494 1984 tunc
2540 1931 2743 1993 solum,
2782 1947 2908 1986 cum
2942 1931 3253 2001 splendoris
3287 1933 3371 1988 sui
3402 1933 3574 2002 parti-

290 2030 356 2084 τέ
386 2048 526 2102 φημι
556 2033 651 2086 καὶ
690 2033 897 2096 Ἠλίαν,
942 2032 1058 2103 ἅμα
1088 2031 1239 2103 αὐτῷ
1279 2032 1518 2102 ἢγαγεν,
1563 2034 1713 2097 ὅπως
1746 2049 1880 2100 συγ-

293 2118 666 2192 κληρονόμους
698 2122 796 2193 τῆς
828 2120 991 2177 αὐτοῦ
1030 2120 1309 2193 βασιλείας
1350 2123 1550 2186 αὐτοὺς
1601 2121 1877 2195 ὑποδείξῃ.

368 2384 523 2456 Σχόλ.
568 2392 657 2456 ιη’.
710 2387 806 2441 Ἐκ
830 2386 944 2455 τῆς
969 2385 1232 2456 νεφέλης
1258 2384 1425 2455 φωνή
1446 2400 1459 2413 ·
1490 2378 1684 2451 Οὗτός
1706 2382 1881 2437 ἐστιν

293 2478 330 2530 ὀ
374 2478 507 2545 Υἱός
533 2493 654 2548 μου
694 2481 727 2533 ὀ
766 2478 1095 2547 ἀγαπητός.

371 2570 593 2640 Ἕλεγχ.
629 2576 720 2641 ιη’.
761 2570 931 2623 Παντί
975 2587 1054 2640 τῳ
1084 2566 1242 2638 δῆλόν
1277 2568 1446 2632 ἐστιν,
1485 2567 1571 2621 ὅτι
1596 2568 1631 2637 ἠ
1684 2565 1880 2637 νεφέλη

294 2660 398 2715 οὐκ
444 2661 591 2714 ἐστιν
641 2661 916 2731 άνωτάτη,
971 2659 1098 2713 οὔτε
1145 2658 1290 2731 ὑπὲρ
1335 2658 1563 2730 οὐρανὸν
1622 2658 1879 2730 ὑπάρχει,

293 2751 431 2805 ἀλλὰ
459 2754 517 2805 ὲν
549 2754 616 2822 τῇ
648 2752 771 2805 καθ’
799 2752 951 2823 ἡμᾶς
981 2750 1189 2804 κτίσει·
1223 2749 1348 2803 ὅθεν
1377 2752 1411 2822 ἦ
1443 2750 1597 2821 φωνὴ
1629 2750 1765 2821 πρὸς
1788 2750 1881 2804 τὸν

294 2843 444 2897 San·
394 2861 526 2913 ..ηρα
574 2843 799 2914 ἠνέχθη.
840 2843 903 2895 Εἰ
948 2841 1128 2895 τοίνυν
1162 2842 1193 2895 ό
1226 2840 1416 2913 Πατὴρ
1443 2841 1540 2894 καὶ
1585 2841 1643 2894 ὲν
1685 2840 1880 2912 νεφέλῃ

290 2932 470 2997 λαλεῖ,
510 2933 877 2988 ὑποδεικνύων
925 2934 1040 2996 τοῖς
1078 2931 1344 3003 μαθηταῖς
1380 2933 1474 2986 τὸν
1520 2930 1686 2984 αὐτοῦ
1729 2932 1882 2998 Υἱὸν,

289 3026 398 3079 οὐκ
434 3024 596 3089 ἄλλος
630 3026 782 3081 ἐστὶν
810 3027 842 3081 ό
871 3024 1233 3098 Δημιουργὸς,
1266 3024 1404 3078 ἀλλά
1430 3026 1459 3077 ὁ
1503 3023 1690 3088 αὐτὸς,
1722 3025 1752 3077 ὁ
1787 3025 1881 3078 καὶ

291 3115 386 3171 διὰ
425 3115 656 3188 νεφέλης
697 3116 784 3189 τῷ
807 3116 924 3187 ἰδίῳ
973 3115 1089 3184 Υίῷ
1141 3115 1516 3188 μαρτυρήσας,
1556 3114 1649 3167 καὶ
1683 3114 1742 3167 οὐ
1770 3114 1880 3168 τῶν

294 3208 438 3281 bap
463 3208 692 3281 οὐρανὸν
721 3207 903 3280 μόνων
929 3205 1228 3272 δεσπόζων,
1256 3206 1335 3270 ὡς
1355 3205 1521 3270 αὐτὸς
1554 3207 1803 3275 φάσκεις.

364 3388 524 3459 Σχόλ.
567 3388 654 3444 ιθ’.
704 3386 998 3456 Ἐδεήθην
1023 3385 1144 3441 τῶν
1163 3385 1449 3456 μαθητῶν·
1487 3401 1626 3442 σου.
1662 3381 1789 3459 Εἶχε
1818 3386 1876 3439 δὲ

294 3477 456 3551 παρὰ
503 3475 585 3542 τὸ,
625 3478 739 3533 οὐκ
784 3477 1187 3548 ἠδυνήθησαν
1234 3476 1517 3533 ἐκὸαλεῖν
1555 3476 1725 3543 αὐτὸ,
1775 3478 1875 3532 καὶ

290 3569 458 3642 πρὸξ
469 3570 693 3637 αὐτούς
710 3586 726 3602 ·
755 3564 833 3626 Ὦ
854 3569 1030 3640 Τενεὰ
1054 3570 1331 3638 ἄπιστος,
1359 3569 1471 3634 ἕως
1499 3570 1646 3623 πότε
1666 3568 1879 3632 ἀνέξο-

292 3678 398 3729 μαι
429 3660 632 3732 *mim

369 3776 589 3845 Ἐλεγχ.
633 3774 721 3826 ιθ’.
760 3774 857 3836 Τὸ,
907 3774 1017 3836 ἕως
1067 3773 1241 3833 πότε,
1282 3770 1547 3839 ὲνσάρκου
1578 3770 1879 3838 παρουσίας

292 3861 488 3950 χ’ρόνου
542 3866 660 3916 ἐστὶ
705 3862 1063 3931 σημαντικόν.
1113 3860 1224 3914 Καὶ
1268 3859 1351 3925 τὸ,
1403 3855 1479 3915 Ὦ
1521 3859 1698 3929 γενεὰ
1745 3860 1880 3915 ἄπι-

291 3976 445 4024 στος
464 3975 479 3989 ·
511 3958 585 4018 ὡς
617 3953 728 4007 τῶν
760 3952 1057 4024 προφητῶν
1073 3952 1165 4005 ἐπὶ
1193 3952 1273 4022 τῷ
1301 3952 1525 4023 ὀνόματι
1553 3952 1718 4008 αὑτοῦ
1754 3953 1878 4006 θεο-

298 4053 503 4120 σήμεια
537 4045 941 4118 ,ἐργασαμένων
1001 4045 1098 4098 καὶ
1164 4045 1641 4113 πεπιστευκότων,
1710 4046 1786 4110 ὡς
1847 4046 1878 4099 ὁ

310 4139 496 4203 Ἠλίας
536 4138 851 4211 εὑρίσκεται
904 4136 1072 4191 ποιῶν
1147 4139 1242 4192 καὶ
1303 4137 1635 4203 Ἐλισσαῖος.
1682 4141 1778 4193 καὶ
1828 4141 1876 4194 οἱ

294 4233 467 4292 ἄλλοι.
579 4291 583 4300 ,

367 4326 523 4396 Σχόλ.
577 4331 649 4382 κ’.
702 4326 757 4377 '0
806 4322 916 4394 γὰρ
973 4322 1106 4388 Υἱὸς
1150 4322 1258 4377 τοῦ
1310 4322 1622 4392 ἀνθρώπου
1662 4323 1877 4393 μέλλει

295 4417 734 4485 παραδίδοσθαι
770 4419 859 4484 εἰς
901 4416 1104 4487 χεῖρας
1141 4413 1484 4484 ἀνθρώπων.

372 4511 608 4580 Ἔλεγχ.
626 4509 695 4564 κ’.
732 4508 863 4563 Υίοῦ
895 4508 1203 4580 ἀνθρώπου,
1234 4509 1328 4563 καὶ
1365 4506 1875 4578 παραδοθησομένου

1984 2021 2166 2075 culam
2202 2022 2360 2076 nobis
2391 2023 2533 2076 velut
2559 2024 2919 2078 arrhabonem
2940 2039 3002 2076 ac
3024 2024 3218 2093 pignus
3238 2016 3583 2095 aspergeret.⁴

1984 2110 2122 2166 Tum
2168 2113 2315 2166 enim
2366 2122 2589 2170 sanctos
2636 2115 2760 2170 illos
2805 2130 2991 2171 secum
3042 2114 3262 2185 Moysen
3301 2125 3356 2171 et
3399 2115 3574 2173 Eliam

1982 2204 2231 2267 adduxit,
2269 2215 2327 2259 ut
2354 2205 2600 2276 ejusdem
2634 2221 2823 2263 secum
2864 2208 3016 2279 regni
3052 2208 3368 2278 participes,
3399 2222 3462 2263 ac
3490 2225 3576 2265 so-

1980 2298 2097 2354 cios
2121 2315 2245 2355 esse
2274 2309 2627 2356 monstraret.

2053 2388 2238 2446 Sebol.
2283 2389 2370 2444 ¹8.
2420 2388 2468 2443 E
2499 2389 2633 2445 nube
2669 2406 2807 2445 vox:
2842 2390 2944 2445 Hic
2981 2399 3060 2446 est
3101 2390 3277 2447 Filius
3317 2410 3463 2447 meus
3487 2393 3574 2447 ds·-

1982 2478 2149 2534 lectus
2190 2478 2227 2536 ¹.

2052 2567 2235 2625 Resut.
2273 2570 2359 2624 18.
2396 2570 2743 2627 Manifestum
2773 2572 2950 2627 cuivis
2980 2582 3086 2637 est,
3119 2573 3332 2643 opinor,
3371 2574 3572 2629 nubem

1981 2676 2160 2731 neque
2207 2677 2465 2732 suprema
2519 2664 2574 2717 in
2628 2664 2879 2733 regione,
2929 2680 3108 2733 neque
3146 2681 3312 2735 supra
3369 2668 3571 2723 coelum

1980 2769 2139 2820 essc;
2170 2754 2266 2810 sed
2301 2754 2355 2808 in
2391 2753 2494 2808 bac
2521 2754 2707 2808 intima
2739 2755 3083 2810 conditarum
3126 2772 3308 2811 rerum
3333 2761 3572 2813 statione

1980 2847 2192 2901 versari
2214 2863 2229 2912 ;
2259 2846 2406 2900 unde
2434 2861 2537 2899 vox
2559 2854 2643 2901 est
2668 2847 2736 2900 ad
2762 2845 3100 2902 Salvatorem
3123 2847 3366 2918 delapsa.
3399 2848 3571 2920 igitur

1981 2938 2029 2993 si
2066 2938 2134 2993 de
2171 2938 2316 2994 nube
2356 2938 2570 2995 locutus
2616 2938 2795 3002 Pater,
2850 2939 3047 2995 Filium
3094 2956 3254 2996 suum
3284 2941 3572 3012 discipulis

1979 3031 2241 3095 ostendit,
2285 3044 2393 3085 non
2442 3030 2583 3085 alius
2616 3045 2738 3085 esse
2774 3037 2952 3100 potest
3001 3030 3284 3094 Conditor,
3326 3046 3490 3100 quam
3525 3033 3574 3088 is

1981 3120 2100 3190 ipse
2122 3123 2216 3191 qui
2243 3137 2341 3192 per
2368 3123 2566 3177 nubent
2594 3120 2735 3176 Filio
2758 3136 2860 3177 suo
2883 3121 3253 3177 testiinonium
3274 3123 3528 3191 praestitit
3551 3142 3567 3179 ε

1982 3225 2083 3265 nec
2115 3212 2172 3265 in
2214 3226 2279 3267 ea
2323 3212 2525 3276 solum,
2564 3226 2687 3281 quae
2716 3211 2856 3267 coelo
2895 3211 3180 3281 superiora
3213 3218 3363 3276 sunit,
3395 3212 3572 3267 domi-

1981 3310 2170 3354 natum
2201 3301 2488 3357 obtinebit.

2048 3391 2233 3450 Schol.
2268 3395 2356 3450 19.
2384 3394 2581 3467 Roqavi
2601 3394 2888 3464 discipulos
2925 3403 3063 3449 mos.
3093 3392 3444 3464 {labebatque
3464 3409 3573 3451 εω-

1975 3491 2114 3545 tera,
2142 3493 2527 3557 praeterquam,
2566 3503 2670 3540 non
2694 3494 2973 3554 pomerum
3001 3485 3188 3554 ejicere
3211 3484 3372 3549 illud,
3399 3493 3452 3540 et
3490 3485 3570 3538 ait

1977 3575 2047 3629 ad
2073 3576 2215 3644 ipsos
2236 3590 2258 3630 .·
2286 3575 2565 3632 Gener-atio
2602 3574 2898 3641 incredula,
2936 3576 3170 3646 quandiu
3201 3591 3288 3629 vos
3314 3576 3493 3643 patiar
3512 3575 3572 3629 ’1

2047 3754 2230 3811 Resut.
2268 3757 2357 3812 19.
2383 3755 2501 3812 Vox
2535 3758 2646 3823 illa,
2674 3755 2913 3828 quandiu
2932 3795 2948 3821 ,
2979 3763 3196 3827 tempus
3226 3755 3359 3811 illud
3393 3756 3568 3828 signi-

1977 3845 2124 3912 fleat,
2150 3862 2260 3918 quo
2285 3846 2539 3904 Christus
2573 3849 2629 3903 in
2663 3856 2810 3904 terra
2835 3862 2961 3902 cum
2991 3861 3159 3902 carne
3180 3853 3431 3900 versatus
3457 3853 3566 3900 est.

1918 3963 1946 3983 s
1977 3936 2095 3992 Hoc
2119 3947 2301 3994 autem
2328 3980 2344 4006 ,
2376 3939 2659 3994 Generatio
2689 3938 2987 4003 incredula,
3014 3953 3082 3994 eo
3110 3937 3372 3993 nimirum
3407 3936 3570 3993 reler-

1978 4038 2089 4095 tur,
2112 4032 2258 4102 quod
2287 4032 2341 4086 in
2382 4033 2556 4104 ipsius
2584 4034 2805 4088 nomine
2844 4031 3123 4103 propbelae
3150 4029 3397 4101 prodigia
3417 4045 3568 4101 quae·

1976 4120 2101 4176 dam
2124 4121 2416 4187 ediderint,
2446 4123 2608 4193 cique
2644 4122 3018 4188 crediderint3
3050 4120 3359 4189 eujusmodi
3399 4120 3566 4187 Elias,

1977 4209 2230 4277 Elisaeus,
2261 4212 2468 4284 aliique
2499 4213 2699 4270 secisse
2720 4213 2997 4284 leguntur.

2050 4302 2236 4360 schol.
2283 4304 2376 4358 20.
2418 4303 2595 4360 Filius
2641 4306 2779 4360 enim
2828 4301 3057 4357 honiim‘s
3106 4299 3356 4371 [uturum
3396 4310 3470 4355 est
3511 4310 3566 4353 ιιι

1978 4398 2228 4449 tradatur
2258 4396 2312 4448 ἰη
2344 4411 2533 4449 manus
2565 4396 2836 4450 hominum
2869 4394 2912 4448 ⁸.

2044 4485 2212 4556 329
2238 4484 2422 4541 Refut.
2453 4486 2544 4541 20.
2589 4485 2837 4542 Hominis
2872 4484 2963 4539 ille
2991 4483 3188 4546 Filius.
3221 4484 3315 4555 qui
3350 4482 3408 4537 in
3444 4497 3562 4535 ma-

293 4599 379 4662 ιίς
408 4601 594 4670 χεῖρας
638 4597 968 4673 ἀνθρώπων,
989 4599 1063 4661 pf,
1096 4597 1368 4668 δοκήσεως
1398 4598 1433 4667 ἦ
1469 4596 1725 4666 ἔμφασις
1755 4597 1878 4685 φρδὲ
1910 4610 1955 4665 D
1983 4590 2090 4630 nus
2133 4584 2252 4630 erat
2280 4573 2578 4631 tradendus
2611 4576 2917 4642 bominum,
2956 4592 3067 4630 non
3116 4576 3404 4648 opinione,
3440 4590 3566 4645 spe·

294 4689 618 4757 φαντασίας,
638 4686 773 4741 ἀλλὰ
796 4686 1047 4758 σώματος
1080 4687 1176 4739 καὶ
1206 4685 1383 4756 μελῶν
1415 4639 1630 4756 θεωρία.

366 4843 524 4914 Σχόλ.
571 4849 657 4896 κα’
662 4881 678 4896 .
719 4841 873 4895 Οὐδὲ
919 4840 1097 4896 τοῦτο
1139 4841 1441 4911 ἀνέγνωτε
1460 4884 1475 4907 ,
1513 4844 1572 4896 τί
1621 4844 1875 4913 ἐποίησε

294 4933 506 4996 Aust&
536 4929 842 5000 Εἰσῆλθεν
870 4932 958 4996 εὶς
982 4930 1089 4985 τὸν
1114 4926 1283 4985 οἶκον
1307 4930 1415 4986 τοῦ
1446 4932 1617 4987 Θεοῦ.

372 5023 595 5094 Ἔλεγχ.
646 5027 750 5077 κα’.
800 5021 863 5074 Et
906 5016 1055 5075 οἷκον
1087 5021 1224 5100 Θεοῦ
1254 5022 1453 5092 φάσκει
1483 5022 1575 5077 τὸν
1601 5020 1749 5077 οἷκον
1774 5024 1875 5093 τῆς

294 5116 450 5187 παρὰ
492 5114 770 5178 Μωῦσέως
812 5114 1102 5185 γενομένης
1161 5115 1561 5187 σκηνοπηγίας,
1600 5116 1700 5169 οὐκ
1748 5113 1877 5168 ἀθε-

292 5208 382 5258 τεῖ
411 5206 501 5261 τὸν
537 5206 720 5276 νόμον,
750 5205 871 5259 οὐδὲ
911 5206 1000 5259 τὸν
1043 5205 1174 5259 Θεδν
1208 5206 1300 5259 τὸν
1334 5206 1643 5278 λαλήσαντα
1689 5210 1749 5261 ὲν
1797 5208 1877 5279 τῷ

292 5297 463 5370 νόμῳ.
515 5296 646 5351 Θεὸν
685 5296 797 5370 γάρ
837 5297 1001 5351 αὑτὸν
1031 5299 1248 5367 φάσκει,
1277 5299 1336 5362 ὃς
1376 5299 1523 5351 ἐστιν
1555 5299 1722 5353 αὑτοῦ
1763 5301 1879 5355 Πα·

290 5388 425 5459 τὴρ,
456 5387 491 5458 ἢ
530 5387 693 5449 αὐτὸς
726 5388 1058 5457 Μονογενής.
1110 5387 1281 5441 Είωθε
1311 5386 1422 5457 γὰρ
1456 5386 1501 5438 Τ
1508 5387 1648 5455 ριὰς,
1683 5388 1875 5461 Πατὴρ

293 5481 391 5535 καὶ
440 5479 569 5542 Υἱὸς
613 5479 706 5533 καὶ
753 5481 907 5548 ἅγιον
963 5478 1204 5551 Πνεῦμα,
1255 5480 1497 5549 ἐνεργεῖν
1533 5477 1590 5530 ἒν
1625 5495 1686 5531 τε
1726 5479 1875 5552 νόμῳ

296 5572 393 5626 καὶ
441 5572 747 5643 προφήταις
797 5570 894 5625 καὶ
948 5570 1330 5639 Εὐαγγελίοις,
1381 5569 1478 5621 καὶ
1532 5569 1591 5622 ὲν
1639 5571 1873 5627 ἀποστό-

294 5661 431 5729 zac.

369 5849 389 5881 ⁸
427 5844 560 5904 Luc·
593 5864 668 5916 tx,
698 5849 787 5905 35.
864 5851 884 5880 ¹
918 5848 1051 5903 ibid.
1076 5848 1165 5913 40,
1188 5847 1277 5901 tt.
1354 5846 1376 5877 ⁸
1404 5845 1534 5903 ibid.
1570 5847 1660 5904 u.

1983 4666 2177 4735 cieque
2205 4665 2345 4728 sola,
2381 4666 2476 4722 sed
2501 4667 2755 4737 corporis
2786 4680 2849 4721 ac
2880 4665 3157 4720 membro·
3161 4681 3251 4720 um
3283 4666 3471 4720 babitu
3499 4680 3564 4720 ac

1982 4757 2398 4814 confirmatione
2431 4757 2561 4814 talis
2589 4758 2823 4813 exstitit.

2055 4847 2244 4904 Sebol.
2281 4847 2372 4903 2¹.
2416 4846 2599 4920 Neque
2623 4850 2720 4903 Ιιοο
2749 4847 2969 4920 legistis,
2999 4848 3125 4919 quid
3155 4846 3336 4917 fecerit
3366 4847 3560 4915 David,

1981 4955 2103 4993 cum
2132 4941 2397 5012 ingressus
2423 4952 2503 4996 est
2531 4943 2585 4995 in
2616 4939 2832 4995 dentum
2862 4941 2962 4996 Dei
2983 4940 3042 4995 *ἲ

2049 5028 2232 5085 Resut.
2262 5030 2353 5086 21.
2393 5032 2532 5088 Cum
2562 5034 2976 5089 tabernaculum
3013 5034 3147 5089 illud
3171 5033 3356 5107 Moyse
3387 5034 3560 5089 collo·

1978 5130 2162 5178 catum
2205 5122 2301 5178 Dei
2330 5122 2552 5180 domum
2581 5128 2851 5196 appellet,
2885 5142 3227 5197 nequaquam
3260 5129 3428 5198 legem
3467 5135 3561 5182 anit

1981 5210 2153 5267 Deum
2184 5211 2384 5283 ipsum,
2417 5214 2511 5284 qui
2548 5215 2603 5269 in
2633 5215 2749 5286 lege
2774 5215 2989 5272 locutus
3020 5223 3128 5278 est,
3160 5215 3348 5284 abjicit
3401 5214 3559 5272 Hunc

1984 5303 2187 5374 quippe
2216 5303 2386 5360 Deum
2410 5306 2681 5372 nominat,
2708 5308 2804 5377 qui
2828 5307 2949 5378 ejus
2979 5306 3142 5362 Pater
3162 5315 3268 5371 est,
3299 5316 3393 5362 aut
3414 5308 3556 5377 ejus·

1981 5391 2104 5450 deul
2130 5391 2480 5466 Unigenitus.
2512 5396 2662 5453 Solet
2698 5398 2844 5454 enim
2879 5404 3068 5454 sancta
3095 5397 3366 5463 Trinitas,
3397 5400 3560 5453 Pater

1979 5494 2036 5542 et
2078 5484 2274 5552 Filius,
2306 5497 2362 5544 et
2406 5489 2652 5561 Spiritus
2680 5499 2930 5555 sanctus,
2974 5506 3084 5546 non
3136 5490 3194 5545 in
3228 5490 3347 5563 lege
3382 5494 3559 5548 solunt

1980 5581 2037 5629 et
2068 5576 2375 5648 prophetis,
2411 5580 2507 5636 sed
2552 5579 2862 5654 Evangeliis
2908 5589 3073 5653 atque
3101 5584 3367 5654 apostolis
3394 5598 3558 5656 opera

1980 5678 2080 5720 sua
2117 5666 2394 5738 perlicere.

1738 5846 1922 5906 ‘'Luc.
1953 5866 2028 5916 vt,
2056 5852 2111 5905 5.
