3850 6517
288 488 392 544 66⁰

897 482 1268 540 ADVERSUS
1307 480 1647 538 {munst-:s
1685 478 1813 536 Lm.
1854 474 1898 534 l.
1939 474 2106 533 Tou.
2147 475 2234 533 ΙΙΙ.
2277 507 2344 516 -
2384 474 2658 531 llAERES.
2696 470 2961 529 xxxvii.

3442 476 3552 536 6⁵⁰

294 596 726 666 ἀναπέμποιτες,
784 591 958 658 οὕτως
1011 595 1079 649 τὰ
1133 596 1410 665 μυστήρια
1460 593 1638 647 αὐτῶν
1692 594 1875 646 ὲπιτε·
1902 602 1951 659 Α
1979 589 2166 651 illum,
2220 596 2277 642 ut
2323 588 2496 651 aiunt,
2541 586 2903 649 celebrantes,
2947 584 3206 655 mysteria
3255 600 3356 640 sua
3391 591 3553 658 perli-

293 686 382 742 λοῦ
394 704 465 740 σι.

360 777 453 846 (ζ’.
483 753 713 851 λὶωρίιν
736 778 792 832 δὲ
836 779 979 833 είποι
1016 795 1100 842 τις
1126 778 1195 832 ἂν
1236 779 1330 832 καὶ
1356 777 1553 851 χλεύης
1577 777 1830 850 ἔμπλεων
1852 793 1867 809 ·

291 873 387 924 καὶ
413 871 538 926 οὔτε
578 872 891 942 ἀνατροπῆς
922 870 1033 925 ἀπὸ
1069 871 1220 934 θείας
1257 872 1481 944 Γραφῆς
1511 871 1873 942 ἐπιζητουμέ-

291 980 389 1033 νης
421 964 501 1026 εἰς
552 962 731 1025 τοῦτο,
781 961 898 1015 ἀλλ’
944 962 1079 1016 αὐτὸ
1106 962 1231 1016 καθ’
1291 963 1452 1017 ἑαυτὸ
1483 962 1563 1033 τῷ
1602 962 1694 1015 τὸν
1747 960 1873 1016 νοῦν

290 1053 469 1123 ἔχοντι
501 1053 812 1126 ἐρρωμένον
842 1053 989 1107 κατὰ
1015 1052 1150 1107 Θεὸν
1183 1053 1467 1124 γελοιῶδες
1508 1051 1872 1123 δειχθήσεται.

291 1145 468 1207 Εὐθὺς
496 1143 608 1216 γὰρ
635 1146 785 1197 πᾶσα
810 1147 844 1216 η
863 1145 1044 1199 αὐτῶν
1077 1148 1387 1217 κενοφωνία
1410 1143 1656 1217 ληρώδης
1682 1162 1767 1208 τις
1792 1144 1878 1197 εὑ·

295 1236 603 1307 ρεθησεται.
644 1237 707 1290 Εἰ
731 1236 843 1309 γὰρ
891 1236 1222 1309 Προύνεικόν
1244 1254 1410 1309 φασιν
1445 1234 1607 1301 εἶναι,
1638 1236 1757 1300 πῶς
1780 1238 1875 1292 ἀπ’

294 1329 459 1385 αὐτοῦ
488 1329 582 1384 τοῦ
612 1330 874 1401 ὀνόματος
894 1330 956 1383 οὐ
987 1330 1050 1383 τὸ
1085 1330 1286 1402 σαθρὸν
1307 1331 1405 1403 τῆς
1433 1329 1671 1394 διανοίας
1696 1321 1877 1383 αὐτῶν

295 1421 704 1494 φωραθήσεται,
729 1420 808 1484 ὡς
844 1420 946 1493 ἠδη
977 1423 1278 1495 προεῖπονς
1323 1423 1441 1477 Πᾶν
1476 1421 1586 1494 γὰρ
1614 1422 1675 1475 τὸ
1710 1437 1880 1492 πρου-

296 1513 699 1584 νεικευόμενον,
733 1512 1026 1586 ἄχρηστον.
1054 1514 1185 1568 Είδὲ
1210 1515 1504 1587 ἄχρηστον,
1535 1514 1630 1567 καὶ
1671 1514 1729 1567 ἐν
1766 1514 1878 1578 τοῖς

296 1603 646 1676 προκριτέοις
697 1604 945 1659 τακτέον.
1000 1604 1110 1659 Καὶ
1166 1604 1282 1668 πῶς
1339 1606 1621 1661 ἐπαινετὸν
1679 1607 1764 1678 εἴη
1817 1606 1880 1661 τὸ

296 1697 608 1767 ἀχρηστον;
641 1694 768 1759 Πῶς
813 1694 872 1749 δὲ
917 1696 1042 1766 οὐχὶ
1090 1695 1335 1768 μυθῶδες
1372 1698 1435 1753 τὸ
1482 1696 1683 1767 λέγειν,
1720 1699 1803 1753 ὅτι
1842 1700 1878 1770 ἠ

300 1785 631 1859 Προύνεικος
673 1788 768 1842 τὸν
800 1785 1125 1842 Ἶαλδαόαὼθ
1155 1788 1413 1857 ἐκένωσε,
1457 1791 1550 1848 καὶ
1578 1793 1609 1846 ὀ
1646 1790 1880 1865 σπινθὴρ

297 1882 380 1943 είς
405 1878 476 1932 τὰ
506 1880 658 1934 κάτω
702 1876 973 1951 κατῆλθεν
1001 1879 1114 1934 ἀπὸ
1138 1880 1237 1934 τοῦ
1282 1881 1651 1947 κενωθέντοςς
1697 1884 1786 1935 Ἐν
1821 1882 1881 1937 δὲ

293 1971 374 2043 τῷ
405 1972 521 2026 ἀνω
562 1970 804 2041 γεγονὼς
831 1970 1047 2041 ἐπέγνω
1076 1971 1172 2027 τὸν
1213 1974 1486 2047 ἀνώτερον
1514 1973 1608 2029 τοῦ
1648 1991 1885 2029 κεκενω-

299 2062 483 2133 μένου.
521 2063 632 2116 Καὶ
662 2062 847 2135 θαῦμα
890 2062 1168 2134 μέγιστον,
1201 2064 1279 2128 ὡς
1301 2067 1332 2118 ὁ
1370 2064 1677 2136 ἄνθρωπος,
1705 2065 1763 2117 ἐν
1786 2056 1833 2155 {p
1853 2065 1884 2118 ὀ

293 2154 577 2224 ἐλάχιστος
600 2151 855 2226 σπινθὴρ,
886 2152 1244 2221 ἐπιγινώσκει
1276 2153 1419 2224 ὑπὲρ
1450 2154 1580 2216 τοὺς
1604 2151 1882 2207 πεπλακό-

292 2262 393 2309 τας
414 2244 675 2314 ἀγγέλους
697 2246 710 2298 !
742 2246 807 2298 Oi
836 2242 946 2316 γὰρ
969 2244 1331 2315 πεποιηκότες
1356 2244 1449 2298 τὸν
1470 2244 1758 2316 ἄνθρωπον
1783 2243 1884 2313 ἀγ·

294 2336 466 2405 γελοι,
495 2335 671 2389 είτουν
704 2336 809 2389 υἱοὶ
829 2336 925 2388 τοῦ
968 2334 1319 2399 Ἰαλδαὸαὼθ,
1343 2336 1445 2389 οὐκ
1467 2335 1785 2403 ἐπέγνωσαν
1813 2332 1883 2386 τά

299 2424 487 2478 ἐπάνω
514 2423 610 2476 τοῦ
644 2423 992 2478 Ἰαλδαόαώθ.
1034 2426 1093 2478 Ὀ
1116 2424 1175 2478 δὲ
1200 2425 1291 2479 ὑπ’
1322 2424 1491 2479 αὑτοῦ
1517 2423 1883 2494 γεγενημένος

302 2513 391 2567 διὰ
412 2513 508 2566 τοῦ
538 2514 831 2586 σπινθῆρος
855 2515 1087 2583 ἐπέγνω.
1110 2517 1277 2570 Αὐτοὶ
1304 2515 1485 2569 τοίνυν
1511 2517 1733 2579 ἑαυτοὺς
1756 2516 1885 2572 ἁνα-

302 2602 558 2673 τρὲπουσι
586 2604 673 2658 διὰ
723 2604 833 2658 τῶν
868 2606 1015 2659 ἰδίων
1041 2605 1347 2677 δογμάτων,
1396 2606 1478 2675 πῆ
1510 2606 1606 2676 μὲν
1639 2607 1733 2660 τ’δν
1758 2606 1883 2675 ὄφιν

298 2694 631 2762 δοξάζοντες,
678 2698 755 2768 πῆ
799 2698 858 2752 δὲ
896 2697 1175 2770 ἀπατηλὸν
1219 2698 1383 2751 αὐτὸν
1415 2697 1549 2769 πρὸς
1596 2697 1693 2771 τὴν
1738 2698 1884 2753 Εὕαν

301 2790 663 2859 γεγενημένον
688 2792 1014 2860 φάσκοντες,
1041 2791 1101 2843 ἐν
1129 2788 1208 2860 τῷ
1232 2790 1407 2843 εἰπεῖν
1428 2802 1443 2817 ·
1488 2788 1763 2858 Ἢπάτησε
1785 2789 1885 2861 τὴν

299 2879 471 2932 Εὕαν·
509 2879 604 2932 καὶ
642 2880 721 2950 πῆ
753 2880 853 2952 μὶν
876 2878 1110 2951 Χριστὸν
1132 2875 1779 2946 αῦτὸνααταγγὲλλουσι,
1805 2879 1885 2951 πῆ

298 2968 355 3022 δὲ
378 2970 470 3023 τὸν
502 2970 617 3024 υἱὸν
641 2970 736 3024 τοῦ
768 2970 1043 3044 ἀνωτέρου
1079 2967 1552 3034 Ἰαλδαόαὼθ,τοῦ
1584 2970 1714 3034 τοῦς
1735 2968 1887 3033 υίοῦς

298 3058 678 3132 ἀδικήσαντος,
720 3060 780 3115 ἐν
801 3060 883 3132 τῷ
915 3060 1238 3115 ἀποκλεῖσαι
1275 3060 1372 3114 ἀπ’
1404 3058 1583 3114 αὐτῶν
1629 3060 1729 3131 τὴν
1771 3060 1887 3116 ἀνω

297 3153 522 3222 γνῶσιν.
551 3156 649 3210 καὶ
692 3156 798 3227 τὴν
837 3156 1051 3228 μητέρα
1086 3154 1473 3225 ἀθετήσαντος,
1507 3150 1602 3207 καὶ
1638 3154 1731 3207 τὸν
1772 3154 1887 3208 ἅνω

299 3243 537 3317 Πατέρα,
565 3246 650 3311 είς
668 3246 731 3299 τὸ
754 3246 830 3317 μὴ
854 3246 951 3317 ἐᾷν
969 3243 1214 3312 δοξάζειν
1241 3244 1367 3308 τοὺς
1396 3243 1489 3296 ὑπ’
1509 3242 1675 3296 αὐτοῦ
1702 3259 1888 3311 γεγεν-

1979 683 2153 738 ciunt.

2052 771 2138 828 Vl.
2179 771 2328 840 Quas
2359 771 2578 845 quidem
2612 772 2847 844 ineptias
2874 772 3206 832 vanissimas
3233 789 3379 841 esse,
3411 775 3556 831 ludi-

1984 863 2211 933 brioque
2234 863 2588 935 dignissimas
2617 877 2781 918 nemo
2809 877 2919 918 non
2948 863 3189 919 dixerit:
3222 880 3399 937 neque
3426 879 3558 922 vero

1982 956 2184 1012 divinis
2221 971 2292 1011 ex
2317 954 2599 1028 Scriptura
2634 956 2971 1028 depromptis
3009 958 3342 1024 testimoniis
3375 957 3562 1014 aerius

1985 1048 2345 1123 refellenda83
2371 1064 2497 1105 cum
2518 1064 2618 1120 per
2639 1064 2761 1105 sese
2782 1049 3027 1117 cuilibet,
3080 1048 3174 1118 qui
3200 1050 3272 1105 sit
3295 1050 3562 1105 nonnullo

1984 1139 2202 1210 ingenio
2235 1140 2517 1210 praeditus,
2560 1154 2727 1211 quam
2770 1138 3069 1194 ridiculum
3098 1139 3173 1194 sit
3205 1146 3378 1194 totum
3429 1139 3564 1195 illud

1984 1230 2286 1300 negotium,
2330 1229 2697 1287 demonstrari
2739 1229 2934 1301 possiti
2998 1227 3146 1285 Nihil
3179 1227 3328 1286 enim
3366 1242 3565 1302 prater

1985 1322 2482 1393 contemptissimus
2519 1321 2732 1379 fabulas
2760 1338 2825 1378 ac
2862 1322 3055 1379 deliria
3087 1322 3374 1380 continere
3401 1322 3564 1379 facile

1984 1412 2434 1483 deprehenditur.
2466 1413 2602 1468 Nam
2627 1415 2676 1471 si
2708 1412 3009 1471 Prunicum
3036 1429 3162 1471 esse
3185 1415 3422 1488 aliquam
3443 1415 3567 1472 exi-

1987 1503 2232 1569 stimant,
2265 1509 2391 1575 quis
2412 1520 2479 1562 ex
2509 1504 2629 1576 ipso
2658 1505 2847 1561 statim
2874 1506 3142 1563 vocabulo
3171 1522 3281 1562 non
3316 1503 3561 1562 animad-

1987 1603 2183 1659 vertat,
2216 1611 2380 1665 quam
2413 1595 2746 1652 imbecillum
2770 1610 2835 1652 ac
2871 1596 2989 1653 leve
3012 1596 3106 1664 sit,
3138 1597 3285 1668 quod
3311 1597 3399 1654 isti
3433 1612 3569 1668 pro-

1989 1686 2232 1753 fitentur,
2273 1694 2335 1742 ut
2367 1688 2480 1757 jam
2515 1687 2878 1747 ostendimus.
2915 1687 3194 1760 Quidquid
3244 1690 3391 1746 enim
3416 1689 3564 1746 Pru-

1988 1778 2174 1833 nicum
2209 1778 2328 1835 lieri
2357 1778 2582 1844 dicitur,
2612 1779 2668 1836 id
2693 1780 2892 1837 inutile
2919 1789 3041 1847 cst;
3072 1781 3318 1853 adeoque
3341 1781 3570 1838 minime

1989 1871 2132 1925 inter
2159 1870 2361 1926 eximia
2395 1871 2815 1927 numerandum.
2844 1871 2949 1939 Qui
2971 1870 3118 1928 enim
3145 1872 3358 1928 laudari
3392 1880 3570 1944 potest

1923 1966 1964 2021 Β
1992 1961 2138 2031 quod
2183 1961 2378 2017 inutile
2412 1961 2522 2016 sit?
2566 1959 2739 2028 Quam
2778 1974 2863 2019 est
2906 1972 3168 2034 praeterea
3203 1964 3486 2029 stolidum,
3533 1981 3567 2022 a

1990 2050 2229 2106 Prunico
2265 2051 2593 2107 exhaustum
2623 2067 2748 2109 esse
2787 2051 3201 2110 Jaldabaotliem
3229 2092 3247 2121 ,
3297 2054 3367 2110 ab
3395 2070 3567 2125 eoque

1989 2140 2286 2196 scintillam
2315 2141 2384 2196 ad
2412 2140 2597 2196 intima
2634 2142 2726 2197 illa
2754 2158 3046 2202 excussam
3079 2146 3372 2203 arbitrari!
3403 2143 3569 2203 Item·

1990 2248 2118 2303 que,
2147 2232 2322 2303 quiin
2352 2233 2577 2291 sublimi
2603 2235 2903 2294 collocatus
2929 2245 3098 2304 esset,
3133 2253 3259 2294 eum
3281 2240 3570 2310 agnovisse

1989 2327 2084 2398 qui
2129 2326 2400 2383 exhausto
2439 2336 2590 2385 esset
2638 2330 2732 2385 illo
2760 2329 2921 2402 273
2943 2331 3216 2402 superior.
3281 2330 3571 2389 Enimvero

1990 2420 2151 2489 quale
2178 2420 2311 2475 illud
2335 2421 2662 2477 miraculum
2695 2430 2802 2489 est,
2833 2429 2894 2476 ut
2920 2422 3085 2478 hoino
3122 2424 3211 2479 cui
3234 2424 3560 2481 tenuissima

1993 2513 2240 2583 quaedam
2279 2512 2352 2569 sit
2389 2526 2614 2584 aspersa
2651 2511 2920 2579 scintilla,
2959 2512 3220 2584 majorem
3263 2514 3374 2570 illis
3411 2514 3567 2585 ipsis,

1992 2618 2024 2657 a
2044 2603 2247 2673 quibus
2268 2604 2572 2674 productus
2592 2613 2699 2669 est,
2722 2604 2931 2674 angelis
2951 2602 3319 2674 cognitionem
3343 2602 3575 2674 adeptus

1993 2693 2184 2750 luerit!
2221 2693 2279 2750 Si
2306 2694 2526 2765 quidem
2560 2705 2817 2751 auctores
2843 2696 2934 2750 isti
2964 2694 3205 2752 hominis
3233 2710 3299 2751 ac
3328 2693 3569 2752 fabrica·

1993 2796 2143 2843 tores
2168 2787 2369 2859 angeli,
2399 2788 2515 2843 sive
2535 2785 2910 2843 Jaldabaothis
2941 2786 3037 2842 lilii
3070 2803 3192 2860 quae
3210 2786 3572 2845 Jaldabaothe

1994 2880 2278 2952 superiora
2302 2888 2461 2937 erant
2489 2880 2831 2950 ignorarunt.
2869 2879 2970 2946 Qui
3007 2889 3191 2936 autem
3218 2880 3290 2936 ab
3318 2881 3429 2937 illis
3457 2880 3571 2936 lor·

1994 2981 2176 3030 matus
2198 2980 2306 3039 est,
2336 2970 2876 3028 scintillae‘benelicio
2899 2971 3174 3041 cognovit.
3206 2970 3570 3038 Quamobrem

1995 3062 2114 3118 suis
2156 3061 2231 3116 illi
2273 3077 2335 3118 se
2371 3060 2722 3132 dogmatibus
2761 3059 2994 3115 induunt
3039 3068 3094 3117 et
3131 3069 3404 3126 evertunt,
3445 3076 3572 3118 cum
3624 3066 3641 3072 '

1992 3156 2190 3225 partim
2207 3166 2513 3226 serpentem
2542 3154 2789 3209 venerari
2816 3153 3140 3220 instituant;
3179 3152 3378 3224 partim
3405 3151 3571 3209 Evam
3676 3157 3685 3161 “

1992 3247 2142 3303 illius
2191 3245 2558 3304 fraudulentia
2611 3245 2895 3316 deceptam
2947 3244 3291 3311 existiment3
3371 3244 3571 3316 partim

299 3337 565 3409 νημένους
585 3339 737 3402 υἱοὺς
763 3338 858 3392 τὸν
889 3336 1159 3408 ἀνώτερον
1184 3335 1351 3390 αὑτοῦ
1375 3334 1615 3407 Πατέρα.
1648 3334 1773 3397 Πῶς
1796 3329 1891 3387 οὖν
1918 3333 1961 3389 C
1993 3336 2270 3395 Christum
2311 3337 2564 3393 eumdem
2612 3352 2736 3393 esse
2773 3335 2978 3401 velint3
3027 3334 3226 3405 partim
3266 3335 3573 3406 superioris

287 3426 556 3497 ’βασιλεὺς
581 3430 912 3500 ’ἐπουράνιος
939 3429 968 3481 ὀ
999 3428 1143 3498 ὄφις,
1173 3428 1332 3500 εἰπερ
1373 3428 1518 3481 κατὰ
1536 3426 1631 3480 τοῦ
1670 3425 1887 3498 Πατρὸς

299 3520 630 3593 Emptam
684 3522 809 3585 Πῶς
828 3521 906 3586 δὲ,
944 3522 995 3576 εἰ
1014 3522 1116 3593 τὴν
1138 3520 1340 3591 γνῶσιν
1362 3520 1601 3581 δίδωσιν,
1626 3520 1686 3572 ἐν
1706 3520 1895 3589 ἀπάτῃ

298 3611 720 3681 καταγγέλλεται
751 3614 1094 3687 ἠπατηκέναι
1115 3612 1213 3685 τὴν
1230 3612 1377 3667 Εὕαν
1397 3628 1413 3676 ;
1436 3611 1496 3665 ‘0
1510 3610 1567 3664 δὲ
1585 3610 1654 3664 δι’
1675 3609 1893 3679 ἀπάτης

295 3703 497 3772 γνῶσιν
529 3706 707 3771 ἐνθεὶς
735 3708 919 3762 οὐκέτι
945 3706 1154 3774 γνῶσιν
1179 3705 1417 3767 δίδωσιν,
1440 3702 1580 3755 ἀλλὰ
1608 3702 1729 3755 ἀντὶ
1751 3698 1892 3769 γνῶ-

295 3810 434 3858 σεως
460 3797 760 3863 ἀγνωσίαν.
801 3798 890 3857 Ὦς
913 3796 1010 3847 καὶ
1041 3793 1242 3862 ἀληθές
1264 3793 1412 3844 ἐστιν
1450 3792 1603 3852 ἰδεῖν,
1632 3790 1714 3842 ὅτι
1736 3789 1893 3843 τοῦτο

297 3889 355 3939 ἐν
385 3887 571 3949 αὐτοῖς
592 3884 920 3939 τελειοῦται.
962 3883 1267 3952 ’Δγνωσίαν
1290 3882 1402 3953 γάρ
1430 3881 1666 3952 ἔχοντες,
1690 3881 1891 3950 γνῶσιν

304 3975 510 4045 ταύτην
533 3975 870 4046 νομίζωσιν.
901 3976 962 4029 ὲν
997 3971 1171 4045 τούτῳ
1192 3971 1568 4045 ἀληθεύοντες,
1600 3973 1659 4025 ἐν
1677 3970 1758 4042 τῷ
1791 3971 1890 4044 την

309 4066 520 4118 ἑαυτῶν
553 4065 774 4137 ἀπάτην
802 4067 897 4120 καὶ
926 4065 1205 4135 ἀγνωσίαν
1228 4064 1433 4136 γνῶσιν
1455 4064 1657 4135 λέγειν.

1994 3428 2141 3485 illius
2166 3425 2544 3482 Jaldabaotliis
2567 3426 2760 3489 lilium,
2793 3425 2887 3496 qui
2926 3424 3226 3481 interclusa
3263 3426 3572 3483 coelestiunt

1996 3521 2458 3593 contemplatione
2504 3534 2776 3575 summam
2806 3518 2994 3575 liberis
3027 3519 3146 3575 suis
3176 3518 3434 3590 iniuriam
3467 3520 3564 3576 im·

1994 3612 2200 3682 posuit,
2222 3620 2452 3667 matrem
2478 3610 2783 3682 repudiavit
2801 3625 2866 3666 ac
2890 3610 3243 3680 contempsit,
3258 3624 3367 3665 non
3391 3612 3572 3669 minus

1992 3719 2156 3775 quam
2191 3718 2506 3773 supremum
2535 3701 2846 3768 parentem,
2877 3716 3041 3773 quem
3084 3700 3155 3757 ab
3192 3700 3261 3757 iis
3301 3715 3444 3772 quos
3475 3706 3575 3772 ge·

1989 3804 2186 3853 nuerat
2234 3796 2343 3851 coli
2383 3809 2448 3850 ac
2488 3795 2774 3866 praedicari
2825 3794 3052 3851 minime
3085 3794 3160 3850 sit
3191 3808 3411 3866 passus.
3465 3794 3572 3863 Qui

1985 3902 2118 3943 vero
2144 3895 2459 3957 serpentem
2483 3886 2739 3941 convenit
2765 3886 3044 3942 coelestem
3065 3899 3190 3942 esse
3209 3899 3417 3957 regem,
3443 3900 3572 3941 curu

1987 3976 2257 4034 adversus
2295 3982 2580 4047 parentem
2621 3974 3017 4031 insurrexerit?
3064 3974 3174 4029 Aut
3199 3972 3498 4044 quomodo,
3523 3976 3571 4033 si

1984 4068 2355 4139 cognitionem
2410 4067 2721 4137 impertiat,
2784 4064 2908 4122 Evae
2951 4066 3284 4138 imposuisse
3333 4065 3571 4122 dicitur!

183 4162 192 4168 ·
308 4153 443 4209 Nam
491 4156 586 4227 qui
638 4156 831 4214 fraude
876 4158 1062 4229 aliqua
1115 4158 1401 4215 scientiam
1446 4156 1627 4225 affert,
1652 4171 1787 4215 ‘non
1839 4158 1889 4214 is
1924 4158 2235 4225 scientiam,
2285 4157 2383 4216 sed
2425 4173 2526 4230 pro
2588 4173 2655 4215 ea
2700 4156 3098 4229 ignorationem
3176 4156 3569 4215 communicat.

303 4246 461 4315 Quod
502 4248 612 4304 illis
656 4248 908 4306 accidere
948 4249 1259 4307 certissima
1298 4249 1517 4312 ratione
1563 4251 1877 4307 coniicitur.
1920 4249 2062 4307 Cum
2090 4252 2237 4309 enim
2264 4268 2483 4310 summa
2509 4251 2807 4308 ininscitia
2828 4237 3140 4315 versentur,
3181 4264 3305 4305 eam
3367 4250 3569 4307 nihilo·

301 4344 485 4399 minus
514 4341 800 4401 scientiam
820 4360 945 4402 esse
965 4352 1181 4417 putant.
1209 4345 1328 4413 Qua
1351 4346 1409 4402 in
1441 4361 1503 4403 re
1532 4348 1886 4405 vehementer
1914 4345 2348 4412 hallucinantur,
2402 4348 2533 4404 dum
2567 4361 2811 4403 errorem
2846 4360 3008 4399 suum
3071 4358 3136 4399 ac
3199 4344 3571 4416 ignorantiam

298 4440 549 4497 scientiae
584 4440 959 4511 appellatione
986 4441 1363 4499 dissimulant.

371 4536 445 4589 Z'.
474 4534 705 4606 Φερουσι
729 4535 788 4590 δὲ
816 4536 913 4591 καὶ
946 4536 1113 4601 ἄλλας
1154 4537 1462 4610 μαρτυρίας
1498 4537 1772 4606 λέγοντες,
1802 4538 1886 4590 ὄτι

300 4627 398 4681 καὶ
448 4626 692 4696 Μωῦσῆς
747 4629 807 4680 ἐν
856 4630 925 4699 τῇ
975 4629 1172 4699 ἐρήμῳ
1226 4630 1320 4683 τὸν
1363 4628 1492 4699 ὄφιν
1533 4630 1625 4682 τὸν
1651 4630 1887 4700 χαλκοῦν
1917 4648 1964 4703 1)
1996 4636 2163 4695 runt;
2199 4626 2364 4681 veluti
2414 4622 2636 4694 Moysen
2679 4636 2892 4677 aeneum
2927 4627 3236 4690 serpentem
3267 4621 3324 4675 in
3352 4621 3572 4679 deserto

300 4718 507 4789 {idn-202,
555 4719 1040 4791 προστησάμενος,
1084 4720 1173 4773 ἵνα
1224 4722 1361 4793 ἴαμα
1416 4724 1532 4786 τοῖς
1570 4722 1676 4776 ὑπὸ
1711 4723 1888 4793 ὄφεως
1991 4719 2304 4785 sustulisse,
2349 4716 2637 4790 palamque
2672 4711 3046 4784 proposuisse,
3078 4717 3141 4766 ¹¹2
3178 4710 3288 4767 ἰΙΙὶὅ
3323 4712 3570 4770 remedio

2069 4535 2176 4590 Vll.
2215 4534 2323 4590 Sed
2353 4533 2459 4588 alia
2490 4531 2742 4603 quaedam
2781 4529 3009 4601 insuper
3045 4528 3363 4586 testimonia
3389 4530 3568 4602 prose·

300 4810 654 4882 δακνομένοις
684 4811 930 4884 γένηται.
977 4808 1133 4867 Εἶναι
1159 4812 1269 4884 γάρ
1307 4812 1464 4869 τοῦτο
1483 4814 1547 4868 τὸ
1577 4811 1718 4879 εἶδος
1752 4817 1889 4870 ἰατι-

303 4899 401 4955 κδν
437 4898 532 4954 τοῦ
584 4900 864 4972 δήγματος
914 4901 1155 4973 λέγουσι.
1204 4903 1378 4958 Πάλιν
1421 4905 1481 4959 δέ
1523 4905 1647 4961 καθ’
1679 4904 1889 4958 ἑαυτῶν

302 4991 475 5046 ταῦτα
497 4990 792 5063 ὁρίζονται.
832 4992 896 5047 Et
926 4994 1036 5066 γὰρ
1062 4994 1239 5063 ὄφεων
1262 4992 1329 5067 ἦν
1352 4995 1423 5050 τὰ
1444 4996 1721 5068 δήγματα,
1763 4995 1891 5067 βλα-

301 5082 441 5157 ὄερὰ
463 5083 521 5148 δέ
556 5083 731 5137 ταῦτα
753 5100 768 5114 ·
791 5084 901 5156 ἀρα
931 5086 963 5139 ὁ
998 5085 1123 5156 ὄφις
1157 5086 1258 5140 οὐκ
1302 5086 1527 5157 ἀγαθόν.
1558 5087 1633 5141 Τὸ
1658 5086 1715 5141 δὲ
1744 5086 1893 5157 ὑψο-

304 5173 401 5228 θὶν
421 5174 529 5229 ὑπὸ
555 5175 837 5240 Μωῦσὲως
874 5176 1021 5244 τότε,
1070 5177 1162 5232 διὰ
1211 5179 1312 5251 τῆς
1345 5178 1579 5252 θεωρίας
1608 5179 1710 5251 τὴν
1743 5179 1888 5232 ἴασιν

305 5266 559 5333 ἐποιεῖτο,
587 5267 649 5321 οὐ
684 5265 776 5321 διά
798 5267 900 5340 τὴν
933 5267 1027 5323 τοῦ
1067 5268 1246 5339 ὄφεως
1274 5269 1457 5340 φύσιν,
1505 5269 1645 5325 ἀλλά
1666 5267 1765 5343 τὴν
1791 5269 1887 5324 τοῦ

302 5356 442 5411 Θεοῦ
474 5357 745 5424 εὐδοκίαν,
771 5358 842 5413 δι’
867 5358 1048 5430 ὄφεως
1088 5360 1281 5430 ὥσπερ
1323 5361 1596 5415 ἀντίδοτον
1621 5362 1737 5425 τοῖς
1761 5361 1886 5415 τότε

297 5450 651 5522 δεδηγμένοις
701 5452 1094 5525 ἐργαζομένου.
1146 5452 1313 5506 Οὐδὲν
1359 5452 1422 5507 δὲ
1470 5452 1781 5526 θαυμαστὸν
1794 5454 1878 5509 δτι

302 5544 370 5599 δι’
401 5537 478 5598 ὧν
503 5560 588 5609 τις
621 5544 848 5615 ὲδλάόη,
883 5544 970 5600 διὰ
1006 5543 1210 5599 τούτων
1242 5543 1537 5617 θεραπείας
1564 5545 1743 5616 ἐτυχε.
1774 5544 1885 5600 Καὶ

306 5637 382 5707 μή
420 5654 504 5701 τις
529 5637 801 5700 κακιζέτω
829 5635 930 5707 τὴν
958 5636 1053 5691 τοῦ
1077 5635 1214 5690 Θεοῦ
1242 5636 1438 5692 κτίσιν.
1467 5636 1542 5700 ὡς
1572 5636 1720 5691 ἄλλοι
1748 5636 1883 5691 πλα-

302 5728 535 5801 νώμενοι
562 5730 722 5785 πάλιν
745 5730 982 5799 λέγουσι.
1014 5729 1394 5800 Προετυποῦτο
1415 5728 1474 5782 δέ
1499 5729 1658 5785 τοῦτο
1681 5732 1794 5793 τοῖς
1826 5732 1882 5784 ἑν

380 5879 394 5910 “
423 5878 587 5937 Num.
634 5898 745 5943 xxi,
780 5882 813 5937 8
842 5900 966 5953 sqq.

585 5976 856 6037 Parnoi..
897 5983 1015 6037 tin.
1059 5976 1219 6038 xm.

1989 4821 2158 4879 esset,
2182 4828 2324 4884 quos
2353 4827 2582 4885 serpens
2597 4810 2960 4869 momorderat
2995 4810 3036 4866 ¹.
3067 4808 3184 4866 Hoc
3211 4810 3358 4867 enim
3389 4810 3569 4880 ipsum

1990 4914 2317 4977 praesentem
2370 4906 2480 4963 vim
2526 4914 2717 4963 eontra
2769 4913 3070 4961 venenatos
3101 4917 3322 4959 morsus
3370 4902 3568 4960 habere

1986 4998 2266 5066 jactitant.
2300 4998 2408 5055 Sed
2432 4998 2518 5055 vel
2540 4999 2673 5054 illud
2702 5005 2895 5053 eontra
2917 5012 2979 5054 se
3007 4995 3298 5053 manifeste
3320 5009 3568 5066 pronun·

1988 5092 2152 5146 tiant.
2190 5090 2249 5146 Si
2271 5092 2418 5147 enim
2447 5106 2668 5148 morsus
2691 5090 2770 5146 illi
2803 5089 3142 5162 serpentium
3166 5094 3346 5171 erant,
3378 5085 3569 5143 iidem-

1992 5194 2103 5250 que
2159 5181 2475 5251 perniciosi,
2526 5171 2884 5251 consequitur
2937 5177 3167 5234 miuime
3209 5176 3414 5233 bonum
3444 5192 3570 5234 esse

1993 5282 2326 5342 serpentem.
2373 5270 2533 5341 Quod
2579 5288 2712 5330 vem
2759 5282 2872 5328 tum
2906 5285 2940 5327 a
2968 5268 3156 5341 Moyse
3182 5275 3270 5325 est
3298 5276 3568 5335 erectum,

1991 5364 2110 5420 sola
2154 5362 2242 5418 sui
2301 5361 2764 5434 contemplatione
2824 5358 3142 5415 medebatur
3176 5373 3336 5415 :non
3379 5360 3572 5430 utique

1991 5456 2139 5529 quod
2165 5456 2239 5510 ita
2267 5455 2540 5526 serpentis
2566 5462 2763 5511 natura
2810 5451 3012 5521 terren
3040 5452 3138 5510 sed
3173 5453 3322 5525 quod
3348 5452 3426 5508 ita
3457 5450 3566 5507 Deo

1991 5548 2168 5604 visum
2217 5555 2386 5612 esset,
2443 5546 2537 5617 qui
2585 5561 2724 5616 quos
2776 5554 3059 5616 serpentes
3095 5552 3456 5618 pupugerant,
3499 5542 3567 5598 iis

1992 5653 2090 5709 per
2149 5644 2460 5707 serpentem
2500 5638 2629 5693 unali
2673 5636 2975 5694 remedium
3024 5648 3331 5710 paraverat.
3375 5636 3563 5707 Neque

1987 5741 2120 5786 vero
2152 5725 2350 5783 mirum
2371 5743 2494 5787 esse
2520 5729 2772 5800 cuiquam
2793 5739 3028 5803 oportet,
3050 5732 3099 5788 si
3122 5730 3267 5788 unde
3293 5730 3561 5801 quispiam

3148 5961 3241 6031 21'
