3850 6517
331 412 420 470 tot
473 480 479 489 ⁴

324 620 474 692 φιλος
502 622 758 692 ἐποίησεν
778 622 995 682 τούτους
1015 619 1349 682 ἀσυνάκτους
1379 620 1469 672 καὶ
1501 618 1895 690 ἀκοινωνήτους

319 710 508 782 τριετῆ
556 709 766 780 χρόνον.
812 710 921 764 Καὶ
970 709 1140 764 πολλὰ
1189 708 1667 780 παρακαλέσαντες
1687 749 1702 772 ,
1752 710 1894 766 ὥστε

321 801 744 874 συγχωρηθῆναι
781 801 964 864 αὐτοῖς
987 799 1096 854 τῶν
1124 799 1284 853 θείων
1320 800 1634 870 μυστηρίων
1662 800 1896 871 μεταλα-

321 891 458 958 δεῖν,
493 894 555 946 οὐ
605 890 979 964 συνεχώρησεν
1021 894 1050 947 ό
1086 891 1342 962 Θεόφιλος
1386 890 1563 945 τοῦτο.
1608 885 1767 946 Οὔτοι
1803 888 1896 946 οὖν

321 985 750 1054 ἀναγκασθέντες
789 985 1020 1057 ἀνῆλθον
1051 986 1143 1038 ἐπὶ
1185 985 1285 1056 τὴν
1320 984 1566 1056 βασιλίδα
1598 984 1770 1050 πόλιν,
1802 985 1897 1040 καὶ

323 1077 666 1147 προσέπεσαν
693 1078 916 1150 Ἰωάννῃ
940 1076 1017 1148 τῷ
1039 1075 1269 1146 ἐπίκλην
1292 1075 1681 1146 Χρυσοστόμῳ.
1719 1074 1780 1128 '0
1800 1069 1895 1128 οὗν

323 1166 588 1238 Ἰωάννης,
642 1166 830 1238 μαθὼν
857 1169 959 1238 τὴν
987 1166 1195 1233 αἰτίαν,
1235 1165 1437 1238 γράφει
1469 1165 1607 1237 πρὸς
1633 1163 1892 1233 Θεόφιλον

319 1254 631 1327 ἐπιστολὴν,
672 1256 1004 1327 παρακαλῶν
1045 1256 1207 1310 αὑτὸν
1254 1256 1347 1309 ἐπὶ
1389 1257 1454 1325 τῇ
1487 1253 1749 1308 ἀπολύσει
1780 1252 1890 1308 τῶν

317 1343 410 1398 δύο
431 1344 696 1414 ἀδελφῶν.
733 1346 792 1398 '0
821 1340 914 1398 οὖν
935 1345 1189 1414 Θεόφιλος
1219 1344 1318 1398 οὐκ
1345 1343 1567 1414 ἐπείσθη
1597 1344 1676 1414 τῷ
1709 1343 1890 1400 Ἰωάν-

318 1453 385 1509 νῃ
438 1436 870 1509 παρακαλοῦντι·
925 1437 1086 1492 πάλιν
1138 1437 1194 1490 δὲ
1236 1438 1301 1490 ὲκ
1347 1436 1598 1504 δευτέρου
1649 1434 1886 1506 ἔγραψεν

1562 492 1567 497 ⁴
1637 414 1692 470 S.
1730 413 2068 473 Et‘tt‘nANtt
2104 417 2284 474 vtTA.

325 531 384 586 ἐν
419 533 485 603 τῇ
520 531 736 602 ἐρήμῳ,
765 530 896 583 ὅπου
927 529 988 582 τὸ
1034 530 1162 599 πρὶν
1191 529 1490 599 κατῴκουν.
1535 531 1592 582 '0
1640 525 1731 585 οὖν
1761 531 1889 584 Θεό·
1920 537 1964 594 Α
1992 534 2238 603 Cumque
2280 536 2508 590 multum
2557 545 2841 608 rogassent
2862 577 2877 600 ,
2911 546 2971 593 ut
3013 539 3115 595 sibi
3167 541 3571 610 permitteretur
3683 569 3695 583 =

3469 428 3588 487 to‘t

1998 623 2180 676 (lirina
2208 638 2422 679 sumere
2448 621 2814 692 sacramenta,
2842 628 2944 682 hoc
2965 643 3073 683 non
3097 630 3370 684 cottccssit
3390 628 3569 686 'rucu-

1998 714 2200 782 philns.
2237 712 2274 765 ti
2322 721 2506 768 autem
2550 714 2913 771 ascenderunt
2954 718 3010 772 in
3054 718 3276 787 regiam,
3302 726 3357 772 et
3386 720 3570 787 proei-

1999 803 2198 856 derunt
2225 804 2291 856 ad
2321 803 2484 872 pedes
2513 800 2759 870 loannis,
2784 814 3149 875 cognomento
3171 806 3565 878 chrysostomi.

1998 891 2236 947 Joannes
2269 907 2397 947 vero
2442 908 2563 947 cum
2614 895 2893 950 didicisset
2938 911 3186 959 causam,
3228 896 3420 953 scrihit
3446 896 3567 966 epi-

2001 983 2194 1038 stolam
2248 983 2315 1036 ad
2368 980 2751 1052 Theophilum,
2801 1000 3000 1056 rogans
3053 1001 3206 1052 eum,
3264 995 3321 1042 ut
3375 986 3568 1043 fratres

1998 1070 2314 1127 dimitteret.
2362 1070 2695 1142 Theophilus
2738 1083 2919 1131 autem
2966 1072 3158 1130 Joanni
3207 1077 3420 1145 roganti
3458 1089 3566 1131 non

1994 1163 2196 1232 paruit.
2230 1161 2428 1217 lterum
2460 1178 2590 1232 ergo
2614 1165 2833 1234 scripsit
2861 1163 3103 1221 loannes
3132 1164 3566 1220 adhortationem

1994 1251 2312 1323 Theophilo,
2343 1265 2397 1310 et
2427 1271 2524 1312 nec
2550 1258 2628 1312 sic
2660 1258 2840 1326 paruit
2876 1273 2890 1309 ε
2934 1256 3173 1326 loannes
3210 1256 3391 1326 itaque
3430 1256 3565 1310 lihe-

1992 1344 2130 1398 ravit
2160 1344 2296 1400 duos
2324 1344 2519 1400 iratres
2547 1361 2576 1401 a
2605 1348 2997 1418 segregatione.
3046 1347 3245 1402 Exorta
3304 1357 3387 1402 cst
3437 1360 3567 1418 pro-

1996 1442 2178 1503 pterea
2205 1435 2477 1492 discordia
2509 1439 2650 1493 inter
2673 1437 2934 1492 loannem
2964 1447 3018 1492 et
3045 1437 3422 1508 Theophilum.

319 1529 572 1596 Ἰωάννης
614 1528 942 1601 παρακαλῶν
988 1529 1081 1582 τὸν
1125 1527 1402 1598 Θεόφιλον,
1429 1531 1525 1582 καὶ
1558 1525 1680 1581 οὔτε
1734 1527 1907 1588 οὔτως
1946 1523 2168 1594 ἐπείσθη
2217 1525 2297 1596 τῷ
2366 1529 2610 1603 Ἰωάννῃ.
2666 1528 2799 1582 Τότε
2858 1529 3111 1600 Ἰωάννης
3157 1527 3425 1582 ἀπέλυσεν
3468 1525 3562 1581 τοῦ

314 1617 621 1689 ἀφορισμοῦ
646 1619 772 1682 τοὺς
796 1617 898 1672 δύο
935 1617 1228 1687 ἀδελφούς·
1256 1617 1332 1681 ὡς
1368 1619 1432 1671 ἐκ
1470 1616 1659 1671 τούτου
1702 1616 1885 1670 λοιπὸν
1921 1615 2137 1682 ἐγένετο
2164 1614 2306 1688 λύπη
2343 1618 2552 1689 μεγάλη
2584 1617 2784 1689 μεταξὺ
2819 1616 3073 1686 Θεοφίλου
3100 1619 3185 1672 καὶ
3223 1619 3489 1674 Ἰωάννου.

382 1713 505 1770 ΞΝ.
537 1713 671 1768 Κατ’
714 1716 919 1768 ἐκεῖνον
959 1713 1017 1767 δὲ
1059 1713 1148 1767 τὸν
1190 1713 1378 1785 καιρὸν
1415 1709 1484 1785 ἦν
1533 1711 1891 1783 συγκλητικὸς

2070 1708 2205 1766 th.
2236 1711 2362 1766 Fuit
2405 1722 2586 1768 antem
2620 1713 2910 1784 aliquando
2957 1713 3038 1766 vir
3081 1714 3300 1783 quidam
3342 1724 3558 1770 senato-

313 1821 399 1867 τις
430 1803 570 1874 ἀνὴρ
598 1802 833 1873 ’ὀνόματι
868 1802 1240 1871 Θεόγνωστος·
1271 1793 1426 1865 οὗτος
1460 1801 1783 1873 Χριστιανὸς
1813 1799 1888 1855 ὢν
1997 1801 2133 1868 rins,
2170 1803 2388 1858 nomine
2416 1801 2815 1875 Theognostus.
2849 1802 2950 1859 ilic
2981 1818 3105 1859 cum
3134 1812 3278 1859 esset
3304 1804 3563 1860 Christia-

315 1890 459 1965 εἶχεν
490 1893 581 1948 τὸν
626 1893 789 1963 φόδον
815 1893 910 1946 τοῦ
945 1890 1083 1947 Θεοῦ
1119 1891 1514 1955 ἀδιαλείπτως,
1543 1893 1638 1954 καὶ
1660 1888 1883 1960 ἀγαπῶ·
1921 1872 1959 1928 Β
1989 1904 2125 1956 nus,
2176 1890 2364 1946 hahuit
2410 1892 2627 1946 assidue
2672 1892 2921 1947 timorem
2966 1889 3058 1947 Dei
3109 1902 3235 1947 ante
3270 1893 3477 1958 oculos,
3505 1903 3562 1949 et

316 2001 478 2056 μενος
503 1984 608 2037 ὑπὸ
635 1983 730 2038 τοῦ
749 1983 1046 2054 βασιλέως.
1079 1982 1273 2047 Ἄλλος
1303 1982 1361 2036 δέ
1394 1999 1477 2046 τις
1507 1977 1573 2052 ἦν
1602 1982 1696 2035 καὶ
1723 1980 1885 2044 αὐτὸς

312 2075 412 2148 τῆς
439 2074 772 2150 συγκλήτου,
814 2073 1090 2147 Δωρόθεος
1114 2073 1470 2144 καλούμενος.
1505 2069 1614 2128 Ἦν
1643 2073 1701 2126 δὲ
1732 2067 1885 2136 οὗτος

310 2166 610 2238 Ἀρειανός.
637 2159 803 2230 Οὗτος
831 2166 1207 2236 κατηγόρησεν
1233 2162 1600 2233 Θεογνώττου,
1626 2164 1709 2216 ὅτι
1741 2163 1886 2231 ὔὸρι»

313 2273 406 2311 σεν
432 2256 524 2311 τὸν
548 2256 792 2327 βασιλέα·
829 2257 925 2311 καὶ
951 2256 1043 2311 δύο
1074 2257 1354 2330 μάρτυρας
1377 2253 1591 2325 ψευδεῖς
1613 2254 1886 2328 παρέστη-

312 2363 426 2412 σεν,
456 2349 551 2403 καὶ
594 2347 812 2421 ἤλεγξεν
850 2349 939 2403 τὸν
984 2349 1328 2418 Θεόγνωστον
1382 2346 1523 2400 κατὰ
1574 2346 1881 2417 πρόσωπον.

285 2484 291 2490 .
322 2436 388 2493 Ὁ
416 2435 508 2493 οὖν
535 2439 780 2509 βασιλεὺς
807 2440 1081 2504 Θεοδόσιος
1109 2439 1395 2492 ἐκέλευσεν
1424 2437 1516 2490 τὸν
1543 2437 1883 2505 Θεόγνωστον

321 2528 663 2598 ἐξορισθῆναι
680 2574 692 2592 ,
723 2531 818 2582 καὶ
866 2530 935 2582 τὰ
978 2530 1274 2602 πράγματα
1317 2529 1480 2582 αὑτοῦ
1528 2527 1880 2598 δημευθῆναι.

1988 1979 2318 2050 diligebatur
2362 1982 2430 2036 ah
2470 1983 2812 2053 imperatore.
2860 1982 2989 2037 Erat
3033 1992 3212 2038 autem
3258 1984 3428 2051 aliuS,
3463 1986 3558 2056 qui

1988 2069 2103 2140 ipse
2134 2086 2353 2141 qunque
2383 2083 2500 2128 erat
2544 2075 2751 2130 ordinis
2798 2073 3089 2140 senatorii,
3122 2073 3425 2132 Dorotheus
3458 2092 3559 2130 no·-

1986 2162 2155 2228 mine,
2206 2162 2463 2220 Arianus.
2511 2163 2563 2221 ls
2613 2167 2889 2222 accusavit
2933 2164 3362 2236 Theognostum,
3412 2168 3557 2238 quod

1987 2252 2369 2324 imperatorem
2425 2255 2695 2312 affecisset
2740 2255 3067 2312 contumelia
3122 2274 3137 2311 ε
3194 2264 3248 2311 et
3304 2256 3559 2326 produxit

1985 2342 2124 2397 duos
2177 2342 2348 2398 salsos
2401 2352 2606 2408 testes,
2662 2344 2756 2414 qui
2816 2353 3139 2415 praesentem
3208 2344 3559 2413 convicerunt

1986 2431 2429 2503 Theognostum,
2459 2436 2603 2505 quod
2636 2437 2968 2491 contumelia
3003 2435 3271 2491 affecisset
3318 2436 3556 2507 impera-

1983 2533 2185 2582 torem.
2222 2522 2526 2594 imperator
2555 2527 2741 2595 itaque
2774 2526 3040 2582 Arcadius
3075 2524 3242 2595 jussit
3268 2525 3555 2596 Theogon-

1980 2624 2131 2669 stum
2168 2613 2419 2683 relegari,
2448 2625 2502 2670 et
2533 2615 2674 2670 hona
2701 2615 2821 2685 ejus
2859 2615 3145 2687 publicari.
3171 2612 3341 2670 Uxori
3372 2624 3552 2670 autem

328 2619 582 2689 Ἐμιινεν
611 2610 667 2670 δὲ
697 2621 763 2690 τῇ
807 2622 1025 2689 γυναικὶ
1063 2619 1404 2688 Θεογνώστου
1443 2619 1508 2672 ἓν
1540 2621 1879 2690 προαστεῖον,

1985 2704 2318 2776 'theognosti
2347 2706 2549 2760 mansit
2578 2720 2742 2760 unum
2776 2706 3171 2772 suburbanum,
3201 2720 3267 2761 ex
3312 2720 3424 2776 quo
3452 2706 3553 2760 ha·

317 2707 380 2774 ἐξ
404 2701 468 2762 οὗ
493 2707 595 2779 τὴν
621 2708 936 2781 ἀποτροφὴν
969 2705 1132 2780 εἶχεν.
1156 2707 1528 2780 Ἐτελεύτησεν
1548 2709 1610 2761 δὲ
1637 2707 1882 2776 Θεόγνω-

310 2815 436 2863 στος
462 2796 776 2871 ὠςῦπῆγεν
801 2801 863 2853 ἑν
886 2800 1090 2871 ἐξορίᾳ.
1118 2799 1231 2871 Τῆς
1257 2791 1347 2853 οὗν
1376 2799 1690 2870 βασιλίσσης
1722 2799 1884 2852 Esto·
1985 2795 2145 2850 hebat
2174 2796 2513 2859 alimentum.
2550 2796 2791 2852 Decessit
2823 2796 3223 2868 Theognostns,
3257 2813 3380 2852 cum
3410 2806 3555 2855 esset

308 2892 427 2960 ξίας
451 2891 776 2965 ἐξελθούσης
803 2893 930 2948 ποτε
957 2895 1016 2947 ἐν
1040 2890 1121 2964 τῷ
1145 2892 1448 2966 προκένσῳ,
1474 2892 1552 2962 τῷ
1582 2890 1756 2963 καιρῷ
1786 2891 1880 2944 τοῦ
1984 2886 2040 2939 in
2085 2885 2299 2940 exsilio.
2352 2877 2594 2940 Eudoxia
2641 2895 2819 2941 autem
2871 2887 3164 2957 aliquando
3210 2901 3430 2958 egressa
3483 2887 3552 2941 ad

308 2983 600 3058 τρυγητοῧ,
632 2984 756 3039 ἔνθα
784 2980 852 3057 ἦν
877 2984 938 3038 τὺ
975 2986 1298 3056 προαστεῖον
1324 2983 1425 3054 τῆς
1466 2983 1721 3051 γυναικὸς
1749 2984 1880 3036 Oeo-
1981 2975 2333 3040 vindemiam,
2369 2983 2494 3031 cum
2526 2990 2693 3047 prope
2732 2990 2850 3031 eam
2881 2985 3021 3033 esset
3054 2978 3359 3047 possessio,
3389 2987 3445 3032 et
3468 2977 3549 3030 vi-

306 3074 568 3145 γνὼστου,
601 3076 699 3129 οὐκ
730 3071 849 3129 οἶδα
889 3073 1032 3128 κατὰ
1072 3073 1234 3128 ποίαν
1274 3073 1452 3127 αἰτίαν
1478 3072 1791 3127 εἰσελθοῦσα
1822 3074 1879 3127 ὲν
1982 3068 2052 3123 tis
2102 3066 2412 3122 suburbana
2449 3067 2637 3122 uxoris
2668 3067 3031 3140 Theognosti,
3082 3068 3267 3124 nescio
3312 3084 3549 3139 quanam

303 3162 382 3237 τῷ
422 3165 706 3238 ἀμπελῶνι
749 3165 852 3235 τῆς
894 3163 1150 3234 γυναικὸς
1197 3165 1230 3233 ἢ
1282 3161 1567 3233 βασίλισσα
1608 3162 1879 3232 ἀπέτεμεν
1905 3195 1950 3255 C
1983 3158 2050 3211 de
2076 3172 2261 3224 causa,
2295 3172 2419 3214 cum
2448 3170 2666 3228 egressa
2694 3165 2837 3214 esset
2863 3157 2930 3215 de
2963 3160 3119 3214 vinca
3151 3174 3273 3223 sua,
3306 3161 3547 3229 ingressa

299 3255 402 3310 ἕνα
426 3254 642 3330 βότρυν.
684 3251 862 3308 Εἶπαν
903 3254 961 3307 δέ
991 3270 1135 3316 τινες
1165 3252 1273 3306 τῶν
1301 3250 1666 3323 παρεστώτων
1689 3254 1753 3323 τῇ
1784 3251 1880 3322 βα·
1981 3255 2065 3302 est
2096 3246 2308 3302 vineam
2342 3249 2531 3304 uxoris
2561 3246 2910 3318 Theognosti,
2946 3257 3001 3304 et
3033 3250 3248 3304 hotrum
3282 3251 3546 3304 exsecuit.

313 3346 551 3418 σιλίσση·
578 3346 878 3409 Δέσποινα,
905 3343 1180 3416 ἀλλότριός
1207 3343 1357 3396 ἐστιν
1385 3345 1413 3396 ό
1443 3339 1701 3412 ἀμπελὼν
1720 3382 1734 3405 ,
1759 3341 1880 3395 ὃθεν
1981 3335 2245 3392 Dixerunt
2277 3347 2456 3392 autem
2484 3338 2649 3409 aliqui
2682 3353 2747 3393 ex
2781 3339 2880 3404 iis,
2916 3339 3008 3408 qni
3039 3338 3364 3394 assistebant
3394 3355 3409 3392 ε
3438 3337 3551 3393 Do-

307 3435 583 3506 ἀπέτεμες
619 3436 714 3488 τὸν
745 3435 958 3506 βότρυν.
996 3433 1157 3496 'Eece
1183 3433 1239 3486 δέ
1274 3432 1411 3487 ὲστν
1431 3433 1545 3494 τοῖς
1573 3430 1880 3502 βασιλεῦσιν
1982 3429 2149 3492 mina,
2182 3429 2403 3484 secuisti
2432 3428 2647 3484 hotrum
2682 3428 2870 3484 alienae
2898 3428 3085 3482 vineae.
3120 3427 3236 3484 Mos
3262 3437 3346 3485 est
3371 3429 3544 3499 impe·

302 3528 400 3581 καὶ
437 3529 558 3590 ταῖς
602 3523 967 3596 βασιλίσσαις,
1016 3523 1121 3578 κᾶν
1163 3522 1301 3578 πόδα
1342 3522 1629 3591 ἐπενέγκοι
1664 3523 1744 3585 εἰς
1783 3521 1880 3594 τὴν
1981 3518 2256 3572 rator-ihus
2286 3527 2341 3572 et
2387 3517 2841 3588 imperatricibus,
2872 3519 2919 3573 si
2955 3519 3039 3574 vel
3086 3518 3272 3588 pedem
3301 3519 3545 3575 intulerit

307 3616 608 3689 ἀλλοτρίαν,
637 3615 740 3671 κᾶν
773 3615 981 3689 καρπὸν
1024 3613 1177 3669 λάὸοι
1206 3613 1316 3668 ἀπό
1352 3630 1496 3678 τινος
1528 3611 1636 3667 τῶν
1681 3612 1881 3684 καρπί-

305 3725 421 3779 μων
463 3707 656 3776 ξύλων,
702 3707 899 3778 μηκέτι
933 3705 1089 3761 ἀλλον
1131 3703 1255 3758 τινά
1289 3703 1651 3770 ὲξουσιάζειν.
1699 3703 1874 3775 ἀλλ’ἢ

305 3797 395 3852 τὸν
437 3798 684 3870 βασιλέα.
708 3797 1016 3851 Ἀκούσασα
1046 3795 1115 3863 δὴ
1151 3787 1188 3864 ἦ
1229 3795 1368 3865 γυνὴ
1399 3794 1762 3862 Θεογνώστου,
1793 3796 1876 3849 ὅτι

290 3890 633 3958 ,ἀπεσπάσθη
680 3891 710 3941 ό
752 3887 923 3958 ἀγρδς
971 3884 1164 3950 αὑτῆς,
1207 3882 1445 3953 ἔγραψεν
1485 3886 1565 3951 είς
1603 3885 1873 3957 δίπτυχον,

310 3979 406 4028 καὶ
433 3977 755 4029 ἀπέστειλεν
801 3970 939 4043 πρὸς
989 3970 1262 4042 Ἰωάννην.
1295 3967 1405 4027 Ἦν
1441 3972 1548 4046 γάρ
1580 3974 1875 4048 ἀγαπώμε-

316 4079 405 4123 νος
452 4061 657 4129 σφόδρα
689 4059 793 4113 ὑπὸ
831 4058 922 4113 τοῦ
967 4058 1232 4130 βασιλέως
1274 4061 1367 4116 καὶ
1409 4063 1505 4134 τῆς
1536 4063 1870 4139 βασιλίσσης.

320 4149 518 4206 Μαθὼν
547 4147 644 4204 οὖν
674 4149 853 4203 ’ταῦτα
893 4151 922 4204 ό
958 4150 1208 4222 Ἰωάννης
1239 4151 1551 4209 ἀπέστειλεν
1589 4155 1677 4210 τὸν
1715 4158 1872 4228 ἀρχι-

317 4237 551 4292 διάκονον
577 4237 760 4303 αὑτοῦ,
789 4237 956 4310 ἄνδρα
979 4239 1158 4309 λόγιον
1180 4241 1273 4294 καὶ
1304 4242 1449 4314 ὀρθῷ
1476 4244 1573 4316 βίῳ
1601 4262 1873 4318 κεκοσμη-

315 4326 488 4398 μένον.
520 4327 594 4380 Τὸ
622 4326 679 4381 δὲ
706 4325 874 4397 ὄνομα
913 4326 1077 4382 αὑτοῦ
1123 4327 1365 4382 ἐκαλεῖτο
1394 4328 1649 4402 Εὔτυχος.
1675 4331 1872 4402 Εἰσῆλ-

308 4417 399 4472 θεν
427 4413 517 4474 οὗν
548 4417 789 4488 Εὔτυχος
826 4418 960 4489 πρὸς
987 4418 1089 4489 τὴν
1132 4416 1461 4489 βασίλισσαν,
1497 4424 1594 4476 καὶ
1618 4421 1868 4492 διελέχθη

1978 3607 2032 3662 in
2063 3620 2262 3663 tertam
2314 3609 2544 3664 alienam
2566 3648 2583 3676 ,
2625 3619 2680 3664 et
2707 3610 2752 3665 si
2790 3609 3023 3664 fructum
3057 3611 3326 3679 acceperit
3350 3624 3418 3665 ex
3447 3610 3545 3664 ali·

1978 3715 2087 3770 qno
2113 3715 2178 3755 ex
2211 3701 2278 3756 iis
2312 3716 2433 3771 quae
2475 3699 2710 3756 fructum
2740 3700 2940 3764 ferunt,
2974 3708 3032 3755 ut
3081 3700 3261 3756 nullus
3306 3701 3443 3755 alius
3487 3701 3542 3754 in

1976 3804 2038 3844 ea
2074 3798 2395 3859 potestatem
2445 3791 2657 3856 haheat,
2699 3791 2801 3844 nisi
2846 3774 3160 3860 imperator.
3192 3788 3325 3845 Cnm
3367 3789 3545 3845 Theo·

1977 3882 2154 3951 gnosti
2207 3889 2388 3936 autem
2438 3896 2577 3937 uxor
2623 3881 2913 3948 audiisset,
2961 3880 3105 3952 quod
3151 3895 3284 3937 suus
3316 3897 3446 3950 ager
3472 3881 3542 3937 ah

1975 3988 2038 4027 ea
2072 3975 2143 4029 sit
2176 3973 2427 4039 avulsus,
2462 3973 2515 4028 id
2547 3972 2764 4044 scripsit
2812 3972 2865 4027 in
2898 3973 3251 4045 pugillaribus
3273 4013 3286 4040 ,
3314 3982 3366 4028 et
3394 3972 3543 4027 misit

1976 4064 2041 4119 ad
2092 4062 2376 4121 «loannem.
2429 4063 2596 4119 Valde
2649 4062 2794 4118 enim
2853 4062 3135 4118 amabatur
3182 4060 3420 4117 ‹loannes
3470 4062 3540 4116 ah

1976 4155 2300 4226 imperatore
2342 4165 2397 4211 et
2442 4155 2509 4212 ab
2538 4155 2899 4226 imperatrice.
2940 4153 3074 4210 Cum
3106 4155 3222 4210 haec
3262 4153 3538 4209 didicisset

1972 4245 2229 4313 Joannes,
2268 4247 2417 4302 misit
2458 4246 3115 4319 suumarcltidiaconum,
3146 4246 3319 4302 virum
3353 4245 3539 4300 erudi·

1974 4343 2107 4404 tum,
2137 4345 2191 4392 et
2238 4345 2383 4391 recta
2432 4337 2536 4390 vita
2585 4336 2887 4406 praeditum.
2935 4333 3138 4389 Nomen
3189 4344 3367 4390 autem
3415 4335 3535 4404 rjus

1960 4402 2268 4482 ‘vocabatur
2298 4426 2594 4498 Eutychus.
2637 4426 2920 4498 ingressus
2947 4433 3126 4481 autem
3156 4423 3429 4497 Eutychus
3466 4427 3533 4481 ad

305 4509 438 4581 αὐτῇ
471 4507 612 4564 κατὰ
655 4507 753 4580 τὴν
783 4509 1082 4580 ἐπιτροπὴν
1110 4508 1376 4564 Ἰωάννου.
1406 4507 1574 4565 Εἶπεν
1611 4511 1728 4582 δὲή
1767 4510 1858 4582 βα·
1899 4521 1943 4576 D
1973 4514 2365 4585 imperatricem
2392 4555 2407 4581 ,
2460 4531 2582 4571 cum
2642 4531 2703 4571 ea
2773 4515 3027 4571 disseruit
3074 4514 3231 4586 jussu
3284 4513 3526 4571 Ioannis.

306 4599 515 4654 σίλισσα
540 4599 675 4671 πρὸς
704 4599 797 4652 τὸν
831 4598 1089 4671 Εὔτυχον,
1122 4601 1201 4655 ὅτι
1221 4619 1234 4633 ·
1274 4601 1463 4672 Νόμος
1495 4602 1642 4654 ἐστὶν
1682 4594 1865 4665 οὗτος·

303 4691 435 4743 ὅπου
482 4689 538 4743 δὲ
585 4688 852 4759 βούλεται,
880 4692 960 4753 εἰς
998 4689 1162 4760 ἄλλην
1206 4691 1471 4762 ἐπαρχίαν
1492 4690 1699 4760 δίδωμι
1728 4691 1864 4762 αὐτῇ

304 4782 520 4855 χωρίον.
580 4781 839 4848 Ἐξελθὼν
888 4782 946 4836 δὲ
1005 4782 1035 4834 ὀ
1089 4780 1324 4852 Εὔτυχος
1342 4821 1357 4844 ,
1411 4781 1729 4852 ἀνήγγειλεν
1788 4781 1866 4853 τῷ

300 4873 525 4948 Ἰωάννῃ
563 4876 686 4938 τοὺς
722 4873 913 4943 λόγους
948 4873 1048 4943 τῆς
1090 4871 1424 4943 βασιλίσσης.
1468 4873 1765 4945 Ἐπορεύθη
1807 4872 1864 4926 δὲ

302 4967 554 5038 Ἰωάννης
598 4966 656 5020 ὲν
692 4963 769 5035 τῷ
795 4965 1027 5037 ταμιείῳ
1057 4963 1135 5034 τῷ
1165 4963 1457 5034 βασιλικῷ,
1489 4964 1582 5018 καὶ
1614 4961 1765 5019 εἶπεν
1795 4966 1861 5034 τῇ

303 5059 614 5129 βασιλίσσῃ·
656 5056 881 5119 ’Δπόδος
919 5056 1011 5111 τὸν
1058 5055 1225 5127 ἀγρὸν
1258 5055 1356 5125 τῆς
1386 5055 1580 5126 χήρας.
1612 5052 1780 5110 Εἶπεν
1806 5056 1863 5109 δὲ

300 5153 334 5221 ἡ
361 5150 640 5221 βασίλισσα
686 5147 764 5220 τῷ
801 5148 1051 5220 Ἰωάννῃ·
1087 5148 1262 5213 Μάθε,
1302 5147 1502 5219 Πάτερ,
1534 5148 1630 5218 τὴν
1660 5147 1858 5214 αἰτίαν,

299 5241 391 5294 καὶ
409 5240 528 5293 τότε
553 5240 801 5308 ὲπάγαγε
830 5239 928 5310 τὴν
956 5238 1265 5311 ὲπιόουλὴν,
1291 5238 1356 5309 ἦν
1380 5237 1557 5306 λέγεις
1574 5239 1654 5292 ὅτι
1677 5239 1863 5312 ἐποίη-

298 5344 368 5380 σα
397 5330 464 5398 τῇ
495 5328 656 5397 χήρᾳ.
701 5323 866 5379 Εἶπεν
913 5326 971 5380 δὲ
1009 5327 1168 5382 πάλιν
1196 5329 1228 5397 ἠ
1265 5326 1549 5398 βασίλισσα
1573 5326 1651 5397 τῷ
1679 5327 1861 5382 Ἰωάν-

295 5434 365 5488 νη
384 5432 398 5446 ·
451 5416 543 5487 Μὴ
596 5416 835 5489 ἐλέγχειν
889 5418 1009 5472 θέλε
1063 5417 1206 5472 κατὰ
1256 5417 1545 5490 πρόσωπον
1599 5417 1856 5488 βασιλεῖς.

295 5499 469 5558 Είπεν
494 5505 551 5558 δὲ
576 5506 829 5579 Ἰωάννης
846 5524 859 5539 ·
889 5507 997 5561 Καὶ
1026 5497 1290 5561 πάλινσοὶ
1318 5506 1480 5575 λέγω·
1518 5508 1739 5571 Ἀπόδος
1769 5510 1860 5563 τὸν

294 5594 469 5664 ἀγρὸν
499 5595 596 5666 τῆς
620 5598 813 5668 χήρας.
847 5599 1124 5662 Ἤκουσας
1157 5597 1271 5662 πῶς
1302 5599 1669 5668 στηλιτεύεται
1698 5600 1861 5665 Ἰεζά-

295 5686 414 5748 set,
451 5686 543 5739 καὶ
577 5687 737 5758 μέχρι
782 5689 1020 5761 σήμερον
1053 5690 1157 5742 ὐπὸ
1183 5690 1279 5760 τῆς
1326 5689 1473 5754 θείας
1516 5690 1734 5762 Γραφῆς
1760 5691 1855 5745 δα·

291 5776 740 5833 κτυλοδεικτεῖται
766 5779 857 5831 ἐπὶ
883 5778 1038 5849 κακῷ
1065 5779 1130 5833 δι’
1153 5780 1445 5846 ἀμπελῶνα
1468 5781 1614 5834 ὁσίου
1643 5784 1853 5851 ἀνδρός.

1972 4603 2117 4660 Dixit
2162 4621 2291 4661 vero
2328 4607 2638 4676 imperatrix
2687 4606 2973 4677 Eutycho:
3007 4606 3132 4660 llaec
3167 4615 3251 4662 est
3303 4607 3385 4661 lex
3442 4622 3526 4663 re·

1970 4696 2053 4765 gia
2088 4713 2101 4748 z
2133 4697 2441 4768 ubicunqne
2479 4706 2658 4751 autem
2689 4697 2816 4751 velit
2845 4697 2898 4750 in
2934 4696 3041 4751 alia
3065 4698 3360 4764 provincia,
3390 4699 3528 4753 daho

1967 4788 2015 4841 ei
2052 4789 2332 4858 praedium.
2360 4787 2623 4860 Egressus
2650 4787 2945 4858 Eutychus,
2971 4787 3310 4842 annuntiavit
3331 4787 3527 4843 loanni

1967 4878 2130 4933 veiha
2182 4879 2562 4949 imperatricis.
2602 4879 2700 4935 lrit
2747 4886 2927 4934 autem
2978 4877 3216 4934 loannes
3248 4875 3305 4931 in
3346 4879 3524 4934 aulam

1966 4970 2189 5047 regiam,
2217 4980 2271 5026 et
2299 4972 2433 5028 dixit
2464 4970 2788 5041 imperatrici
2819 4989 2831 5025 :
2866 4969 3050 5027 Redde
3096 4980 3282 5042 agrum
3329 4971 3523 5027 vidum.

1965 5056 2110 5112 Dixit
2140 5057 2335 5113 Joanni
2381 5059 2692 5129 imperatrix
2727 5080 2740 5116 ε
2770 5059 2962 5125 Pater,
3008 5059 3154 5114 disce
3189 5074 3430 5122 causam,
3471 5068 3527 5114 et

1963 5160 2093 5204 tune
2123 5150 2336 5206 intende
2378 5151 2605 5217 crimen,
2634 5153 2777 5222 quod
2812 5167 2898 5205 me
2928 5148 3067 5205 dicis
3093 5149 3432 5206 commisisse
3466 5149 3520 5204 in

1963 5241 2199 5296 viduam.
2251 5241 2397 5297 Dixit
2446 5253 2624 5319 autem
2677 5257 2871 5297 rursus
2917 5240 3151 5295 loannes
3191 5256 3205 5295 :
3251 5239 3370 5297 Dixi
3404 5241 3522 5305 tihi,

1961 5329 2144 5387 Redde
2174 5333 2334 5386 vitem
2371 5334 2565 5388 viduae.
2600 5332 2740 5386 Dixit
2774 5331 3085 5400 imperatrix
3116 5328 3311 5388 soanni
3338 5351 3352 5387 ι
3378 5332 3521 5399 Noli,

1960 5421 2120 5476 Pater
2144 5420 2400 5490 «loannes,
2433 5423 2538 5477 noli
2568 5422 2645 5476 sic
2679 5436 2863 5477 coram
2895 5435 3120 5492 arguere
3146 5422 3519 5493 imperatores.

1959 5510 2103 5565 Dixit
2152 5511 2436 5567 Joannes:
2479 5511 2689 5568 Rursus
2731 5513 2853 5567 dico
2903 5511 2998 5567 tihi
3049 5529 3062 5565 :
3103 5511 3284 5567 Redde
3333 5528 3519 5581 agrum

1960 5590 2154 5657 vi'duae.
2190 5603 2473 5665 Audit-isti,
2502 5612 2703 5671 quanta
2739 5611 2952 5658 notetur
2983 5603 3275 5672 ignominia
3301 5602 3516 5656 Jezalwl

1958 5701 2177 5760 propter
2227 5693 2457 5756 vineam,
2503 5701 2557 5746 et
2590 5708 2762 5763 usque
2809 5693 2862 5747 in
2917 5694 3234 5748 hodiernum
3285 5693 3426 5747 diem
3462 5708 3516 5747 tn

1962 5784 2163 5839 malum
2212 5784 2379 5852 digito
2430 5785 2778 5853 ostendatur,
2828 5796 3045 5856 propter
3079 5785 3290 5839 vineam
3344 5783 3516 5840 sancti
