3850 6517
184 528 289 584 337

787 523 1154 580 ADVERSUS
1191 524 1532 580 nAEttESES
1556 525 1686 581 ΗΒ.
1723 527 1761 584 l.
1802 525 1970 584 Tou.
2008 528 2076 582 n.
2118 558 2185 570 —
2218 527 2491 584 HAERES.
2532 529 2721 586 XXVl.

3318 532 3428 589 558

187 638 459 696 καλοῦσιν.
517 637 664 692 ἄλλοι
711 637 766 690 δὲ
812 637 1172 710 Βαρόηλίτας.
1224 638 1413 708 Ὅμως
1464 640 1587 692 ἐπεὶ
1638 639 1760 693 οὐδὲ
1787 647 1832 705 Α
1864 639 2103 694 muniter
2133 647 2319 709 queat.
2358 641 2531 707 Quam
2563 643 2632 697 ob
2658 658 2881 698 causam
2909 644 3004 714 qui
3034 642 3296 699 cumillis
3319 643 3433 697 ba-

184 729 472 795 παρελθεῖν
527 730 820 800 δυνήσομαι
874 729 970 782 ὅλα
995 770 1009 795 ,
1069 727 1453 800 ἀναγκάζομαι
1501 729 1755 794 ἐξειπεῖν.

196 822 418 893 Ἐπειδὴ
461 822 554 876 καὶ
596 824 624 875 δ
656 822 810 890 ἅγιος
842 820 1081 893 Μωῦσῆς
1113 820 1222 874 ἀπὸ
1256 822 1570 892 Πνεύματος
1601 822 1758 893 ἀγίου

182 910 591 984 ἐμφορούμενος
621 911 851 982 γράφει,
878 910 960 962 ὅτι
981 952 995 972 ,
1045 910 1168 964 Ἐάν
1194 928 1277 975 τις
1316 910 1400 982 ἴδῃ
1436 911 1594 980 φόνον
1620 953 1635 977 ,
1665 912 1760 966 καὶ

186 1003 261 1074 μὴ
302 1000 597 1072 ἀναγγείλῃ
615 1040 630 1065 ,
671 999 1073 1071 ἐπικατάρατος
1099 1002 1128 1054 ὁ
1154 999 1391 1063 τοιοῦτος
1417 1000 1522 1072 εἴη.
1558 1001 1758 1073 Διόπερ

180 1091 244 1144 ού
277 1091 507 1162 δύναμαι
547 1090 735 1144 τοῦτον
759 1090 849 1145 τὸν
877 1089 1052 1162 μέγαν
1084 1091 1271 1161 φόνον,
1320 1092 1415 1145 καὶ
1450 1093 1550 1164 τὴν
1587 1093 1757 1164 μεγά-

183 1183 280 1249 λην
313 1183 510 1254 ταύτην
534 1182 742 1256 φονὼδη
771 1183 1035 1256 ἐργασίαν
1061 1183 1370 1256 παρελθεῖν,
1401 1184 1495 1239 καὶ
1517 1186 1636 1255 οὐχὶ
1657 1184 1755 1258 δη·-

182 1273 289 1327 λῶν
333 1273 587 1346 δηλῶσαι.
633 1272 911 1344 Δηλὼσας.
934 1273 1042 1347 γὰρ
1084 1275 1224 1346 τάχα
1263 1278 1375 1339 τοῖς
1412 1280 1649 1340 συνετοῖς
1694 1277 1756 1331 τὸ

184 1368 381 1439 πτῶμα
417 1366 608 1433 τοῦτο,
647 1366 835 1441 ὥσπερ
874 1368 936 1423 τὸ
982 1367 1158 1439 φρέαρ
1196 1366 1295 1438 τῆς
1325 1367 1631 1434 ἀπωλείας,
1661 1368 1757 1438 φό-

181 1460 275 1512 6ον
301 1460 396 1513 καὶ
425 1456 606 1531 φρίξιν
633 1459 938 1530 ὲμποιήσω,
971 1461 1052 1524 είς
1075 1458 1136 1512 τὸ
1167 1458 1242 1530 μὴ
1274 1459 1432 1530 μόνον
1455 1459 1754 1530 ἀποδρᾶναι

179 1553 307 1614 τοὺς
337 1550 610 1615 συνετοὺς,
649 1549 784 1604 ἀλλὰ
815 1550 909 1604 καὶ
943 1549 1299 1604 καταλιθάσαι
1329 1549 1419 1604 τὸν
1449 1553 1509 1604 ἐν
1544 1550 1621 1622 τῷ
1659 1549 1753 1622 βα-

183 1639 369 1711 ράθρῳ
401 1637 589 1694 τοῦτον
636 1639 847 1694 σκολιὸν
892 1639 1015 1709 δφιν
1052 1640 1146 1693 καὶ
1180 1638 1523 1710 βασιλίσκον,
1572 1641 1652 1703 εἰς
1695 1640 1757 1694 τὸ

182 1727 320 1799 μηδὲ
372 1726 668 1801 πλησιάσαι
703 1726 828 1781 τινὰ
874 1726 1097 1798 τολμᾷν.
1147 1725 1253 1781 Καὶ
1295 1725 1468 1780 ταῦτα
1520 1727 1618 1797 μὲν
1652 1726 1754 1798 ’ήδη

181 1819 308 1892 περὶ
335 1818 514 1875 αὐτῶν
542 1818 826 1893 εἰρημένα,
866 1816 1022 1888 ὀλίγα
1050 1816 1173 1873 τινὰ
1207 1819 1358 1885 ὄντα,
1385 1819 1443 1872 ἐν
1484 1818 1638 1891 μέρει
1667 1834 1756 1872 τε·

179 1909 383 1982 τάχθω.

1860 730 2060 796 bitant,
2124 731 2274 786 velut
2327 747 2357 785 a
2423 733 2705 787 communi
2761 736 3040 789 consortio
3105 741 3430 806 segregatos

1858 832 2134 896 putantes,
2167 824 2478 882 Coddianos
2518 827 2881 897 appellarunt.
2932 827 3095 883 lidem
3131 842 3297 898 porro
3325 825 3424 880 tti-

1860 917 2049 973 litares
2077 917 2131 972 in
2161 915 2421 989 AEffl'pto,
2442 934 2505 972 ac
2528 917 2849 974 Pliibionitae
2877 925 3008 974 sunt
3031 918 3187 979 dicti.
3218 918 3285 973 de
3314 931 3422 986 qua

1859 1024 1920 1064 re
1972 1008 2222 1064 nonnihil
2269 1014 2429 1065 antea
2473 1009 2928 1081 significavimus.
2979 1007 3120 1063 Sunt
3160 1009 3253 1078 qui
3289 1008 3420 1062 zac-

1856 1099 2039 1156 cbaeos
2065 1107 2283 1162 vocent,
2314 1099 2406 1155 alii
2439 1098 2764 1157 Batbelitas.
2796 1098 3091 1155 Enimvero
3122 1112 3247 1153 cum
3297 1099 3420 1151 uni-

1856 1203 2014 1243 versa
2045 1190 2459 1254 praetermittere
2505 1205 2793 1261 nequeam,
2821 1190 3082 1247 nonnulla
3108 1202 3420 1245 necessario

1861 1278 1929 1334 de
1959 1278 2067 1335 illis
2095 1279 2410 1350 attingenda
2456 1289 2607 1337 sunt.
2644 1279 2783 1335 Nam
2831 1288 2886 1336 et
2932 1288 3161 1338 sanctus
3207 1277 3419 1350 Moyses

1858 1371 2031 1427 divini
2055 1370 2293 1442 Spiritus
2326 1372 2508 1427 affiatu
2540 1373 2795 1444 scripsit:
2824 1371 2882 1427 Si
2909 1372 3037 1441 quis
3066 1369 3418 1442 parricidium

1855 1459 2077 1525 viderit,
2106 1476 2207 1517 nec
2236 1461 2667 1526 denuntiaverit,
2685 1461 3044 1518 exsecrabilis
3071 1468 3211 1516 esto.
3238 1459 3422 1527 Quare

1853 1565 1964 1605 non
2009 1567 2235 1622 possum
2293 1553 2570 1624 ingentem
2628 1552 2776 1608 illam
2821 1551 3023 1608 caedem
3074 1566 3141 1607 ac
3184 1549 3420 1620 parrici—

1853 1638 1999 1695 diale
2030 1639 2249 1697 facinus
2277 1642 2723 1712 praetermittere:
2755 1656 2865 1696 non
2895 1656 3146 1711 possum,
3173 1641 3417 1711 inquam.

1856 1728 1992 1784 illud
2013 1744 2122 1785 non
2142 1730 2370 1785 omnino
2400 1729 2673 1801 detegere.
2710 1727 2990 1786 Fortassis
3017 1729 3161 1784 enim
3196 1729 3242 1785 si
3283 1744 3421 1798 prae-

1855 1819 2078 1890 cipitem
2120 1818 2264 1874 banc
2308 1819 2544 1883 ruinam,
2603 1819 2753 1874 velut
2794 1819 2949 1874 exitii
3004 1826 3249 1889 puteum,
3290 1834 3419 1889 pru·

1854 1908 2113 1965 dentibus
2145 1909 2459 1974 ostendero,
2488 1918 2691 1965 metum
2736 1908 2806 1966 iis
2855 1923 2919 1965 ac
2956 1916 3219 1965 terrorem
3267 1910 3419 1964 incu-

181 2001 335 2068 tiam,
366 2008 564 2057 utnon
598 2000 756 2056 modo
817 1999 1025 2070 fugiant
1058 1998 1185 2072 ipsi,
1224 1996 1317 2055 sed
1352 2009 1407 2056 et
1446 2006 1757 2055 tortuosum
1798 1999 1952 2054 illum
1986 2001 2044 2055 in
2080 2015 2144 2056 ea
2180 2001 2438 2072 voragine
2462 2009 2772 2073 serpentem
2833 2015 2901 2057 ac
2940 2001 3257 2058 basiliscum
3295 1999 3424 2070 lapi-

180 2091 341 2148 di‘uus
373 2093 626 2157 obruant,
681 2101 738 2147 ut
784 2095 968 2149 nullus
1007 2093 1268 2162 deinceps
1314 2088 1514 2147 audeat
1558 2090 1839 2146 accedere.
1884 2093 2066 2163 Atque
2114 2091 2230 2148 baec
2261 2093 2329 2149 de
2377 2091 2489 2149 illis
2546 2092 2814 2149 hactenus
2864 2091 3011 2146 dicta
3054 2102 3239 2157 sunto,
3282 2106 3422 2162 pau·

180 2199 240 2238 ca
275 2183 342 2239 de
382 2183 588 2250 multis,
621 2190 782 2254 atque
814 2199 878 2239 ex
927 2190 1079 2253 parte
1124 2178 1467 2237 solummodo
1497 2178 1757 2234 delibata.

251 2277 322 2329 Ν·
365 2271 769 2344 Παρέλῑῦσῡμαῑ
803 2272 860 2326 δὲ
887 2273 970 2334 εἷς
1005 2270 1098 2324 τὸν
1139 2265 1287 2324 οἷκον
1314 2268 1412 2323 '²05
1447 2265 1611 2340 βυθοῦ
1647 2267 1748 2339 τῆς
1783 2277 1824 2333 Β
1917 2280 2008 2338 tv.
2049 2281 2204 2339 Nunc
2251 2284 2321 2339 ad
2362 2284 2635 2356 pestiferae
2678 2285 2898 2342 illorum
2942 2286 3214 2342 doctrinm
3266 2286 3415 2342 velut

182 2363 518 2427 θανατώδους
564 2363 743 2417 αὐτῶν
787 2362 1109 2435 διηγήσεως.
1160 2361 1424 2434 Διάφορος
1470 2359 1578 2430 γὰρ
1620 2359 1750 2432 παρ’

187 2454 367 2514 αὐτοῖς
422 2454 454 2522 ή
503 2453 599 2522 τῆς
647 2452 835 2523 ἡδονῆς
884 2449 1066 2506 αὐτῶν
1111 2449 1587 2506 κακοδιδασκαλία.
1631 2450 1754 2504 ’Ότι

1855 2371 2042 2429 sedem
2080 2388 2146 2429 ac
2197 2375 2509 2444 voraginem
2563 2389 2651 2431 me
2696 2375 2999 2433 conseram.
3060 2376 3223 2433 Varia
3269 2380 3420 2434 enim

1856 2463 2003 2535 apud
2054 2464 2175 2520 illos
2216 2463 2442 2521 nefaria
2475 2464 2767 2538 disciplina
2807 2469 3102 2540 voluptatis
3147 2477 3254 2527 est.
3297 2468 3419 2527 Pri·
3531 2464 3540 2508 ’.-

188 2542 402 2613 πρῶτον
435 2543 532 2613 μὲν
559 2545 741 2608 κοινὰς
770 2544 867 2609 τὰς
902 2540 1109 2596 ἑαυτῶν
1134 2546 1394 2611 γυναῖκας
1424 2540 1623 2613 ἔχουσι·
1645 2540 1756 2596 Καὶ
1852 2570 2007 2611 mum
2040 2555 2189 2626 quod
2240 2570 2560 2614 communes
2618 2557 2761 2614 inter
2811 2573 2872 2615 se
2923 2557 3155 2617 feminas
3187 2560 3421 2620 habent.

187 2632 244 2684 εἴ
289 2648 373 2695 τις
408 2628 555 2695 ξένος
585 2632 944 2702 παραγένοιτο
971 2627 1064 2683 τοῦ
1108 2629 1285 2683 αὐτῶν
1325 2629 1623 2701 δόγματος,
1659 2646 1759 2700 ση-

189 2719 338 2791 μεῖόν
366 2721 481 2774 ἐστι
532 2723 659 2792 παρ’
685 2719 871 2786 αὐτοῖς
921 2719 1129 2793 ἀνδρῶν
1172 2717 1306 2790 πρὸς
1346 2720 1636 2788 γυναῖκας,
1666 2719 1759 2774 καὶ

182 2809 454 2879 γυναικῶν
489 2811 622 2882 πρὸς
653 2810 883 2882 ἄνδρας·
926 2813 985 2864 ἐν
1039 2808 1116 2881 τῷ
1161 2809 1423 2863 ἐκτείνειν
1462 2808 1560 2881 τὴν
1604 2811 1762 2881 χεῖρα

183 2901 346 2972 δῆθεν
385 2902 464 2966 είς
492 2903 779 2974 ἀσπασμὸν
812 2900 1162 2957 ὑποκάτωθεν
1192 2900 1292 2971 τῆς
1335 2899 1617 2972 παλάμης,
1651 2903 1761 2972 ψη·-

185 2990 418 3062 λάφησίν
445 3008 564 3046 τινα
595 2990 971 3063 γαργαλισμοῦ
1004 2993 1269 3063 ἐμποιεῖν,
1296 2989 1385 3044 διά
1413 2989 1603 3045 τούτου
1637 2992 1760 3045 ὐπο-

189 3081 484 3152 φαίνοντες,
521 3085 597 3148 ὡς
614 3083 714 3155 τῆς
740 3083 917 3137 αὐτῶν
945 3081 1241 3157 θρησκείας
1268 3083 1416 3138 ἐστὶν
1453 3085 1481 3138 ὁ
1515 3100 1761 3156 παραγε-

185 3174 423 3246 νόμενος.
466 3175 742 3231 Ἐντεῦθεν
772 3175 957 3230 λοιπὸν
987 3174 1299 3244 ἐπιγνόντες
1328 3174 1589 3248 ἀλλήλους
1636 3174 1764 3248 τρέ-

187 3280 376 3317 πονται
425 3263 588 3329 εὐθὺς
632 3265 711 3327 εἰς
748 3263 1008 3317 ἑστίασιν.
1058 3262 1265 3334 Δαψιλῆ
1294 3261 1352 3316 δὲ
1386 3261 1456 3317 τά
1491 3263 1764 3337 ἐδέσματα

190 3352 537 3423 κρεωφαγίας
571 3355 666 3408 καὶ
697 3354 1004 3418 οἱνοποσίας
1035 3352 1426 3426 παρατιθέασι,
1461 3354 1565 3409 κᾶν
1597 3355 1765 3426 πένη·

189 3462 282 3508 τες
326 3440 454 3499 εἷεν.
518 3444 613 3499 Ἐκ
649 3444 836 3498 τούτου
892 3445 950 3499 δὲ
995 3445 1466 3518 συμποσιάσαντες
1490 3486 1505 3509 ,
1546 3447 1641 3500 καὶ
1688 3446 1765 3508 ὡς

188 3538 318 3602 ἔπος
344 3536 541 3600 είπεῖν,
566 3537 667 3602 τάς
697 3536 897 3606 φλέόας
922 3537 1017 3592 τοῦ
1046 3537 1206 3610 κόρου
1234 3538 1610 3610 ἐμπλήσαντες
1636 3538 1766 3591 ἐαυ-

186 3627 294 3682 τῶν
317 3665 334 3692 ,
378 3629 459 3692 είς
488 3622 704 3702 οἶστρον
744 3627 1055 3702 τρέπονται.
1109 3629 1220 3681 Καὶ
1256 3630 1284 3681 ὀ
1335 3627 1433 3699 μὲν
1469 3625 1636 3697 ἀνὴρ,
1665 3625 1768 3695 τῆς
1793 3632 1836 3691 c
1870 3662 2255 3730 distendant,

188 3719 443 3789 γυναικὸς
471 3720 864 3790 ὑποχωρήσας,
891 3720 1091 3788 φάσκει
1123 3717 1298 3784 λέγων
1325 3719 1390 3786 τῇ
1438 3716 1628 3768 ἐαυτοῦ
1667 3730 1766 3783 γυ-

188 3810 354 3875 ναικὶ,
386 3809 739 3870 δτιἈνάστα,
763 3810 957 3875 λέγων,
989 3805 1213 3872 ποίησον
1247 3804 1347 3873 τήν
1375 3802 1596 3871 ἀγάπην
1628 3802 1768 3871 μετὰ

188 3901 284 3957 τοῦ
329 3901 556 3968 ἀδελφοῦ
579 3917 591 3930 ·
622 3900 673 3950 οἱ
709 3898 767 3948 δὲ
809 3897 1036 3955 τάλανες
1065 3892 1316 3961 μιγέντες
1346 3891 1626 3963 ἀλλήλους.
1658 3893 1770 3947 ΚαὶΙ

190 3995 266 4056 ὡς
293 3990 387 4043 ἐπὶ
416 3987 673 4057 ἀληθείας
705 3982 1027 4055 αἰσχύνομαι
1055 3984 1225 4037 εἰπεῖν
1249 3984 1317 4037 τά
1346 3983 1499 4056 παρὰ
1530 3987 1640 4049 τοῖς
1674 3985 1771 4041 αὑ·

194 4085 314 4162 τοῖς
328 4075 528 4147 αἰσχρὰ
552 4072 900 4147 πραττόμενα
934 4072 1076 4128 κατὰ
1107 4073 1197 4128 τὸν
1236 4074 1388 4145 ἅγιον
1429 4076 1766 4145 Ἀπόστολον,

200 4170 331 4223 Ὀτι
385 4168 456 4222 τὰ
487 4169 623 4235 παρ’
667 4164 871 4234 αὐτοῖς
918 4169 1198 4238 γινόμενα
1224 4167 1481 4238 αἰσχρόν
1507 4166 1639 4223 ἐστι
1667 4167 1768 4223 καὶ

198 4259 416 4330 λέγειν.
453 4259 641 4331 Ὅμως
673 4258 775 4312 οὐκ
812 4256 1083 4329 αίσχυνθῶ
1114 4255 1311 4326 λέγειν,
1351 4256 1388 4312 ἀ
1415 4256 1567 4311 αὐτοὶ
1594 4257 1770 4312 ποιεῖν

96 4378 109 4388 ·
195 4351 298 4405 οὐκ
321 4348 663 4421 αἰσχύνονται
688 4388 703 4413 ,
733 4349 819 4402 ἵνα
857 4346 998 4401 κατὰ
1037 4345 1214 4400 πάντα
1239 4345 1441 4417 τρόπον
1467 4344 1646 4417 φρίξιν
1672 4347 1767 4420 ἐρ-

197 4441 453 4511 γάσωμαι
502 4442 614 4504 τοῖς
670 4437 924 4494 ἀκούουσι
979 4435 1051 4491 τά
1100 4437 1229 4507 παρ’
1292 4433 1472 4489 αὐτῶν
1503 4435 1770 4508 γενόμενα

196 4533 704 4605 αἰσχρουργήματα.
740 4528 895 4585 Μετά
938 4529 1047 4601 γὰρ
1089 4528 1150 4582 τὸ
1180 4529 1408 4600 μιγῆναι
1439 4527 1602 4581 πάθει
1638 4543 1772 4598 πορ-

198 4622 345 4685 νείας
376 4662 393 4689 ,
451 4621 896 4694 προσεπιτούτοις
971 4619 1340 4684 ἀνατείνοντες
1396 4618 1494 4690 τήν
1562 4616 1772 4672 ἑαυτῶν

204 4712 546 4783 βλασφημίαν
579 4715 659 4777 είς
687 4714 934 4786 οὐρανὸν,
968 4712 1183 4784 δέχεται
1215 4711 1312 4782 μὲν
1338 4711 1400 4766 τὸ
1427 4708 1646 4781 γύναιον
1675 4708 1771 4765 καὶ

199 4806 228 4857 ὀ
253 4804 392 4874 ἀνὴρ
420 4802 517 4876 τὴν
545 4803 698 4875 ῥύσιν
722 4805 820 4877 τὴν
853 4804 960 4859 ἀπὺ
987 4803 1082 4859 τοῦ
1113 4804 1339 4876 ἄρρενος
1382 4803 1462 4866 είς
1492 4801 1628 4867 ἰδίας
1673 4801 1773 4857 αὒ-

200 4897 310 4949 τῶν
346 4899 533 4967 χεῖρας
554 4938 569 4961 ,
605 4896 699 4950 καὶ
724 4896 963 4951 ίστανται
990 4898 1068 4959 είς
1100 4893 1330 4968 οὐρανὸν
1354 4893 1768 4956 ἀνανεύσαντες,

1855 2644 1938 2700 Ac
1968 2645 2014 2703 si
2054 2646 2182 2716 quis
2230 2645 2478 2717 ejusdem
2531 2657 2700 2705 sectae
2748 2650 3071 2720 peregrinus
3113 2651 3422 2715 advenerit,

1859 2736 2076 2808 signum
2110 2736 2386 2808 quoddam
2432 2738 2535 2794 viri
2581 2754 2611 2794 n
2664 2739 2904 2804 feminis.
2963 2741 3177 2797 feminae
3223 2755 3255 2796 ι
3286 2742 3424 2798 viris

1861 2825 2158 2897 accipiunt.
2208 2827 2322 2899 86
2372 2825 2501 2884 llaec
2556 2836 2739 2884 autem
2786 2827 3058 2897 ejusmodi
3110 2838 3196 2887 est
3239 2830 3422 2887 :Cum

1858 2919 2150 2981 salutandi,
2190 2935 2255 2976 ac
2302 2920 2704 2993 complectendi
2749 2936 2919 2979 causa
2971 2938 3194 2979 manum
3245 2924 3426 2995 porri·

1858 3017 2019 3082 gunt,
2054 3026 2175 3068 eam
2226 3011 2369 3068 intra
2423 3014 2662 3085 palmam
2714 3013 3111 3071 contrectando
3153 3029 3219 3071 ac
3256 3014 3428 3071 detri-

1861 3114 2039 3170 cando
2064 3115 2263 3171 leniter
2303 3115 2550 3181 titillant,
2591 3132 2768 3188 eoque
2805 3119 2964 3188 signo
3010 3118 3258 3188 ejusdem
3303 3120 3429 3176 reti·

1859 3206 2040 3278 ginnis
2062 3206 2327 3278 hospitem
2348 3222 2471 3263 esse
2501 3208 2899 3265 demonstrant.
2915 3207 3045 3266 huie
3070 3220 3425 3280 posteaquam

1862 3305 2055 3354 mutuo
2087 3313 2148 3355 se
2192 3299 2518 3370 agnoverint
2561 3299 2631 3354 ad
2682 3299 2995 3355 convivium
3045 3300 3426 3373 accinguntur.

1863 3389 2019 3457 Quod
2048 3391 2251 3462 ipsum,
2288 3392 2504 3449 tametsi
2535 3406 2801 3464 pauperes
2830 3392 2960 3457 sint,
2990 3393 3192 3464 ingenti
3236 3393 3428 3463 epula-

1866 3496 1987 3537 rum
2034 3489 2323 3553 apparatu,
2366 3482 2606 3553 vinoque
2654 3490 2712 3538 et
2757 3482 3021 3540 carnibus
3058 3483 3431 3541 instructissi-

1869 3586 2017 3625 mum
2053 3572 2316 3643 praebent.
2336 3572 2520 3630 Finito
2547 3573 2802 3630 convivio
2825 3588 2956 3631 cum
2976 3574 3238 3631 satietate
3262 3589 3432 3630 venas

2283 3665 2353 3720 ad
2383 3665 2664 3720 libidinem
2693 3663 3049 3734 proritantur.
3080 3661 3219 3718 Turn
3250 3663 3334 3718 vir
3361 3664 3432 3719 ab

1876 3765 2048 3807 uxore
2103 3752 2395 3810 discedens
2437 3754 2521 3810 sic
2572 3769 2694 3810 eam
2756 3753 3096 3824 alloquitur:
3127 3754 3327 3827 Surge,
3377 3762 3435 3813 ct

1875 3835 2031 3896 tratri
2055 3839 2378 3897 charitatem
2426 3844 2643 3902 exhibe.
2676 3842 2757 3899 lta
2786 3830 2856 3900 ud
2888 3844 3247 3902 concubitum
3276 3845 3433 3902 veni·

1872 3948 1982 3998 tur.
2010 3942 2186 4001 pudet
2206 3959 2295 4002 me
2316 3945 2458 4003 bona
2489 3947 2596 4004 tide
2615 3963 2741 4021 quae
2770 3949 2914 4021 apud
2944 3949 3073 4006 illos
3109 3951 3433 4021 turpissime

1872 4045 2276 4108 perpetrantur,
2309 4053 2619 4111 exponere3
2662 4039 3123 4112 quemadmodum
3171 4039 3250 4094 ait
3286 4038 3437 4112 Apo-

1871 4128 2047 4186 stolus
2079 4145 2094 4184 ε
2127 4127 2262 4198 Qun
2294 4130 2435 4201 opud
2463 4131 2607 4204 ipsos
2636 4132 2794 4202 fiant,
2830 4139 2980 4200 tum
3003 4137 3088 4186 ent
3107 4138 3160 4184 ot
3181 4129 3358 4185 diem
3390 4131 3433 4185 ¹.

1871 4216 2073 4276 Verum
2111 4235 2233 4292 quae
2287 4221 2412 4279 illos
2454 4219 2642 4280 facere
2694 4221 2834 4277 nihil
2884 4220 3077 4293 pudet.
3121 4232 3303 4291 neque
3348 4234 3438 4277 me

1867 4311 2094 4383 pudebit
2122 4313 2327 4386 eloqui,
2371 4321 2433 4370 ut
2467 4315 2566 4387 qui
2612 4313 2919 4370 l'oedissima
2959 4312 3180 4368 illorum
3230 4311 3438 4384 flagitia

1869 4403 2166 4472 audierint,
2195 4403 2425 4463 horrore
2447 4404 2686 4478 quodam
2724 4403 3048 4460 afficiantur.
3073 4403 3288 4461 Etenim
3314 4419 3438 4474 per-

1870 4502 1995 4550 acto
2033 4502 2228 4566 stupro
2271 4495 2505 4554 subinde
2528 4496 2943 4554 contumeliosis
2973 4497 3175 4554 cotum
3207 4497 3437 4552 vocibus

1871 4601 2212 4667 appetentes,
2239 4595 2462 4669 utrique
2487 4597 2656 4652 mat-ts
2704 4593 3029 4668 profluvium
3062 4596 3216 4653 cavis
3259 4595 3438 4650 mani-

1871 4686 1979 4744 bus
2022 4687 2324 4760 excipiunt,
2363 4703 2428 4744 ac
2472 4688 2707 4745 sublatis
2749 4702 2973 4745 rursum
3015 4687 3199 4744 oeulis
3231 4687 3438 4744 toedum

1872 4777 2006 4835 illud
2050 4786 2107 4835 et
2157 4779 2521 4838 abominabile
2562 4780 2818 4836 manibus
2861 4778 3214 4852 praeferentes
3251 4781 3439 4836 consi·

1877 4880 2066 4942 stunt;
2132 4888 2198 4929 ac
2236 4889 2426 4945 preces
2463 4873 2781 4945 concipitmt
2838 4872 3102 4929 Militares
3132 4873 3355 4944 quidem
3379 4881 3439 4930 et

202 4987 294 5040 ἐπὶ
324 4989 512 5058 χεῖρας
544 4986 600 5040 δὲ
627 4985 840 5056 ἔχοντες
865 4984 963 5055 τὴν
992 4983 1333 5058 ἀκαθαρσίαν
1355 5000 1368 5015 -
1397 4984 1492 5038 καὶ
1525 4981 1771 5054 εὔχονται
1801 4959 1847 5017 D
1875 4962 2124 5021 Gnostici
2155 4965 2223 5020 ad
2257 4966 2665 5034 universorum,
2694 4975 2755 5022 ut
2786 4967 2963 5032 aiunt,
3011 4975 3313 5036 parentem,
3346 4967 3436 5020 cui

204 5076 361 5148 δῆθεν
398 5078 448 5131 οἱ
485 5077 583 5150 μὲν
635 5074 1022 5148 Στρατιωτικοὶ
1059 5074 1378 5145 καλούμενοι
1416 5074 1509 5128 καὶ
1540 5073 1774 5127 Γνωστι-

205 5168 289 5222 κοὶ
312 5168 390 5241 τῷ
413 5170 598 5242 πατρὶ,
628 5169 782 5240 φασὶ,
816 5167 924 5221 τῶν
944 5167 1099 5229 ὅλων,
1125 5165 1522 5240 προσφέροντες
1550 5164 1683 5220 αὐτὸ
1711 5163 1774 5218 τὸ

204 5263 297 5314 ἐπὶ
353 5264 471 5325 ταῖς
520 5263 676 5333 χερσὶ
701 5301 716 5325 ,
757 5261 851 5315 καὶ
907 5257 1158 5327 λέγουσιν
1197 5272 1211 5289 ·
1264 5255 1633 5327 Ἀναφέρομέν
1690 5270 1774 5308 σοι

1871 5063 1926 5111 et
1962 5056 2109 5128 quod
2136 5057 2390 5115 manibus
2440 5064 2655 5129 gestant
2704 5058 2963 5129 offerunt,
3017 5070 3145 5111 cum
3196 5056 3299 5110 boc
3344 5069 3440 5112 so-

1879 5148 2044 5205 lemni
2070 5151 2311 5206 carmine
2344 5169 2356 5207 :
2395 5149 2508 5207 Hoc
2545 5151 2642 5206 tibi
2690 5165 2913 5215 munus,
2951 5149 3212 5204 nimirum
3230 5148 3437 5206 Christi

1873 5253 2093 5308 corpus,
2126 5238 2405 5296 offerimus
2444 5261 2460 5296 ι
2494 5249 2658 5310 atque
2690 5240 2765 5295 ita
2802 5245 2915 5292 tum
2940 5252 3006 5292 eo
3032 5245 3352 5304 vescuntur,
3385 5250 3441 5297 et

204 5349 364 5404 τοῦτο
394 5350 562 5424 δῶρον
595 5352 655 5405 τὸ
685 5351 842 5423 σῶμα
880 5349 972 5404 τοῦ
998 5344 1264 5422 szseot‘i·
1309 5347 1400 5401 καὶ
1441 5345 1614 5412 οὕτως
1643 5345 1775 5401 αὐτὸ
1881 5331 2283 5402 impurissimas
2305 5346 2436 5388 suas
2455 5329 2971 5400 sordesdegustant‚
2992 5329 3177 5399 itaque
3200 5330 3389 5386 dicunt
3419 5348 3431 5385 :

206 5440 467 5508 ἐσθίουσι,
502 5441 1000 5513 μεταλαμδὰνοντες
1022 5440 1122 5512 τὴν
1166 5436 1369 5522 ἐαυτῷν
1401 5435 1764 5510 ἀκαθαρσίαν·

209 5532 302 5588 καί
344 5548 501 5600 φασι·
536 5531 705 5585 Τοῦτό
753 5530 867 5585 ἐστι
910 5530 974 5584 τὸ
1016 5528 1175 5602 σῶμα
1220 5526 1315 5582 τοῦ
1362 5526 1627 5599 Χριστοῦ’
1674 5526 1770 5582 καὶ

207 5621 366 5676 τοῦτό
400 5623 515 5674 ἐστι
566 5622 627 5675 τὸ
669 5622 878 5693 Πάσχα.
914 5622 1006 5676 Διὸ
1043 5622 1238 5693 πάσχει
1274 5619 1344 5674 τά
1384 5618 1627 5691 ἡμέτερα
1664 5617 1773 5672 σώ-

212 5732 378 5790 ματα,
408 5715 499 5768 καὶ
528 5714 891 5783 ἀναγκάζεται
921 5715 1195 5787 ὁμολογεῖν
1230 5713 1292 5770 τὸ
1322 5712 1491 5776 πάθος
1520 5711 1612 5768 τοῦ
1639 5712 1774 5784 Χρι·

283 5914 302 5949 ¹
331 5913 540 5988 Ephe&
577 5933 628 5983 v,
667 5916 751 5970 12.

1892 5421 2008 5477 Hoc
2038 5407 2122 5479 es't
2152 5438 2354 5495 corpus
2373 5423 2613 5489 Christi;
2645 5430 2700 5478 et
2733 5422 2837 5478 hoe
2855 5429 2943 5478 est
2967 5416 3200 5477 Pascha.
3232 5420 3440 5475 idcirco

1892 5526 2123 5584 corpora
2156 5522 2341 5571 nostra
2363 5514 2666 5586 patiuntur,
2696 5520 2750 5571 et
2778 5511 2982 5570 Christi
3012 5513 3278 5584 supplicia
3308 5526 3442 5566 con·

1888 5615 2030 5672 titeri
2058 5625 2343 5688 coguntur.
2386 5615 2587 5675 Eodem
2631 5619 2792 5675 modo
2833 5618 3046 5689 quoties
3079 5615 3272 5672 mulier
3299 5628 3442 5669 nien·

1883 5715 2069 5765 struos
2120 5707 2299 5766 fluxus
2345 5708 2977 5781 patitur,.foedissimum
3025 5708 3175 5765 illum
3221 5700 3442 5774 sangui·
