3850 6517
289 506 394 563 873

913 496 1280 554 ADVERSUS
1317 495 1659 552 uAERESEs
1692 494 1820 552 LlB.
1860 494 1922 550 lt.
1965 489 2129 548 Tou.
2168 490 2210 547 1.
2250 520 2319 529 ·--
2352 486 2626 545 HAERES.
2667 483 2897 540 xbvm.

3422 479 3528 539 8⁷2

288 615 809 691 αρμολογρύμενω·
840 612 1031 677 αὔξει,
1061 610 1213 664 ’κατὰ
1250 610 1310 663 τὸ
1348 609 1751 679 γεγραμμένον.
1802 605 1862 661 Ὀ
1890 612 1938 669 Α
1966 607 2170 661 haerere
2201 604 2398 673 capite,
2430 617 2495 655 ea·-
2522 617 2623 670 quo
2667 609 2832 653 totum
2872 611 3062 665 corpus
3108 606 3528 666 coaqmentatum

290 715 397 784 γὰρ
432 710 635 780 Κύριος
683 706 839 777 ἡμῶν
902 703 1108 774 Ἰησοῦς
1158 702 1390 773 Χριστὸς
1428 701 1617 753 ἑαυτὸν
1655 699 1856 763 ἔδειξεν

289 804 459 863 ὅντως
497 798 573 851 ὢν
630 797 757 859 Υἱὸς
794 798 851 848 ἐν
879 794 1125 865 ἀληθείᾳ.
1154 793 1426 855 Μοντανὸς
1455 792 1510 844 δὲ
1547 791 1736 843 ἑαυτὸν
1765 790 1858 843 καὶ

289 892 514 962 Πατέρα
537 890 706 956 λέγει.

362 1156 464 1210 113¹.
496 1154 620 1218 Πῶς
673 1154 870 1218 τοίνυν,
900 1148 945 1207 ὧ
991 1152 1219 1225 Φρύγες,
1261 1155 1391 1224 ἡμῖν
1443 1153 1601 1206 πάλιν
1657 1155 1859 1206 ἐπανα-

295 1251 518 1312 στάντες
551 1247 820 1317 πολέμιοι,
858 1247 954 1299 καὶ
990 1245 1405 1317 μεμορφωμένοι
1445 1247 1523 1309 είς
1548 1244 1863 1317 Χριστιανι-

293 1340 394 1410 κὴν
412 1339 717 1411 ἐπίκλησιν,
742 1337 1029 1408 βαρὸάρων
1042 1337 1099 1389 δὲ
1115 1338 1517 1410 ἐπανῃρημένοι
1538 1339 1740 1408 μάχην,
1767 1340 1862 1392 καὶ

292 1433 401 1483 τῶν
417 1429 620 1501 Τρώων
647 1430 740 1483 καὶ
760 1429 985 1499 Φρυγῶν
1014 1429 1338 1501 μιμούμενοι
1361 1429 1422 1482 τὸ
1448 1429 1724 1499 πολέμιον,
1749 1429 1866 1494 πῶς

296 1523 605 1593 πεισθῶμεν
663 1522 812 1591 ὑμῖν,
841 1522 1057 1590 λέγουσι
1095 1520 1185 1574 διὰ
1223 1521 1538 1592 χαρίσματα
1569 1521 1862 1590 ἀφεστάναι

293 1616 393 1684 τῆς
426 1615 778 1684 Ἐκκλησίας;
812 1613 1009 1667 Οὐκέτι
1038 1613 1147 1685 γάρ
1175 1613 1489 1684 χαρίσματα
1514 1612 1598 1683 εἴη
1632 1612 1699 1664 τά
1725 1612 1851 1666 ἀλλό

295 1720 421 1774 τρια
453 1703 808 1774 χαρισμάτων
834 1704 983 1765 ὄντα,
1009 1703 1103 1757 καὶ
1135 1702 1285 1773 παρὰ
1312 1702 1402 1755 τὸν
1434 1701 1757 1773 χαρακτῆρα
1779 1701 1869 1754 τὸν

297 1795 624 1866 ὑποκυρίου
652 1794 1077 1866 ύπισχνούμενα,
1108 1793 1184 1856 ὡς
1203 1796 1251 1846 οί
1273 1792 1394 1846 καθ’
1430 1795 1573 1863 ὑμᾶς
1601 1794 1873 1864 προφῆται

297 1885 563 1952 λέγουσιν.
623 1885 914 1953 Εἰσάγεται
943 1886 959 1916 ¹
1008 1886 1140 1954 ἡμῖν
1172 1884 1334 1937 πάλιν
1370 1884 1466 1937 καὶ
1494 1883 1870 1954 Μαξιμίλλαν·

1959 696 2167 758 crescit,
2216 701 2273 746 ut
2318 691 2600 760 Scriptura
2649 689 2892 759 loquitur
2923 687 2963 741 ³.
3001 686 3213 758 Quippe
3260 687 3528 745 Dominus

1960 796 2147 840 noster
2184 782 2344 838 Jesus
2384 773 2639 838 Christus
2685 782 2760 835 ita
2806 779 3160 850 semetipsum
3210 778 3527 845 declaravi!⁸

1961 886 2148 926 revera
2194 878 2252 924 ut
2283 883 2600 939 germanum
2643 883 2766 938 esse
2812 868 3060 925 Parentis
3099 866 3299 923 Filium
3343 877 3532 925 osten·

1960 967 2133 1022 deret.
2189 964 2480 1019 Montanus
2501 969 2715 1029 contra,
2747 962 2832 1017 vel
2858 961 3149 1017 Parentem
3179 977 3239 1018 se
3267 978 3391 1018 esse
3416 965 3535 1035 glo-

1961 1060 2155 1112 riatur.

2034 1149 2145 1203 Xll.
2186 1148 2318 1215 Qnae
2346 1164 2470 1204 cum
2497 1147 2573 1203 ita
2597 1149 2728 1211 sint,
2758 1162 2869 1217 quo
2897 1146 3112 1201 tandem
3144 1155 3324 1217 pacto,
3361 1146 3536 1217 Pbry-

1965 1257 2080 1311 ges,
2106 1242 2199 1310 qui
2219 1250 2410 1295 contra
2442 1255 2545 1297 nos
2579 1241 2702 1295 novi
2731 1240 2926 1294 iterum
2953 1240 3141 1294 hostes
3180 1239 3533 1309 consurgitis,

1966 1343 2018 1389 et
2050 1342 2275 1388 externa
2305 1333 2541 1404 quadam
2578 1333 2762 1404 specie
2810 1333 3182 1388 Christianum
3228 1333 3297 1388 ad
3336 1349 3536 1389 nomen

1968 1425 2345 1495 usurpandum
2383 1425 2648 1489 illuditis;
2693 1440 2757 1479 ac
2786 1426 3150 1495 Trojanorum
3181 1433 3231 1480 et
3261 1424 3538 1496 Phrygum

1970 1517 2166 1571 hostile
2199 1517 2252 1571 in
2297 1531 2398 1571 nos
2428 1517 2614 1571 odium
2651 1516 2974 1571 imitamini:
3004 1518 3099 1585 qui
3133 1531 3255 1581 nos,
3291 1515 3536 1585 inquam,

1972 1607 2172 1661 babere
2227 1607 2387 1661 iidem
2440 1608 2595 1661 vobis
2656 1620 2968 1675 possumus,
3004 1621 3129 1659 cum
3178 1604 3251 1660 ob
3297 1605 3541 1661 coelestia

1971 1692 2114 1747 dona
2130 1708 2229 1748 vos
2256 1694 2323 1747 ab
2353 1693 2595 1748 Ecclesia
2621 1691 2946 1748 discessisse
2969 1692 3369 1762 jactatis2Non
3394 1695 3541 1749 enim

1973 1785 2219 1840 coelestia
2251 1801 2376 1841 esse
2404 1785 2546 1839 dona
2581 1795 2831 1854 possunt,
2859 1801 2980 1854 quae
3004 1795 3288 1856 tantopere
3319 1793 3447 1843 sunt
3473 1787 3544 1842 ab

1974 1877 2246 1948 ejusmodi
2274 1878 2435 1932 donis
2462 1877 2672 1940 alieua;
2703 1891 2932 1947 quaeque
2957 1884 3152 1946 praeter
3172 1878 3480 1932 institutam
3511 1892 3545 1931 a

299 1978 393 2029 καὶ
416 1976 523 2049 γὰρ
553 1978 646 2031 καὶ
670 1977 738 2029 τὰ
757 1977 994 2044 ὀνόματα
1018 1975 1174 2045 ἡμῶν
1194 1974 1561 2045 διηλλαγμένοι
1589 1976 1683 2028 καὶ
1712 1973 1871 2042 <2:062-
1899 1976 1946 2034 B
1974 1967 2204 2022 Domino
2226 1968 2549 2032 sormam‚ac
2570 1970 2836 2023 rationein
2857 1970 3167 2032 ostenditis,
3188 1969 3547 2038 quemadmo-

301 2066 535 2136 ρὼτατα,
561 2068 654 2121 καὶ
676 2068 799 2120 οὔτε
822 2066 1092 2136 προσηνές
1111 2083 1163 2117 τι
1194 2066 1287 2118 καὶ
1308 2064 1643 2133 γλυκύτατον
1663 2064 1876 2133 ἔχοντα,

299 2157 435 2211 ἀλλὰ
449 2159 639 2229 ἄγριον
672 2160 767 2213 καὶ
788 2157 1140 2229 βαρδαρικόν.
1173 2156 1348 2219 Εὐθὺς
1376 2157 1486 2225 γάρ
1523 2155 1659 2225 αῦτη
1688 2157 1722 2225 ἡ
1760 2156 1880 2208 Μα-

300 2248 515 2318 ξιμίλλα
533 2252 567 2321 ἡ
601 2249 751 2321 παρὰ
778 2252 887 2313 τοῖς
907 2248 1166 2311 τοιούτοις
1190 2246 1333 2301 κατὰ
1366 2246 1586 2317 Φρύγας
1606 2246 1747 2299 οὔτω
1779 2262 1881 2298 κα-

300 2341 600 2411 λουμένοις,
643 2342 934 2406 ἀκούσατε,
973 2334 1020 2393 ὧ
1068 2340 1257 2403 παῖδες
1293 2338 1556 2410 Χριστοῦ,
1595 2337 1649 2391 τί
1684 2336 1835 2405 λέγει
1857 2353 1873 2369 ·

316 2430 494 2499 Ἔμοῦ
535 2431 622 2499 μὴ
677 2433 997 2497 ἀκούσητε,
1035 2431 1115 2484 ἀλ
1133 2430 1198 2485 ἰὰ
1252 2429 1508 2497 Χριστοῦ
1552 2430 1875 2484 ἀκούσατε.

304 2521 416 2574 Καὶ
447 2523 507 2574 ὲν
544 2516 625 2585 οἷς
676 2522 822 2588 ἔδοξε
880 2522 1114 2591 Χριστὸν
1152 2519 1394 2587 δοξάζειν
1421 2520 1784 2590 πεπλάνηται.
1812 2519 1879 2573 Et

303 2611 412 2682 γὰρ
436 2607 503 2682 ἦν
522 2610 615 2664 τοῦ
636 2610 894 2684 Χριστοῦ,
921 2611 1105 2678 ἔλεγεν
1123 2610 1190 2664 ἀν
1217 2609 1360 2664 κατά
1376 2610 1507 2672 τοὺς
1527 2610 1718 2678 ἁγίους
1743 2608 1881 2664 ἀπο-

299 2704 543 2768 στόλους,
588 2703 665 2768 ὡς
705 2705 936 2766 ἕκαστος
970 2703 1158 2770 λέγει·
1191 2703 1397 2774 Πέτρος
1433 2703 1531 2773 μὲν
1559 2702 1771 2775 πρῶτος
1795 2702 1885 2757 λέ-

303 2810 414 2861 γων
432 2832 449 2858 ,
479 2794 560 2847 ὅτι
585 2794 784 2862 Ἡμεῖς
812 2796 949 2863 παρ’
972 2793 1159 2848 αὑτοῦ
1185 2794 1538 2863 ἠκούσαμεν
1557 2809 1572 2824 ·
1594 2795 1689 2848 καὶ
1714 2793 1883 2849 αὐτοῦ

302 2887 395 2939 τοῦ
461 2871 695 2959 Kopion·
716 2888 967 2956 λέγοντος
989 2902 1003 2916 ·
1084 2888 1147 2940 ’0
1201 2885 1369 2955 ὑμῶν
1422 2888 1678 2949 ἀκούων,
1736 2887 1884 2958 ἐμοῦ

303 2976 509 3030 ἀκούει
533 2993 549 3008 ·
581 2977 678 3032 καὶ
714 2975 810 3030 τοῦ
843 2975 1058 3031 Παύλου
1110 2976 1358 3044 λέγοντος
1377 2992 1392 3007 ·
1449 2977 1711 3044 Μιμηταί
1762 2994 1883 3045 μου

303 3067 569 3134 γίνεσθε,
626 3067 822 3135 «ιθὼς
849 3067 1009 3136 κάγὼ
1036 3068 1315 3137 Χριστοῦ.
1356 3067 1508 3137 Αὕτη
1543 3068 1601 3120 δὲ
1628 3066 1884 3138 ἀληθεύει

300 3158 631 3229 ψευδομένη,
685 3159 778 3213 καὶ
837 3159 911 3231 μὴ
940 3158 1258 3230 βουλομένη.
1284 3157 1480 3221 Καλῶς
1504 3158 1561 3211 δὲ
1596 3158 1745 3226 λέγει
1780 3158 1885 3228 φά-

308 3264 530 3315 σκουσα,
559 3249 722 3305 ἀλλὰ
757 3251 1037 3320 Χριστοῦ.
1074 3249 1342 3312 Πολλάκις
1365 3248 1475 3321 γὰρ
1499 3249 1568 3303 τὰ
1598 3248 1885 3321 ἀκάθαρτα

1977 2059 2106 2127 dum
2139 2059 2414 2128 propbetae
2448 2060 2614 2113 vestri
2646 2059 2990 2129 profitentur.
3051 2058 3158 2114 Sed
3191 2060 3547 2115 Maximillam

1975 2153 2164 2205 nescio
2197 2167 2361 2222 quam
2390 2152 2547 2208 nobis
2583 2152 2875 2208 obtruditis
2917 2154 3157 2223 :quippe
3194 2154 3278 2209 vel
3303 2155 3420 2224 ipsa
3456 2167 3551 2208 no-

1975 2242 2127 2297 mina
2167 2251 2350 2299 vestra
2397 2258 2430 2298 a
2462 2245 2743 2328 elommuui
2786 2260 2890 2301 usu
2936 2252 3144 2300 remota
3196 2254 3344 2311 sunt,
3378 2252 3432 2299 et
3478 2245 3547 2300 ad

1974 2342 2242 2389 terrorem
2292 2336 2628 2405 composita;
2681 2352 2858 2406 neque
2911 2338 3042 2392 mite
3089 2338 3386 2408 quidquam
3440 2337 3550 2395 illis

1980 2427 2141 2493 inest,
2169 2435 2262 2480 aut
2304 2427 2655 2496 jucundum:
2688 2430 2785 2485 sed
2847 2430 3162 2493 barbarum,
3206 2438 3259 2484 et
3312 2438 3546 2500 agreste.

1981 2516 2106 2573 Haec
2149 2520 2314 2588 igitur
2361 2516 2678 2584 Maximilla,
2717 2535 2880 2589 qnam
2928 2520 3167 2592 Phryges
3219 2522 3308 2576 isti
3354 2521 3550 2591 praedi-

1981 2617 2130 2675 cant,
2154 2610 2358 2674 audite,
2389 2610 2591 2664 Clu-isti
2624 2611 2745 2673 filii,
2773 2611 3232 2682 quemadmodum
3265 2614 3506 2684 loquitur
3534 2631 3550 2669 ι

1982 2697 2073 2755 He
2102 2700 2311 2770 quidem
2336 2717 2441 2754 non
2469 2701 2671 2767 audite,
2698 2702 2789 2757 sed
2815 2701 3087 2757 Christum
3118 2703 3314 2757 audite.
3342 2702 3552 2770 Quibus

1983 2792 2184 2858 verbis,
2212 2792 2338 2847 lieet
2375 2792 2598 2847 Christo
2624 2793 2886 2849 honorem
2919 2793 3120 2849 babere
3163 2795 3431 2856 videatur,
3458 2794 3556 2851 iis·

1982 2881 2105 2938 dem
2129 2891 2310 2938 tamen
2335 2881 2469 2951 ipsis
2490 2897 2737 2938 errorem
2765 2899 2923 2938 suum
2949 2883 3312 2939 demonstrat.
3345 2883 3481 2938 Nam
3506 2884 3555 2940 si

1983 2972 2185 3027 Christi
2225 2972 2384 3039 soret,
2411 2973 2658 3028 eamdem
2688 2975 2744 3027 in
2773 2974 3046 3045 loquendo
3081 2975 3366 3030 formulam
3396 2960 3581 3031 adimi-⁶

1985 3064 2158 3129 heret,
2214 3080 2322 3134 qna
2371 3065 2602 3134 apostoli
2661 3080 2852 3120 omnes
2903 3066 3220 3138 singillatim
3266 3069 3350 3123 usi
3408 3078 3554 3125 sunt.

1987 3154 2242 3225 inprimis
2273 3154 2470 3212 Petrus
2495 3174 2509 3211 :
2555 3154 2695 3218 Nos,
2724 3156 2920 3227 inquit,
2951 3160 3016 3211 ab
3056 3158 3150 3212 iilo
3185 3159 3481 3214 audivimus
3511 3160 3555 3215 ⁸.

1986 3248 2097 3303 Sed
2126 3257 2181 3305 et
2208 3248 2470 3305 Dominus
2518 3250 2634 3321 ipse
2660 3249 2799 3305 dixit
2826 3269 2842 3306 t
2877 3250 2983 3316 Qun·
3025 3265 3099 3313 ινα
3171 3252 3319 3317 adit,
3358 3269 3440 3307 me
3462 3269 3563 3306 οιι-

308 3338 594 3409 πνεύματα
641 3339 1010 3408 ἀναγκάζεται
1058 3340 1228 3394 ἑαυτὰ
1267 3340 1571 3412 καθαιρεῖν,
1621 3341 1724 3393 οὐκ
1759 3331 1956 3395 δνταῦ
1989 3339 2068 3393 dit
2097 3342 2139 3394 ⁸.
2183 3340 2386 3397 Paulus
2410 3343 2539 3397 item
2564 3362 2580 3398 ι
2610 3341 2912 3398 imitatores
2954 3345 3056 3396 mei
3105 3352 3285 3411 estote,
3331 3345 3468 3398 sicut
3511 3354 3564 3399 et

305 3430 406 3497 τῆς
452 3430 727 3501 ἀληθείας,
779 3434 873 3486 καὶ
924 3431 1241 3501 ὑποφαίνειν
1292 3431 1386 3484 τὸν
1436 3431 1642 3502 Κύριον
1679 3431 1881 3497 αὐτῶν,

311 3517 551 3585 θέλοντα,
581 3523 676 3576 καὶ
701 3521 779 3594 μὴ
807 3522 1044 3589 θέλοντα,
1071 3523 1140 3576 δι’
1164 3523 1410 3593 ἀνάγκην
1426 3540 1441 3554 ·
1469 3522 1546 3587 ὡς
1567 3524 1603 3593 ἡ
1624 3523 1895 3604 παιδίσκη

311 3611 345 3680 ἠ
371 3608 568 3682 ἔχουσα
594 3613 813 3686 πνεῦμα
840 3614 1095 3679 Πύθωνος
1127 3616 1312 3684 ἔλεγεν
1334 3632 1351 3647 ·
1379 3610 1555 3670 Οὗτοι
1576 3619 1630 3669 ol
1664 3615 1888 3683 ἅνθρω-

307 3713 408 3755 ποι
451 3702 558 3757 τοῦ
586 3705 732 3758 Θεοῦ
785 3705 992 3758 δοῦλοι
1017 3706 1123 3757 τοῦ
1194 3706 1463 3766 ὑψίστου
1491 3707 1639 3754 εἰσί·
1671 3706 1768 3754 καὶ
1803 3707 1886 3766 τὸ,

313 3792 380 3844 Tc
410 3792 596 3857 ἦλθες
625 3793 735 3857 πρε)
783 3792 989 3857 καιροῦ
1032 3792 1370 3853 βασανίσω
1391 3791 1589 3859 must-5
1636 3792 1892 3863 Οἴδαμέν

311 3896 387 3935 σε
415 3882 507 3945 τίς
538 3877 610 3942 εἴ,
639 3884 672 3933 d
698 3881 889 3948 Ἄγιος
915 3880 1021 3935 τοῦ
1050 3880 1198 3935 Θεοῦ
1220 3900 1233 3914 ·
1260 3881 1335 3946 ὡς
1360 3882 1455 3935 καὶ
1481 3882 1618 3955 αὕτη
1652 3886 1890 3955 ἀναγκα-

310 3969 517 4038 ζομένη
545 3970 729 4037 ἔλεγεν
753 3971 922 4040 αὐτῆς
950 3972 1025 4044 μὴ
1059 3970 1298 4040 ἀκούειν,
1328 3971 1464 4026 ἀλλά
1487 3975 1745 4046 Χριστοῦ.

1988 3447 2083 3501 eqo
2116 3432 2318 3487 Christi
2348 3433 2388 3488 ⁴¹.
2437 3434 2508 3488 At
2555 3433 2992 3490 illa'mentiendo
3022 3434 3106 3489 vel
3154 3435 3325 3490 invita
3371 3452 3562 3492 verum

1990 3520 2166 3575 dicit:
2208 3521 2375 3595 414
2416 3532 2673 3595 recteque
2711 3524 2860 3581 istud
2902 3525 3109 3596 adjicit,
3148 3525 3240 3581 sed
3269 3524 3560 3582 Christum.

1996 3609 2151 3681 Saepe
2196 3614 2341 3667 enim
2391 3612 2591 3683 impuri
2643 3615 2870 3682 spiritus
2913 3617 3236 3684 semetipsos
3291 3626 3566 3689 coguntur

1995 3709 2261 3765 evertere,
2286 3715 2412 3755 cum
2443 3716 2472 3754 a
2500 3702 2728 3757 veritate
2772 3703 3119 3770 abhorreant,
3163 3720 3229 3760 ae
3271 3703 3563 3763 Dominum

1997 3808 2181 3858 suum,
2215 3792 2386 3848 velint
2414 3793 2610 3859 nolint,
2647 3797 2962 3851 necessario
3016 3798 3312 3855 declarant.
3359 3798 3569 3866 Quem-

1997 3883 2287 3938 admodum
2343 3883 2521 3953 piiella
2579 3885 2670 3939 illa
2736 3885 3036 3957 Pythonico
3085 3888 3283 3957 spiritu
3338 3890 3565 3960 praedita

1997 3975 2309 4030 clamabat:
2337 3976 2593 4029 Homines
2634 3975 2726 4028 isti
2760 3974 2858 4029 Dei
2902 3975 3155 4031 altissimi
3185 3981 3322 4035 servi
3350 3990 3473 4035 sunt
3518 3982 3562 4035 ⁸.

318 4059 440 4125 Quo
490 4070 543 4115 et
591 4062 722 4115 illud
762 4062 996 4132 pertinet
1039 4080 1053 4116 ε
1091 4062 1201 4116 Cur
1250 4064 1435 4118 venisti
1484 4073 1606 4120 aitte
1661 4074 1861 4133 tempus
1912 4074 2153 4134 torquere
2195 4066 2337 4120 nos?
2372 4062 2629 4118 Novimus
2671 4062 2764 4134 qni
2809 4065 2884 4118 sis
2924 4080 2945 4120 .·
2995 4064 3227 4123 Sanctus
3272 4067 3374 4124 Dei
3398 4071 3440 4123 ⁸.
3489 4068 3568 4125 lta

322 4152 613 4207 Naximilla
666 4154 715 4205 vi
760 4152 996 4220 quadam
1049 4153 1281 4221 impulsa
1330 4154 1506 4207 audiri
1556 4169 1614 4209 se
1667 4155 1891 4209 minime
1915 4154 2055 4220 vult,
2090 4153 2187 4209 sed
2211 4153 2513 4210 Christum.

394 4244 516 4306 Πῶς
535 4237 628 4296 οῦν
656 4242 812 4296 τοῦτο
847 4244 896 4295 οἱ
920 4242 1046 4314 παρ’
1069 4242 1241 4307 αὐτῆς
1276 4244 1591 4314 ἀκηκοότες,
1628 4246 1721 4298 καὶ
1751 4244 1889 4315 αὐτῇ

322 4331 763 4394 πεπιστευκότες,
801 4330 1076 4400 βούλονται
1095 4331 1266 4402 αὐτῆς
1293 4332 1532 4398 ἀκούειν,
1561 4335 1690 4403 παρ’
1723 4333 1894 4404 αὐτῆς

323 4425 585 4496 μαθόντες
618 4423 693 4495 μὴ
726 4423 896 4494 αὐτῆς
927 4422 1168 4487 ἀκούειν,
1209 4423 1349 4477 ἀλλὰ
1383 4426 1587 4498 Κυρίου
1608 4442 1623 4489 ;
1647 4425 1756 4478 Καὶ
1784 4425 1893 4497 γὰρ

321 4497 535 4585 ἀληθῶς
561 4514 776 4583 ἐπίγεια
798 4513 1175 4584 φθεγγομένης
1198 4514 1388 4585 αὐτῆς,
1424 4518 1473 4568 εἰ
1495 4516 1677 4587 παρῆν
1711 4516 1896 4579 αὐτοῖς

328 4607 559 4674 σύνεσις,
584 4608 684 4659 οὐκ
712 4607 816 4659 ἔδει
860 4608 1031 4677 αὐτὴν
1063 4607 1373 4663 ἀκούεσθαι.
1405 4610 1514 4661 Καὶ
1539 4610 1615 4678 μὴ
1643 4609 1790 4676 λέγε,
1812 4609 1895 4662 ὃτι

326 4697 742 4769 παρηκολούθει.
761 4697 834 4749 Ού
853 4696 961 4767 γὰρ
982 4698 1511 4767 παρακολουθοῦντός
1530 4700 1647 4752 ἐστι
1672 4700 1734 4753 τὸ
1750 4700 1897 4754 διδά-

327 4806 498 4854 σκειν,
521 4790 615 4842 καὶ
642 4789 830 4841 ἑαυτὸν
850 4788 1195 4860 ἀνατρέπειν.
1230 4789 1295 4841 Et
1317 4788 1427 4858 γὰρ
1450 4788 1587 4853 ὅλως
1617 4790 1897 4859 λέγει,Μὴ

326 4881 574 4936 ἀκούετέ
590 4897 733 4952 μου,
767 4883 916 4933 ποῖον
939 4876 1006 4949 ἦν
1025 4880 1085 4933 τὸ
1110 4879 1334 4951 Πνεῦμα
1353 4880 1414 4933 τὸ
1430 4880 1622 4934 λαλοῦν
1646 4883 1705 4934 ὲν
1722 4883 1899 4952 αὐτῇς

327 4974 392 5028 Εἰ
426 4972 563 5044 αὑτὴ
600 4972 805 5039 ἔλεγεν,
850 4971 883 5041 ἢ
919 4973 939 5001 ’
970 4970 1275 5042 ἅνθρωπος,
1299 4971 1407 5043 ἀρα
1427 4973 1528 5025 οὐκ
1557 4968 1625 5043 ἦν
1646 4974 1703 5025 ὲν
1732 4972 1900 5026 Πνεύ·

331 5082 462 5134 ματι
482 5064 642 5133 ἁγίῳ.
683 5064 746 5115 Ἡ
766 5063 875 5133 γὰρ
900 5062 1155 5130 λέγουσα,
1184 5063 1280 5130 Μὴ
1295 5064 1548 5119 ἀκούετέ
1568 5080 1709 5131 μου,
1742 5063 1902 5132 δῆλον

328 5156 388 5208 τὸ
419 5156 756 5228 ἀνθρώπινον
794 5155 967 5222 ἔλεγε,
996 5155 1089 5207 καὶ
1119 5156 1220 5207 ούκ
1245 5150 1313 5223 ἦν
1354 5157 1413 5207 ὲν
1436 5154 1711 5223 Πνεύματι
1735 5155 1897 5225 ἀγίῳ.

341 5248 404 5300 Ἥ
430 5249 486 5302 δὲ
505 5249 579 5319 μὴ
599 5245 734 5302 οῦσα
759 5249 816 5300 ὲν
833 5246 1109 5316 Πνεύματι
1142 5246 1279 5316 ἁγίῳ
1304 5245 1530 5310 ἀνωθεν,
1556 5242 1689 5299 οὖσα
1720 5246 1776 5299 δὲ
1802 5245 1897 5299 τοῦ

331 5342 673 5413 ἀνθρωπίνου
723 5342 1088 5414 φρονήματος,
1120 5340 1287 5393 ,οὐδὲν
1324 5339 1607 5407 ἐγίνωσκε.
1657 5339 1767 5392 Καὶ
1798 5340 1899 5392 οὐκ

332 5431 402 5505 ἦν
433 5436 541 5506 ἄρα
569 5435 792 5504 Πνεῦμα
838 5432 1017 5501 ᾰγιον,
1065 5432 1201 5485 ἀλλά
1240 5430 1566 5502 ἀνθρωπίνῳ
1597 5432 1906 5503 φρονήματι

2067 4243 2172 4309 Qui
2220 4245 2385 4315 igitur
2417 4244 2522 4299 boc
2550 4244 2620 4299 ab
2664 4244 2756 4299 illa
2789 4244 3082 4311 audierint,
3117 4247 3277 4319 eique
3321 4251 3568 4309 credide·

1999 4332 2133 4396 rint,
2181 4348 2283 4386 cur
2328 4348 2447 4388 eam
2494 4334 2704 4389 diutius
2755 4336 3005 4401 audiunt,
3041 4351 3166 4391 cum
3203 4353 3316 4393 non
3365 4339 3565 4410 ipsam,

2002 4424 2098 4477 sed
2119 4423 2398 4479 Christum
2421 4423 2753 4480 audiendum
2780 4425 2850 4480 ab
2872 4426 3077 4483 illamet
3099 4430 3216 4499 ipsa
3240 4430 3575 4488 didicerint?

2002 4513 2068 4568 Et
2100 4529 2229 4570 vero
2272 4529 2394 4570 cum
2432 4516 2653 4572 nonnisi
2702 4524 2920 4574 terrena
2960 4521 3208 4587 quaedam
3239 4521 3472 4589 effutiat,
3523 4525 3571 4581 si

2000 4606 2146 4661 ullus
2175 4605 2230 4661 in
2255 4604 2337 4661 eis
2359 4620 2556 4662 sensus
2585 4608 2812 4673 inesset,
2836 4610 3024 4666 audire
3050 4610 3196 4666 illam
3228 4629 3570 4686 nequaquam

1999 4706 2297 4770 oporteret.
2343 4698 2453 4753 Nee
2482 4708 2568 4754 est
2597 4698 2742 4770 quod
2780 4701 3011 4771 objicias
3060 4702 3199 4757 hanc
3242 4704 3576 4762 intellexisse

2001 4790 2133 4859 quid
2190 4790 2417 4844 diceret.
2451 4789 2575 4844 Non
2608 4791 2754 4844 enim
2815 4789 3165 4861 intelligentis
3217 4809 3338 4851 esse
3397 4807 3577 4867 potest

2002 4889 2191 4937 contra
2242 4898 2303 4937 se
2345 4887 2543 4938 docere
2599 4883 2826 4953 aliquid,
2882 4898 2947 4938 ac
2982 4884 3088 4940 sibi
3135 4884 3240 4955 ipsi
3291 4888 3574 4958 refragari.

2000 4973 2136 5028 Nam
2167 4976 2214 5031 si
2245 4977 2471 5031 omnino
2499 4976 2575 5030 ita
2604 4976 2851 5047 loquitur
2882 4996 2896 5031 :
2932 4975 3016 5032 Ne
3048 4995 3129 5032 me
3156 4979 3412 5047 auditote,
3441 4997 3579 5051 qua·

2006 5067 2208 5124 lisnam
2265 5069 2354 5124 bie
2402 5070 2496 5141 qui
2552 5070 2608 5124 in
2652 5085 2715 5127 ea
2775 5071 3101 5141 loquebatur
3157 5074 3386 5144 spiritus
3435 5072 3581 5130 tutta·

2008 5157 2163 5224 Quod
2196 5160 2244 5213 si
2275 5176 2373 5230 per
2402 5176 2526 5215 sese
2548 5162 2666 5232 ipsa
2694 5171 2969 5232 quatenus
2996 5163 3162 5216 homo
3182 5172 3320 5228 erat,
3348 5164 3422 5218 ita
3455 5181 3580 5236 pro-

2006 5252 2303 5315 nuntiavit,
2338 5267 2450 5306 non
2482 5253 2651 5323 igitur
2679 5250 2923 5322 Spiritus
2945 5267 3065 5307 eam
3095 5264 3321 5308 sanctus
3359 5255 3580 5311 amave-

2006 5352 2112 5400 rat.
2154 5344 2287 5410 Quae
2313 5346 2458 5400 enim
2483 5346 2661 5400 audiri
2694 5360 2754 5401 se
2786 5345 3057 5414 probibet,
3091 5344 3388 5399 humanum
3418 5346 3572 5417 quid·

2006 5436 2131 5490 dam
2165 5438 2355 5508 procul
2417 5437 2586 5492 dubio
2632 5439 2927 5509 signifieat,
2966 5452 3068 5493 nec
3116 5439 3356 5508 impulsu
3405 5440 3580 5494 sancti

334 5525 514 5579 ἐλάλει
561 5525 655 5577 καὶ
687 5524 1001 5594 ἐφθέγγετο.
1047 5522 1110 5576 Εἰ
1137 5523 1194 5576 δὲ
1241 5520 1515 5590 Πνεύματι
1550 5521 1689 5591 ἁγίῳ
1731 5522 1909 5575 ἐλάλει
2009 5523 2250 5594 Spiritus
2305 5528 2506 5597 agitur.
2566 5526 2732 5582 Porro
2791 5545 2913 5599 quae
2961 5530 3180 5584 coelitus
3229 5530 3428 5584 haustu
3489 5529 3581 5583 illo

334 5621 429 5674 καὶ
468 5620 823 5689 προεφήτευε,
864 5619 1016 5671 ποῖον
1049 5615 1157 5687 ἀρα
1183 5611 1251 5686 ἦν
1286 5614 1347 5667 τὸ
1393 5612 1614 5683 Πνεῦμα
1643 5614 1703 5666 τὸ
1732 5613 1907 5684 ἀγιον,

2012 5614 2221 5686 Spiritu
2270 5619 2496 5674 minime
2542 5618 2871 5686 ducebatur,
2908 5620 3005 5675 sed
3039 5619 3279 5676 bumana
3315 5623 3586 5676 duntaxat

414 5796 428 5826 ’
461 5793 520 5848 F.
554 5795 821 5863 εἰσάγετε.
899 5796 921 5827 ¹
958 5793 1020 5848 F.
1055 5788 1111 5868 ᾗ.
1189 5794 1212 5825 ⁸
1239 5793 1453 5850 ColosS.
1491 5808 1552 5860 ιι,
1598 5791 1679 5849 19.
1755 5793 1779 5825 ⁸
1805 5793 1930 5850 Act.
1972 5808 2050 5863 tv,
2090 5797 2181 5852 20.
2257 5798 2279 5830 ⁸
2313 5797 2445 5854 Luc.
2482 5815 2536 5866 x,
2577 5799 2660 5855 to,
2739 5801 2761 5831 ⁸
2793 5798 2814 5853 Ι
2850 5801 2981 5862 Cor.
3012 5816 3091 5867 xi,
3127 5800 3178 5854 ¹.
3255 5798 3278 5830 ⁷
3306 5798 3438 5851 Act.
3465 5809 3583 5862 xvi,

340 5866 432 5922 ¹6.
520 5867 541 5896 ⁸
565 5865 756 5920 Matth.
783 5880 905 5930 vin,
934 5866 1014 5919 29.

536 5962 811 6025 Parnoi..
850 5961 966 6023 Gn.
1011 5959 1176 6022 XLI.

1867 6024 1901 6044 Ι

3194 5952 3275 6014 28
