3850 6517
309 460 450 521 1165

933 459 1300 517 ADVERSUS
1337 459 1677 518 llAERESES
1718 462 1838 517 Lm.
1883 461 1949 519 n.
1991 463 2156 520 Tou.
2195 466 2236 546 Ι.
2270 494 2339 506 -
2374 465 2648 523 HAERES.
2688 465 2872 522 thv.

3397 472 3534 529 ¹108

374 576 443 630 *rt
468 571 563 629 οὖν
589 575 650 628 τὸ
674 573 879 643 ἀγαθὸν
916 575 1039 644 ἐμοὶ
1063 574 1278 643 ἐγένετο
1302 577 1550 645 θάνατος,
1577 579 1608 632 ὃ
1636 577 1728 632 τοῦ
1768 597 1869 651 με·
1895 584 1946 639 A
2037 580 2153 634 Cur
2180 580 2350 650 igitur
2393 581 2540 651 quod
2588 581 2790 635 bonum
2828 587 2933 644 est,
2966 581 3127 636 morti
3185 580 3316 636 milii
3368 592 3535 656 atque

302 667 491 734 γίστου
525 664 729 735 ὁμοίως
769 663 941 717 αἴτιον
984 663 1239 733 ἐσόμενον
1280 667 1485 734 ἀγαθοῦ
1520 669 1861 741 νομοθέτημα

301 754 492 825 ἐδόθης
522 754 613 824 Μὴ
639 754 877 822 γένοιτοΙ
908 755 1029 809 Ὀτι
1056 755 1131 826 μὴ
1159 758 1193 826 η
1221 755 1405 826 ἐντολὴ
1429 756 1522 809 τοῦ
1540 756 1676 809 Θεοῦ
1698 759 1780 820 εἰς
1803 758 1864 811 τὸ

302 844 773 915 καταδουλωθῆναί
809 862 878 916 με
902 844 1115 914 ἐγένετο
1140 850 1213 917 τῇ
1246 846 1440 918 φθορᾷ,
1469 847 1563 901 καὶ
1590 848 1862 919 ἐναπομά-

302 937 496 1001 ξασθαι
527 936 704 1007 κῆρας
745 936 968 1009 ὀλέθρου
1003 939 1211 1003 αἰτίας·
1253 938 1390 993 ἀλλὰ
1431 941 1461 993 ὀ
1502 939 1746 1003 διάὸολος
1780 940 1883 995 ἵνα·

301 1030 589 1101 φανερωθῇ
616 1029 704 1083 διὰ
741 1029 835 1083 τοῦ
861 1030 1067 1099 ἀγαθοῦ
1096 1031 1159 1084 τὺ
1185 1032 1352 1085 κακὸν
1374 1033 1498 1102 ἐμοὶ
1527 1033 1865 1088 κατασκευά-

302 1136 420 1183 σας,
457 1119 544 1172 ἴνα
568 1119 823 1189 γένηται,
854 1121 949 1174 καὶ
978 1120 1205 1192 ἐλεγχθῇ
1235 1121 1357 1175 καθ’
1386 1123 1689 1195 ύπερῦολὴν
1714 1128 1744 1179 ὀ
1773 1125 1864 1178 εύ-

300 1211 462 1280 ρετὴς
522 1210 616 1262 καὶ
658 1211 868 1264 τέκτων
910 1211 1012 1281 τῆς
1064 1212 1338 1283 ἁμαρτίας
1384 1214 1724 1285 ἁμαρτωλὸς,
1768 1217 1865 1270 καὶ

296 1299 539 1373 διορισθῇ
572 1301 680 1354 ἀπὸ
721 1302 815 1354 τοῦ
856 1302 1028 1356 κακοῦ
1074 1303 1329 1356 τάναντία
1370 1304 1471 1375 τῆς
1509 1306 1726 1377 ἐντολῆς
1768 1306 1862 1361 τοῦ

298 1390 434 1444 Θεοῦ
478 1393 892 1464 ἐπιτροπεύσας.
936 1393 1171 1462 Οἴδαμεν
1210 1394 1339 1466 γὰρ,
1370 1395 1453 1448 ὅτι
1490 1398 1520 1449 ὀ
1561 1397 1721 1468 νόμος
1747 1397 1864 1451 ἐστὶ

299 1485 664 1553 πνευματικός
684 1503 704 1544 ·,
734 1485 815 1539 διὸ
854 1487 949 1539 καὶ
979 1487 1098 1539 κατ’
1137 1487 1287 1541 οὐδὲν
1326 1488 1496 1542 αἴτιον
1530 1488 1732 1562 βλάόης
1768 1493 1862 1545 0²·

296 1571 426 1625 δενί.
474 1573 670 1645 Πόρρω
717 1575 825 1645 γὰρ
878 1576 1172 1648 ἐπιθυμίας
1214 1577 1411 1645 ἀλόγου
1457 1580 1551 1633 καὶ
1590 1582 1863 1653 ἁμαρτίας

298 1666 603 1737 ἐσκήνωται
627 1667 697 1722 τά
722 1668 1079 1736 πνευματικά.
1121 1668 1261 1738 Ἐγὼ
1296 1670 1366 1723 δὲ
1406 1673 1694 1740 σάρκινός
1725 1677 1862 1744 εἰμι,

297 1756 675 1825 πεπραμένος
720 1756 841 1811 ὑπὸ
901 1758 1013 1825 τὴν
1058 1761 1365 1829 ἁμαρτίαν.
1415 1758 1539 1816 Οἷον
1557 1804 1572 1829 ,
1604 1765 1745 1833 Ἐγὼ
1794 1765 1865 1819 δὲ

299 1845 589 1913 σάρκινος
619 1847 723 1912 ὢν,
774 1850 867 1901 καὶ
892 1850 948 1901 ἐν
977 1850 1124 1920 μέσῳ
1155 1850 1248 1903 τοῦ
1280 1854 1512 1925 πονηροῦ
1545 1856 1637 1908 καὶ
1657 1856 1862 1923 ἀγαθοῦ

298 1938 678 2001 κατασταθεὶς,
718 1939 793 2002 ὡς
834 1940 1194 2008 αύτεξούσιος,
1226 1941 1291 1995 ἵν’
1317 1944 1402 1995 ἐπ’
1438 1945 1559 2014 ἐμοὶ
1588 1945 1804 1999 ἑλέσθαι
1828 1946 1857 1999 ὃ

297 2025 553 2098 βούλομαι
598 2026 632 2101 ᾗ
674 2031 935 2100 (Τέθεικα
985 2032 1122 2101 γὰρ,
1178 2034 1338 2103 φησὶ,
1376 2036 1487 2103 πρὸ
1533 2036 1857 2105 προσώπου

298 2138 411 2175 σου
454 2120 571 2187 τὴν
602 2120 754 2191 ζωὴν
794 2123 890 2177 καί
924 2122 1030 2176 τὸν
1058 2123 1357 2196 θάνατον)·
1399 2129 1592 2190 νεύσας
1634 2126 1769 2197 πρὸς
1796 2125 1858 2180 τὸ

298 2213 638 2285 παρακοῦσαι
687 2216 784 2285 μὲν
829 2215 922 2269 τοῦ
969 2217 1334 2289 πνευματικοῦ
1378 2218 1563 2289 νόμου,
1610 2212 1721 2271 οἷον
1758 2217 1856 2288 τῆς

297 2305 534 2373 ἐντολῆς,
580 2306 883 2361 ὑπακοῦσαι
923 2308 980 2361 δὲ
1019 2308 1113 2361 τοῦ
1161 2308 1377 2375 ὑλικοῦ,
1417 2304 1529 2389 οἷον
1556 2308 1651 2362 τοῦ
1681 2308 1857 2377 ὄφεως

295 2398 392 2465 τὴν
419 2396 763 2466 συμὸουλὶαν,
792 2397 1080 2468 πέπραμαι
1106 2400 1195 2452 διὰ
1228 2400 1324 2471 τὴν
1347 2401 1599 2473 τοιαύτην
1624 2401 1855 2470 αἵρεσιν,

298 2485 476 2539 πεσὼν
507 2485 609 2539 ὑπὸ
655 2486 963 2558 ἁμαρτίαν,
1002 2485 1078 2555 τῷ
1123 2487 1367 2558 διαὸὀλῳ.
1398 2488 1562 2542 Ὅθεν
1606 2489 1857 2543 ἐντεῦθεν

296 2577 658 2649 πολιορκῆσάν
690 2593 759 2647 με
802 2577 863 2629 τὸ
891 2577 1058 2630 κακὸν
1100 2577 1353 2644 ἐνιζάνει,
1387 2579 1484 2632 καὶ
1511 2580 1859 2650 ἐμπολιτεύε-

295 2662 385 2721 'rat
417 2666 762 2721 είσοικεῖσθαι
796 2667 853 2721 ἐν
879 2669 944 2739 τῇ
977 2667 1139 2740 σαρκί
1165 2685 1287 2740 μου,
1313 2669 1564 2742 καθάπερ
1592 2670 1771 2741 κηφὴν
1798 2672 1857 2725 ἐν

294 2760 469 2831 κηρίῳ
501 2759 762 2831 μελίσσης
785 2760 1209 2833 περιιπτάμενος
1232 2760 1490 2827 πολλάκις
1515 2762 1643 2837 περὶ
1673 2763 1856 2828 αὐτὸν,

292 2850 387 2902 καὶ
420 2848 669 2921 βομδῶν·
690 2850 852 2921 δίκης
876 2849 1220 2924 ἐπιτεθείσης
1251 2869 1342 2922 μοι
1369 2851 1468 2923 τὴν
1492 2853 1708 2921 ἐντολὴν
1737 2851 1859 2907 ἀθε-

292 2940 516 3010 τήσαντι
562 2940 835 3011 πραθῆναι
867 2939 945 3013 τῷ
991 2941 1165 3013 κακῷ.
1216 2942 1307 2995 Διὸ
1337 2943 1430 2997 καὶ
1458 2943 1520 2996 ού
1550 2942 1857 3011 γινώσκωδ

293 3033 696 3104 κατεργάζομαι
719 3075 733 3099 ,
775 3034 1121 3106 λογιζόμενος
1156 3035 1188 3088 ὃ
1218 3037 1293 3108 μὴ
1320 3035 1478 3090 θέλω.
1508 3037 1582 3090 Τὸ
1609 3037 1740 3107 γάρ,
1782 3035 1855 3092 ’0

291 3122 708 3193 κατεργάζομαι
730 3127 802 3179 οὐ
827 3124 1095 3193 γινώσκω
1113 3165 1128 3188 ,
1157 3126 1255 3179 καί
1284 3124 1433 3179 ποιῶ
1454 3125 1487 3179 ὃ
1507 3122 1690 3194 μισῶ,
1712 3124 1859 3194 λεγό-

292 3232 452 3286 μενον
470 3257 484 3281 ,
515 3216 616 3269 ούκ
646 3216 737 3269 ἐπὶ
781 3219 874 3270 τοῦ
905 3216 1351 3287 τελεσιουργῆσαι
1383 3216 1445 3269 τὸ
1493 3214 1715 3285 φαῦλον,
1762 3216 1856 3270 καὶ

290 3307 482 3378 δρᾶσαι
517 3306 901 3378 παραληπτέον
921 3346 939 3373 ,
970 3306 1084 3361 ἀλλ’
1132 3307 1227 3360 ἐπὶ
1274 3305 1369 3360 τοῦ
1419 3307 1576 3377 μόνον
1620 3306 1858 3376 ἐνθυμη-

291 3397 476 3468 θῆναι,
544 3398 817 3470 λογισμῶν
867 3398 1149 3454 ἀνοικείων
1206 3400 1337 3471 ημῖν
1400 3396 1857 3470 προσιπταμένων

291 3488 595 3555 πλεονάκις,
629 3489 722 3542 καὶ
750 3487 1203 3561 ἑμφανταζόντων
1223 3488 1370 3559 ἡμᾶς
1384 3488 1521 3559 πρὸς
1559 3485 1596 3540 ἃ
1620 3485 1695 3556 μὴ
1711 3485 1858 3538 θέλο-

293 3597 410 3649 μεν»
440 3581 543 3651 τῆς
583 3580 761 3651 ψυχῆς
788 3583 903 3643 τοῖς
945 3580 1224 3651 λογισμοῖς
1252 3579 1380 3647 περὶ
1408 3575 1579 3630 πολλὰ
1602 3591 1885 3645 περιαγο--

292 3670 481 3739 μένης.

1965 670 2135 724 exitio
2196 670 2319 734 luit,
2376 671 2574 741 lexque
2625 671 2716 725 illa
2762 672 3061 726 constituta
3109 672 3239 753 milii
3271 682 3378 739 est,
3412 690 3536 745 quae

1965 760 2192 828 perinde
2243 763 2436 831 ingens
2495 761 2629 816 mibi
2681 761 3024 816 commodum
3071 770 3256 832 posset
3309 764 3536 821 afferret

1963 850 2155 907 Absit!
2180 850 2315 905 Nam
2345 851 2594 907 divinum
2622 851 2756 906 illud
2785 851 3101 907 mandatum
3128 868 3238 908 non
3263 869 3328 909 eo
3348 854 3536 911 datum

1966 950 2074 1005 est,
2107 950 2167 995 ut
2199 942 2252 996 in
2284 943 2696 1013 corruptionem
2743 944 2891 998 velut
2941 944 3257 1000 servitutem
3292 946 3537 1003 iucurre-
3564 1000 3571 1008 ,

1964 1046 2102 1095 rem,
2129 1047 2316 1102 eaeque
2359 1033 2491 1087 milii
2537 1032 2687 1088 labes
2719 1032 3087 1097 inurerentur,
3117 1048 3241 1104 quae
3267 1034 3322 1088 iu
3350 1011 3571 1116 extre-‚¹

1964 1138 2110 1178 mam
2141 1124 2439 1193 perniciem
2490 1124 2849 1193 conjicerent,
2885 1124 2980 1179 sed
3027 1132 3088 1178 ut
3106 1124 3403 1191 diabolum,
3437 1125 3570 1197 per}

1964 1211 2020 1266 id
2048 1211 2193 1281 quod
2216 1213 2418 1267 bonum
2441 1219 2545 1277 est,
2579 1212 2784 1266 malum
2812 1212 2944 1267 mihi
2971 1215 3255 1284 perspicue
3283 1214 3533 1271 molitum

1963 1317 2088 1357 esse
2118 1309 2418 1365 constaret,
2473 1310 2636 1371 atque
2687 1309 2748 1355 ut
2805 1301 3051 1358 inventor
3090 1304 3178 1359 ille
3230 1305 3436 1374 peccati
3475 1311 3535 1360 et

1963 1394 2295 1448 architectus
2363 1391 2648 1447 excellenti
2708 1392 2942 1461 quadam
3002 1394 3215 1451 ratione
3273 1405 3536 1466 peccator

1962 1492 2132 1548 esset,
2187 1493 2351 1555 atque
2398 1498 2523 1539 esse
2571 1482 3100 1552 deprehenderetur,
3131 1493 3188 1541 et
3215 1501 3249 1541 a
3277 1486 3420 1543 bono
3449 1502 3533 1544 se-

1959 1578 2288 1648 jungeretur
2316 1578 2364 1631 is
2392 1576 2487 1646 qui
2518 1576 2718 1631 divinae
2738 1575 2840 1646 legi
2857 1577 3130 1631 contraria
3160 1590 3529 1648 procurasset.

1965 1665 2272 1737 Spiritalem
2307 1664 2452 1719 enim
2484 1663 2653 1734 legem
2701 1678 2826 1719 csse
2871 1665 3151 1732 novimus,
3183 1666 3413 1738 ideoque
3437 1685 3531 1725 ne-

1963 1759 2097 1813 mini
2127 1773 2252 1813 esse
2283 1757 2457 1810 fraudi
2484 1757 2594 1810 ulla
2621 1755 2676 1809 in
2705 1770 2766 1810 re
2815 1769 2998 1826 posse,
3054 1771 3177 1811 cum
3211 1758 3281 1813 ab
3309 1768 3532 1829 experte

1963 1851 2194 1905 rationis
2222 1848 2517 1917 cupiditate
2546 1847 2705 1917 longe
2734 1847 2997 1917 spiritalia
3037 1849 3230 1904 dissita
3253 1851 3384 1906 sint.
3415 1851 3528 1921 Ego

1893 1918 1934 1972 B
1964 1958 2079 1997 vero
2101 1940 2333 1994 carnalis
2363 1955 2503 2001 sunt,
2535 1938 2858 1992 venundatus
2875 1940 2969 1991 sub
2995 1950 3266 2006 peccatum
3281 1944 3322 1997 ⁸.
3357 1943 3529 2008 Quasi

1960 2033 2169 2088 diceret
2197 2050 2210 2085 z
2236 2030 2349 2102 qu
2374 2047 2494 2084 nero
2521 2031 2756 2084 carnalis
2779 2046 2917 2093 zum,
2938 2038 3101 2100 atque
3135 2032 3192 2085 in
3224 2033 3350 2087 mali
3378 2035 3529 2089 boni-

1959 2139 2066 2193 que
2107 2122 2286 2178 medio
2317 2122 2551 2191 positus,
2579 2128 2767 2190 utpote
2794 2120 2953 2185 liber,
2990 2130 3050 2175 ut
3074 2123 3218 2192 quod
3259 2124 3415 2179 velim
3449 2126 3529 2181 in-

1961 2219 2171 2281 tegrum
2220 2211 2353 2264 mibi
2384 2211 2456 2265 sit
2508 2210 2705 2281 eligere
2748 2210 2936 2280 (Posui
2982 2214 3141 2278 enim,
3177 2214 3375 2285 inquit.
3406 2226 3529 2272 ante

1958 2301 2150 2370 [aciem
2175 2309 2320 2353 tuam
2345 2300 2506 2353 vitam
2527 2308 2576 2354 et
2609 2309 2830 2353 mortem
2851 2300 2917 2369 ⁸);
2947 2315 3070 2355 cum
3099 2301 3156 2356 in
3183 2302 3238 2357 id
3260 2304 3526 2362 inclinas·

1961 2406 2094 2456 sem,
2127 2398 2186 2444 ut
2219 2398 2275 2446 et
2303 2391 2537 2460 spiritali
2568 2390 2693 2461 legi,
2743 2391 2848 2447 boc
2876 2399 2961 2448 est
2989 2393 3264 2459 mandato,
3301 2396 3527 2453 minime

1959 2496 2228 2551 parerem,
2245 2491 2293 2537 et
2324 2493 2552 2537 terrenae
2573 2496 2637 2537 ac
2657 2497 2782 2537 cum
2808 2484 3050 2539 materiae
3071 2484 3202 2540 laece
3227 2494 3519 2548 concretae.

1961 2569 2065 2625 boc
2090 2578 2176 2626 est
2220 2572 2492 2641 serpentis
2518 2571 2768 2635 monitis,
2803 2572 3267 2642 obtemperarem3
3302 2585 3524 2645 propter

1958 2664 2106 2719 bunc
2138 2664 2406 2720 delectum
2439 2666 2493 2719 in
2527 2673 2809 2735 peccatum
2841 2667 3126 2737 prolapsus
3160 2667 3374 2724 diabolo
3400 2684 3523 2724 sum

1958 2757 2234 2811 venditus.
2286 2755 2424 2810 Hinc
2469 2756 2672 2810 malum
2721 2758 2869 2812 velut
2895 2757 3155 2813 obsidens
3185 2758 3528 2813 mibiadhae-

1959 2848 2145 2912 rescit,
2177 2855 2341 2917 atque
2383 2848 2439 2902 in
2472 2863 2636 2903 carne
2669 2865 2809 2914 mea,
2835 2858 3095 2920 tanquam
3124 2850 3182 2905 in
3208 2850 3371 2905 domo
3397 2864 3527 2920 qua·

1959 2939 2105 3005 dani,
2140 2940 2369 3003 habitat,
2404 2938 2857 3011 quemadmodum
2890 2940 3048 2996 sucus
3101 2941 3309 2996 circum
3369 2939 3527 2998 savos

1959 3047 2121 3108 apum
2161 3034 2397 3089 volitans
2446 3047 2511 3088 ac
2554 3032 2768 3089 bombis
2803 3032 3144 3103 obstrepens.
3180 3030 3310 3088 mhi
3343 3032 3530 3103 itaquo

1960 3124 2147 3180 violati
2181 3124 2421 3179 mandati
2454 3137 2614 3194 poena
2652 3122 2769 3179 haec
2809 3122 3064 3193 imposita
3110 3130 3217 3188 est,
3251 3124 3331 3179 uti
3380 3124 3527 3182 malo

1962 3214 2360 3283 quodammodo
2397 3212 2680 3268 venderer.
2705 3212 3018 3283 Propterea,
3053 3213 3198 3284 quod
3232 3212 3373 3270 facio
3413 3230 3526 3272 non

1958 3307 2225 3379 intelligo,
2264 3305 2394 3361 dum
2421 3304 2565 3376 quod
2592 3304 2741 3371 nolo,
2779 3305 2979 3376 cogito.
3007 3304 3133 3361 llaec
3160 3306 3305 3362 enim
3333 3308 3523 3377 verba,

1959 3397 2112 3465 Quod
2133 3398 2276 3467 [acio
2305 3412 2409 3451 non
2433 3411 2709 3465 cognosco,
2731 3405 2781 3450 et
2810 3396 2949 3465 quod
2971 3396 3060 3450 odi
3088 3397 3229 3466 [acio
3248 3397 3290 3461 ⁸,
3307 3412 3415 3452 non
3441 3400 3526 3457 sic

1957 3485 2276 3558 accipienda
2325 3493 2477 3550 sunt,
2503 3484 2663 3556 quasi
2690 3484 2895 3539 malum
2928 3485 3191 3555 perlicere
3216 3485 3435 3556 penitus
3457 3499 3525 3541 ac

1956 3576 2296 3631 committere
2320 3574 2566 3639 dicatur;
2599 3572 2695 3628 sed
2725 3571 2794 3627 ad
2818 3573 2991 3628 solam
3032 3576 3418 3646 cogitationem
3445 3588 3526 3631 ro·

1957 3666 2085 3723 ferri
2116 3681 2216 3737 par
2247 3672 2354 3733 est,
2380 3679 2506 3720 cum
2561 3664 2878 3734 plerumque
2929 3664 3118 3719 alienae
3169 3665 3329 3722 nobis
3355 3672 3410 3720 et
3432 3664 3528 3721 ab·

292 3757 473 3812 surdae
495 3754 855 3821 cogitationes
877 3752 1151 3817 advolent,
1175 3758 1231 3809 et
1266 3753 1334 3808 ad
1360 3768 1425 3808 ea
1456 3768 1577 3824 quae
1609 3754 1868 3811 nolumus
1897 3755 2180 3813 illudendo
2207 3771 2309 3813 nos
2331 3761 2629 3827 provocent
2648 3753 2826 3822 :quod
2869 3755 3051 3809 anima
3101 3757 3527 3837 cogitationibus

294 3846 411 3902 suis
442 3860 536 3914 per
566 3844 771 3900 infinita
803 3859 986 3900 rerum
1010 3860 1208 3917 genera
1238 3846 1597 3903 distrahatur.

364 3941 486 3995 NZ'.
527 3938 599 3992 Οὐ
629 3936 735 4011 γὰρ
760 3935 847 4007 ἐφ’
874 3940 1006 4011 ἡμῖν
1034 3938 1173 4003 ὅλως
1204 3940 1314 4013 (45)
1336 3942 1398 3995 τὸ
1423 3943 1789 4016 ἐνθυμεῖσθαι,
1818 3948 1857 4020 ἢ

298 4034 372 4106 μὴ
405 4031 746 4103 ἐνθυμεῖσθαι
778 4032 953 4086 κεῖται
999 4031 1069 4086 τά
1120 4032 1314 4099 ἄτοπα,
1363 4034 1578 4090 άλλὰτὸ
1601 4038 1854 4110 χρῆσθαι,

292 4126 327 4194 ἢ
359 4125 434 4196 μὴ
451 4121 685 4194 χρῆσθαι
713 4123 826 4185 τοῖς
851 4120 1213 4195 ἐνθυμήμασι.
1231 4125 1489 4181 Κωλῦσαι
1522 4129 1620 4200 μὲν
1646 4131 1755 4203 γάρ
1783 4131 1859 4203 μὴ

294 4218 584 4287 ἐμπίπτειν
636 4216 715 4279 εἰς
764 4216 911 4287 ἡμᾶς
956 4215 1087 4281 τοὺς
1139 4217 1431 4290 λογισμοὺς
1471 4222 1533 4275 ού
1560 4223 1859 4295 δυνάμεθα,

294 4310 429 4380 πρὸς
478 4307 703 4379 δοκιμὴν
743 4306 900 4379 ἡμῶν
944 4307 1139 4374 ἔξωθεν
1168 4312 1597 4384 είσπνεομένους·
1636 4316 1711 4389 μὴ
1744 4334 1861 4372 πει-

295 4401 485 4471 σθῆναι
519 4399 717 4471 μέντοι,
742 4398 775 4471 ῆ
814 4399 888 4470 μὴ
908 4398 1139 4471 χρῆσθαι
1165 4402 1345 4467 αὐτοῖς
1369 4405 1664 4479 δυνάμεθα.
1708 4408 1861 4462 Ἐπεὶ

2034 3943 2200 4017 ω
2229 3942 2383 3998 ΙΝΙΙ.
2407 3941 2591 4014 Neque
2610 3941 2757 3999 enim
2782 3940 2838 3995 in
2872 3940 3032 3998 nobis
3053 3943 3164 3998 ullo
3180 3942 3341 3998 modo
3356 3943 3525 3999 situm

1962 4040 2064 4099 est,
2094 4032 2442 4091 abhorrentia
2463 4033 2726 4103 cogitare,
2754 4031 2838 4087 rel
2866 4046 2974 4086 uon
2996 4033 3270 4102 cogitare;
3297 4035 3394 4091 sed
3418 4038 3521 4101 uti,

1956 4124 2040 4179 vel
2072 4139 2183 4178 non
2201 4123 2278 4178 uti
2299 4124 2570 4193 cogitatis.
2593 4122 2728 4177 Nam
2754 4137 2826 4178 ne
2854 4122 3015 4177 nobis
3047 4121 3351 4180 istiusmodi
3371 4128 3524 4197 cogi-

1957 4217 2189 4272 tationes
2202 4216 2489 4287 obrepant,
2506 4229 2627 4285 quae
2644 4212 2907 4284 probandi
2936 4214 3111 4269 nostri
3127 4229 3293 4273 causa
3315 4220 3526 4274 extrin-

1957 4321 2118 4364 secus
2146 4305 2536 4372 immittuntur,
2581 4304 2873 4374 probibere
2910 4319 3020 4360 non
3050 4320 3380 4376 possumus;
3409 4326 3526 4367 non

1958 4397 2238 4461 assentiri,
2279 4404 2334 4452 et
2382 4396 2580 4453 oblatis
2634 4409 2744 4451 non
2802 4395 2904 4458 uti,
2956 4409 3272 4465 possumus.
3303 4398 3525 4472 Alioqui

294 4490 410 4553 πῶς
454 4492 483 4543 ὁ
550 4488 871 4552 Ἀπόστολος
900 4488 962 4542 τὸ
1016 4490 1115 4562 μὲν
1169 4492 1337 4546 κακὸν
1399 4494 1496 4563 οὐχ
1544 4497 1765 4564 ἥκιστα,
1811 4490 1856 4563 ᾧ
1886 4500 1932 4554 1)
1959 4488 2236 4559 quomodo
2283 4487 2505 4543 tandem
2561 4486 2854 4557 Apostolus
2910 4487 3134 4553 malum,
3199 4487 3344 4559 quod
3416 4492 3525 4550 sibi

294 4579 671 4650 άπηρὲσκετος
729 4578 903 4631 ἐποίει
925 4617 941 4641 ,
1001 4579 1062 4631 τὸ
1111 4579 1169 4632 δὲ
1239 4580 1401 4633 καλὸν
1464 4574 1510 4647 ᾧ
1568 4582 1850 4653 ἠρέσκετο,

293 4668 513 4736 ἥκιστα,
536 4668 585 4719 εἰ
610 4665 685 4736 μὴ
714 4666 846 4736 περὶ
863 4665 971 4719 τῶν
995 4665 1215 4722 ὀθνείων
1231 4668 1627 4740 ἐνθυμημάτων
1650 4670 1855 4740 ἔλεγεν,

295 4757 330 4810 ἃ
355 4756 729 4827 ὲνθυμούμεθα
760 4754 871 4810 ἐσθ’
902 4756 992 4809 ὅτε
1018 4757 1112 4810 καὶ
1143 4757 1218 4828 μὴ
1247 4757 1579 4831 βουλόμενοι,
1629 4759 1691 4827 ἐξ
1738 4763 1856 4827 οἵας

293 4849 352 4900 οὐ
398 4846 753 4915 γινώσκοντες
796 4845 1006 4912 αίτίας;
1037 4847 1104 4899 Ἀ
1146 4837 1540 4919 ἀνατρέπεσθαι
1590 4851 1696 4923 χρὴ
1762 4852 1855 4905 καὶ

294 4936 752 5007 ἐπιστομίζεσθαι,
795 4935 881 4990 ἵνα
917 4934 991 5006 μὴ
1035 4934 1367 5006 εύρυνόμεθα
1401 4939 1418 4969 ¹
1449 4938 1557 4991 τῶν
1602 4939 1854 5011 περάτων

295 5028 605 5098 κρατήσωσι
636 5026 733 5097 τῆς
758 5025 955 5097 ψυχῆς.
999 5025 1300 5096 ’Δμήχανον
1327 5028 1436 5099 γάρ
1469 5029 1672 5082 τούτων
1702 5031 1855 5082 ἐνευ-

294 5117 627 5189 καιρούντων
665 5119 723 5169 ἐν
754 5118 884 5187 ἡμῖν
918 5117 1266 5171 ἐπανατεῖλαι
1288 5119 1351 5172 ’τὸ
1385 5118 1605 5188 ἀγαθόν.
1647 5120 1854 5191 Ὀρθῶς

292 5211 419 5282 ἄρα,
464 5212 534 5262 ’0
576 5208 685 5278 γὰρ
738 5206 1153 5277 κατεργάζομαι
1191 5210 1264 5262 οὐ
1297 5209 1591 5279 γινώσκω,
1641 5209 1846 5278 ἔλεγεν.

288 5306 369 5354 Οὐ
401 5302 509 5371 γὰρ
533 5300 566 5355 ὃ
592 5300 744 5355 θέλω
762 5298 1030 5368 πρόσσω,
1053 5300 1189 5354 ἀλλ’
1216 5300 1249 5354 ὃ
1276 5300 1455 5370 μισῶ,
1483 5301 1657 5356 τοῦτο
1678 5300 1846 5357 ποιῶ.

1961 4576 2303 4648 displicebat,
2335 4577 2569 4631 maxime
2592 4578 2982 4632 committeret:
3000 4576 3204 4632 bonum
3225 4594 3353 4634 vero
3377 4581 3523 4649 quod

1965 4669 2235 4742 placebat,
2253 4667 2592 4739 nequaquam
2617 4666 2839 4735 faceret,
2868 4667 2974 4722 nisi
3002 4666 3070 4723 de
3097 4670 3399 4739 peregrinis
3428 4685 3526 4726 co-

1961 4758 2317 4830 gitationibus
2346 4757 2679 4826 loqueretur,
2711 4770 2849 4826 quas
2880 4756 3063 4813 animo
3085 4757 3413 4829 quaudoque
3435 4758 3525 4818 vel

1963 4849 2117 4904 inviti
2152 4849 2468 4920 incertaque
2498 4848 2657 4905 uobis
2678 4864 2746 4904 ex
2784 4864 2950 4904 causa
2976 4856 3214 4906 tractare
3243 4851 3526 4907 solemus!

1962 4938 2110 5006 Quas
2138 4938 2358 5009 quidem
2393 4945 2635 4994 evertere
2688 4945 2851 5008 atque
2877 4940 3125 4995 inhibere
3153 4941 3425 5005 convenit.
3455 4955 3526 4995 ne

1961 5028 2191 5094 diffusae,
2213 5045 2278 5085 ac
2301 5030 2566 5086 collatatae
2582 5036 2855 5086 extremos
2878 5045 3125 5101 quosque
3160 5030 3307 5086 velut
3331 5030 3525 5086 anima

1963 5117 2098 5175 lines
2120 5121 2174 5175 in
2202 5126 2524 5190 potestatem
2574 5119 2819 5189 redigant
2850 5137 2865 5173 z
2900 5134 3076 5189 neque
3104 5118 3249 5174 enim
3280 5118 3394 5174 lieri
3427 5134 3524 5191 po-

1959 5219 2088 5276 test,
2130 5219 2190 5265 ut
2222 5211 2271 5267 si
2324 5211 2430 5266 illae
2475 5210 2757 5267 commode
2805 5211 3197 5272 succreverint,
3229 5210 3432 5265 bonum
3465 5211 3523 5268 in

1956 5302 2115 5359 nobis
2150 5301 2474 5358 efflorescat.
2503 5300 2666 5359 Recte
2699 5302 2882 5372 itaque
2933 5302 3149 5357 dicebat
3176 5303 3471 5373 Apostolus
3505 5323 3521 5362 ι

371 5458 386 5487 ¹
415 5455 545 5510 Cor.
579 5454 932 5528 εὐρυνόμενα.
1007 5455 1027 5485 ’
1058 5451 1218 5509 Rom.
1249 5469 1347 5520 vn,
1388 5443 1474 5510 lt.
1550 5456 1571 5487 ⁸
1607 5455 1766 5511 Deut.
1800 5471 1931 5520 nx,
1969 5456 2061 5512 ¹5.
2137 5455 2161 5488 ⁸
2193 5454 2357 5511 Rom.
2390 5472 2486 5524 vn,
2520 5456 2609 5514 15.

367 5607 476 5678 (45)
518 5608 601 5660 Οὐ
635 5607 743 5674 γὰρ
775 5608 866 5675 ἐφ’
896 5605 1040 5677 ἡμῖν
1071 5607 1244 5673 ὅλως.
1280 5606 1547 5661 Praeclara
1574 5616 1627 5661 et
1655 5607 1847 5661 catho-

296 5678 399 5733 lica
422 5677 705 5747 apostolici
732 5677 874 5733 illius
900 5677 1029 5732 dicti
1052 5677 1341 5737 sententia.
1368 5692 1529 5745 quam
1548 5675 1849 5730 Metbotlius

294 5750 551 5817 exponit;
589 5760 652 5799 ac
695 5746 956 5801 adversus
1004 5746 1276 5800 liodiernae
1314 5746 1535 5799 baeresis
1577 5746 1847 5799 inscitiam

298 5822 458 5885 atque
484 5816 880 5887 improbitatem
901 5815 1241 5872 observanda
1266 5814 1577 5887 diligenter:
1612 5816 1704 5886 qui
1728 5829 1859 5870 con-

1955 5608 2370 5678 cupiscentiam,
2413 5616 2467 5663 et
2504 5624 2626 5680 qum
2674 5623 2739 5662 ex
2778 5608 2922 5663 illius
2961 5610 3285 5679 contagione
3334 5605 3521 5664 invfitis

1957 5679 2116 5731 nobis
2161 5678 2448 5748 obrepunt,
2488 5695 2614 5733 vere
2645 5692 2766 5731 esse
2797 5688 3017 5746 peccata
3047 5680 3356 5735 deliniunt:
3406 5693 3521 5759 quo

1957 5750 2176 5801 nominc
2204 5762 2312 5800 non
2355 5748 2464 5817 iam
2505 5746 2793 5816 καθαρούς,
2833 5752 2924 5802 serl
2965 5750 3304 5820 ἀκαθάρτους
3327 5754 3380 5803 el
3416 5761 3522 5803 tm-

1963 5816 2288 5886 purissimos
2318 5833 2375 5874 se
2402 5832 2522 5875 esse
2554 5819 2746 5873 merito
2767 5817 3108 5889 profitentur.
