3850 6517
211 554 226 565 .
296 470 401 530 iss

1313 477 1373 564 S.
1407 478 1752 537 arteman
1784 477 1964 534 Aera
2003 471 2506 535 normaniam.

3430 464 3537 526 tto

295 590 494 648 similia
530 591 720 649 iisdem
760 592 872 648 l'ere
911 596 1086 652 verbis
1139 597 1302 654 habet
1349 598 1604 656 Socrates
1650 601 1746 655 lib.
1786 615 1863 666 vt,
1894 605 1942 661 Α
2042 601 2132 655 42.
2159 597 2231 657 Ut
2256 609 2315 656 ut
2346 599 2437 666 sit,
2471 603 2714 679 apparet,
2758 595 3026 667 optimum
3073 591 3212 650 alias
3247 593 3539 651 sanctissi-

296 695 418 751 cap.
446 682 547 748 Ης
577 683 720 752 paris
749 683 907 753 plane
927 699 1052 741 cum
1075 684 1380 744 Sozomeno
1407 690 1583 745 aetatis
1605 691 1865 761 scriptor,

297 780 352 829 et
377 787 442 829 ex
465 787 573 843 quo
589 789 741 831 suam
770 773 881 831 lere
901 775 1194 832 Historiam
1218 788 1502 836 mutuatus
1528 779 1865 839 Sozomenus

267 905 270 908 .
299 860 554 919 creditur.
585 862 890 921 sozomeno
923 873 1102 932 tamen
1141 867 1398 926 libentius
1432 886 1565 928 usus
1594 872 1685 928 hic
1718 888 1862 939 sum,

298 968 407 1009 non
441 955 567 1026 quia
597 954 957 1014 Salaminium
985 974 1109 1015 eum
1140 960 1316 1023 luisse
1351 963 1537 1028 credo,
1572 965 1717 1022 sicut
1744 967 1866 1037 opi-

299 1053 458 1099 natur
486 1044 824 1117 Nicephorus
857 1050 1064 1121 aliique
1104 1059 1229 1122 post
1268 1070 1428 1123 eum;
1472 1059 1737 1128 cumipse
1768 1060 1862 1114 lib.

298 1149 352 1197 v,
378 1150 500 1204 cap.
534 1137 623 1203 15,
668 1137 812 1193 haud
861 1140 1093 1198 obscure
1133 1142 1336 1199 indicet
1379 1160 1439 1202 se
1469 1145 1862 1216 Palaestinium,

297 1239 362 1280 ex
397 1227 516 1283 vico
539 1230 774 1299 quodam
804 1230 960 1302 juxta
992 1232 1194 1289 Gazam
1221 1235 1309 1291 cui
1349 1252 1548 1294 nomen
1587 1233 1863 1308 Bethelia3

298 1317 389 1372 sed
426 1319 554 1388 quia
578 1320 690 1391 jam
721 1322 844 1377 inde
880 1323 950 1379 ab
974 1324 1340 1383 adolescentia
1371 1327 1712 1387 familiariter
1737 1347 1865 1389 cum

300 1411 586 1468 inonachis
613 1413 683 1469 ibi
713 1415 1039 1484 celebribus,
1082 1417 1377 1479 Hilarionis
1402 1422 1686 1494 discipulis
1718 1426 1868 1483 suis-

297 1516 405 1571 que
442 1511 502 1558 nt
526 1504 739 1562 videtur
768 1510 1208 1581 consanguineis,
1247 1523 1525 1582 versatum
1578 1516 1868 1574 Salamane

297 1594 526 1660 scilicet,
553 1611 678 1651 cum
723 1613 832 1668 quo
858 1614 1150 1657 commune
1175 1617 1371 1660 nomen
1405 1605 1593 1662 habuit
1623 1609 1861 1680 (diceba-

299 1692 391 1739 tur
412 1685 578 1749 enim,
618 1687 693 1743 uti
728 1688 958 1747 Photius
990 1702 1164 1760 notat,
1208 1713 1228 1748 ι
1269 1693 1584 1755 Salamanet
1619 1701 1868 1760 ilermias

298 1774 656 1845 Sozomenus,
696 1801 717 1835 ι
760 1783 906 1854 quod
942 1784 1080 1842 alios
1125 1786 1357 1858 decepit,
1403 1798 1463 1847 ιιι
1506 1791 1864 1852 Salaminium

294 1869 597 1942 crederent)
628 1871 855 1945 ejusque
895 1874 1160 1933 fratribus
1190 1876 1459 1951 Fuseone,
1489 1881 1776 1943 Hachione
1813 1894 1869 1942 et

295 1961 596 2032 Crispione,
632 1981 865 2036 quorum
889 1978 1199 2039 postremus
1231 1972 1290 2028 S.
1327 1973 1633 2046 Epiphanio
1677 1979 1864 2036 adhae-
1898 1943 1940 1998 Β

293 2068 441 2121 rene,
473 2056 529 2111 iu
563 2071 791 2114 minnere
821 2061 1196 2120 archidiaconi
1229 2063 1705 2141 Constantinopoli
1741 2082 1868 2131 ante

296 2159 473 2212 ipsum
513 2146 670 2217 obiit,
705 2158 960 2223 utsupra
1002 2153 1265 2210 vidimus.
1314 2156 1542 2215 Accedit
1579 2161 1729 2232 quod
1760 2163 1865 2220 So·

293 2236 428 2291 crati
467 2239 731 2297 nonnulla
769 2242 935 2299 etiam
967 2243 1059 2302 hic
1102 2246 1371 2305 addiderit
1413 2247 1776 2321 sozomenus,
1812 2264 1868 2312 et

292 2329 604 2386 accuratius
645 2333 828 2404 aliqua
883 2334 1134 2392 videatur
1188 2338 1444 2398 edidisse.
1492 2340 1740 2403 Notabile
1782 2356 1870 2405 est

293 2425 474 2476 tamen
505 2421 651 2491 quod
681 2422 850 2480 relata
895 2424 1186 2498 Epiphanii
1224 2437 1280 2486 et
1316 2427 1545 2491 loannis
1582 2445 1772 2493 mutua
1801 2439 1868 2495 de

294 2525 354 2567 se
401 2511 633 2569 invicem
687 2515 1059 2588 praedictione,
1087 2519 1249 2577 addat
1276 2520 1568 2581 Socrates:
1605 2544 1626 2580 ι
1673 2527 1867 2586 Utrum

220 2651 228 2662 ,
290 2616 456 2673 porro
476 2619 603 2661 vera
629 2604 765 2662 mihl
795 2607 1033 2666 dixerint
1057 2612 1151 2684 qui
1188 2613 1294 2670 ista
1337 2626 1655 2685 narrarunt,
1703 2622 1866 2692 equi-

291 2693 412 2746 dem
445 2707 553 2748 non
588 2709 811 2766 possum
842 2697 1145 2770 affirmare3
1191 2703 1407 2776 utrique
1437 2713 1619 2764 tamen
1646 2708 1866 2768 illorum

298 2777 616 2853 huiusmodi
663 2789 846 2873 exitus
876 2791 1120 2864 cotitigit.
1154 2791 1290 2850 Nam
1314 2811 1490 2868 neque
1529 2797 1866 2872 Epiphanius

292 2889 482 2931 narem
515 2879 724 2949 appulit
741 2879 1008 2954 Cyprum,
1041 2894 1168 2956 post
1196 2886 1499 2946 discessum
1533 2892 1680 2948 enim
1713 2910 1867 2951 mor·

293 2973 418 3021 uitis
448 2976 534 3023 est
567 2969 620 3023 in
649 2971 865 3042 navigio
894 2992 907 3028 ε
933 2981 989 3030 et
1007 2973 1248 3034 Joannes
1275 2979 1418 3035 baud
1453 2983 1625 3038 multo
1649 2994 1772 3056 post
1793 3001 1861 3041 ex

290 3058 610 3130 episcopatu
638 3062 872 3135 dijectus
901 3077 1005 3124 est.
1039 3087 1060 3122 ι

358 3147 448 3204 Μ.
472 3147 658 3206 Potuit
694 3167 827 3209 sane
850 3152 1166 3226 hujusmodi
1196 3161 1377 3217 exitus
1399 3163 1684 3235 utriusque
1707 3179 1866 3222 occa·

1968 707 2229 761 miimque
2288 705 2508 755 senem,
2556 689 2841 760 deceptum
2897 685 3070 743 l'uisse
3128 701 3162 742 a
3208 683 3536 756 Theophilo,

1967 793 2075 841 tam
2106 784 2160 839 in
2192 797 2357 840 causa
2387 797 2578 840 eorum
2619 797 2760 854 quos
2786 777 3322 836 ‹loannes-tolerabat
3343 793 3539 835 mona·

1966 878 2217 938 chorum,
2266 890 2431 945 quam
2477 874 2650 946 ipsius
2690 870 2955 940 ‹loannis3
2988 878 3044 926 et
3083 885 3153 925 ex
3201 867 3540 925 abundantia

1968 964 2068 1020 zeli
2099 978 2322 1034 passum
2357 976 2482 1018 esse
2528 961 2826 1017 humanum
2876 957 3105 1030 aliquid,
3153 957 3314 1030 cujus
3351 956 3537 1028 ipsum

1965 1057 2077 1113 cito
2120 1055 2457 1128 poenituerit,
2513 1053 2797 1126 magisque
2835 1051 3107 1124 potuisset
3149 1049 3450 1122 poenitere,
3488 1048 3540 1106 si

1966 1163 2090 1220 quae
2112 1157 2234 1220 post
2261 1147 2564 1205 discessum
2596 1159 2759 1203 suum
2792 1153 2922 1201 sunt
2948 1149 3265 1211 consecuta,
3289 1140 3537 1198 vidisset.

1966 1237 2189 1296 Interim
2218 1237 2323 1294 hoe
2348 1235 2815 1294 machinationum
2861 1248 3086 1292 suarum
3126 1246 3391 1290 successu
3429 1231 3547 1288 ela-

1966 1341 2057 1388 tns
2079 1330 2435 1402 Theophilus.
2488 1330 2813 1402 priusquam
2840 1322 3372 1395 Constantinopolim
3409 1337 3543 1394 pro·

1966 1424 2299 1482 licisceretur
2320 1424 2387 1480 ad
2415 1422 2705 1495 synodum,
2743 1435 2853 1492 qua
2884 1416 3112 1475 loannis
3144 1415 3415 1488 depositio
3436 1416 3541 1472 de·

1967 1524 2115 1573 creta
2145 1522 2252 1584 est,
2294 1516 2369 1572 ita
2402 1516 2473 1570 de
2518 1528 2586 1569 eo
2631 1512 2701 1568 ad
2745 1511 2805 1566 S.
2859 1508 3250 1581 Hieronymum
3295 1507 3539 1579 scripsit,

1972 1628 1992 1663 ι
2025 1606 2366 1679 origenistas
2392 1608 2448 1662 in
2491 1622 2647 1663 suam
2698 1605 2970 1677 recipiens
3013 1602 3440 1660 familiaritatem
3482 1610 3541 1658 et

1967 1716 2033 1757 ex
2059 1699 2144 1756 his
2174 1698 2440 1771 pluriinos
2473 1697 2545 1754 ad
2588 1697 2954 1754 sacerdotium
3000 1694 3324 1766 provehens,
3376 1700 3545 1763 atque

1968 1793 2040 1850 ob
2074 1793 2179 1848 hoc
2215 1791 2395 1848 scelus
2444 1790 2615 1846 beatae
2659 1787 2937 1844 memoriae
2976 1787 3251 1842 bominem
3285 1783 3382 1839 Dei
3409 1783 3543 1854 Epi·

1969 1884 2253 1956 phanium,
2281 1882 2375 1954 qui
2407 1882 2550 1937 inter
2580 1879 2866 1950 episcopos
2889 1879 3100 1935 clarum
3135 1876 3192 1950 ia
3224 1876 3359 1932 orbe
3386 1875 3544 1931 sidus

1968 1974 2191 2040 effulsit,
2232 1975 2375 2030 haud
2423 1987 2595 2043 parvo
2641 1985 2880 2028 moerore
2928 1970 3287 2031 contristans,
3336 1967 3544 2024 meruit

1969 2066 2161 2122 audire
2191 2079 2205 2121 ε
2235 2062 2443 2119 Cecidit
2478 2063 2723 2135 Babylon
2748 2062 2889 2135 (Iso.
2922 2077 3036 2126 xxi,
3063 2061 3142 2132 9).
3184 2079 3205 2114 ι
3246 2059 3422 2128 Quem
3455 2060 3533 2115 io·

1968 2173 2094 2215 cum
2118 2156 2242 2212 ideo
2264 2155 2353 2210 hic
2372 2155 2666 2210 adductum
2695 2153 2868 2218 volui,
2895 2163 2954 2209 nt
2981 2151 3311 2221 intelligatur
3330 2163 3543 2220 nequa-

1968 2265 2133 2322 quam
2168 2247 2575 2320 ambigendum,
2607 2245 2742 2317 quin
2769 2245 2955 2302 statim
2986 2251 3112 2315 post
3142 2256 3304 2299 suum
3334 2256 3366 2297 a
3392 2237 3544 2297 Con·

1969 2341 2327 2412 stantinopoli
2382 2340 2687 2395 discessum
2710 2377 2726 2404 ,
2786 2336 2865 2392 uti
2924 2335 3267 2391 sozomenus
3327 2331 3543 2398 scribit,

1967 2433 2163 2489 obierit
2192 2430 2554 2502 Epiphanius,
2585 2429 2653 2486 de
2686 2443 2798 2500 quo
2845 2435 2905 2483 ut
2946 2427 3061 2497 iam
3099 2435 3319 2482 mortuo
3356 2421 3545 2480 Theo·-

1968 2523 2152 2594 philus
2176 2522 2449 2594 loquitur;
2474 2535 2713 2591 cumque
2743 2520 2810 2574 ¹2
2832 2517 2961 2575 Maii
2987 2519 3182 2574 saltem
3206 2516 3279 2573 sit
3296 2515 3415 2571 dies
3444 2515 3545 2572 de·

1968 2615 2255 2687 positionis
2295 2615 2348 2670 in
2381 2613 2582 2687 Cypro,
2630 2626 2808 2683 neque
2847 2611 2940 2667 diu
2990 2619 3149 2667 antea
3199 2609 3406 2665 obiisse
3445 2621 3549 2677 po·

1968 2705 2164 2772 tuerit,
2217 2705 2377 2777 cujus
2430 2705 2619 2770 navis,
2665 2710 2727 2759 ut
2782 2711 2978 2774 praeter
3030 2702 3154 2774 ejus
3208 2701 3543 2756 voluntatem

1915 2865 1925 2872 ·
1968 2797 2288 2870 procederet
2318 2799 2483 2861 lente,
2520 2811 2764 2852 mensem
2784 2804 2965 2851 tamen
2998 2794 3080 2848 vel
3106 2791 3539 2857 sesquimensem

1968 2890 2150 2948 itineri
2178 2891 2266 2944 vix
2299 2891 2477 2959 potuit
2519 2886 2885 2956 impendisse;
2921 2891 3267 2947 consequens
3302 2881 3385 2928 est
3411 2886 3540 2926 eum

1968 2982 2172 3037 obiisse
2202 2993 2388 3034 mense
2422 2977 2613 3033 saltem
2642 2973 2812 3043 Aprili
2843 2971 2974 3026 anni
3001 2965 3128 3033 toz,
3164 2964 3373 3021 Maium
3392 2974 3545 3020 certe

1967 3084 2112 3142 aegre
2162 3068 2429 3138 attigisse.
2488 3063 2642 3120 Unde
2694 3060 2885 3118 mirari
2940 3057 3108 3121 subit,
3172 3071 3279 3128 qua
3331 3053 3548 3111 ratione

1968 3161 2168 3218 dixerit
2221 3157 2511 3222 Baronius,
2554 3172 2574 3207 ι
2613 3151 2855 3226 ignorari
2911 3157 3082 3223 quoto
3136 3147 3353 3203 Domini
3396 3160 3548 3203 anno

290 3238 499 3297 sionem
535 3241 752 3302 dedisse
774 3245 1110 3315 hominihus,
1147 3261 1354 3310 mutuae
1396 3256 1538 3312 inter
1587 3257 1709 3314 ilios
1751 3259 1865 3316 dis·
1894 3267 1939 3326 c,
1970 3253 2186 3309 obierit.
2237 3270 2256 3304 ι
2295 3248 2451 3305 Sicut
2487 3247 2632 3303 etnim
2671 3257 2741 3300 ex
2788 3242 3060 3315 Apoieqiis
3116 3239 3430 3312 Hieronymi
3472 3238 3549 3295 ad

292 3335 567 3393 sensionis
597 3340 859 3407 consciis,
902 3342 1164 3414 virosque
1206 3357 1427 3405 sanctos
1465 3364 1566 3406 suo
1589 3351 1724 3423 pede
1753 3368 1868 3408 me·

292 3427 573 3494 tientlbus,
597 3439 658 3484 ut
677 3430 1085 3490 altercationem
1112 3437 1401 3495 verborum
1430 3443 1647 3514 utrique
1672 3460 1864 3515 parum

292 3517 513 3590 dignam
561 3519 896 3594 effingerent,
943 3528 1413 3596 quemadmodum
1453 3532 1713 3602 iudicavit
1762 3534 1863 3591 Ba·

294 3611 506 3675 ronius,
534 3618 590 3667 et
627 3622 747 3683 post
777 3631 902 3670 eum
937 3614 1178 3674 Socratis
1205 3631 1367 3692 atque
1414 3621 1701 3681 Sozomeni
1745 3628 1868 3682 illu-

294 3709 498 3756 strator
534 3711 589 3758 et
630 3704 896 3776 interpres
924 3709 1255 3767 novissimus
1293 3711 1559 3772 ilenricns
1592 3713 1863 3774 Valesius.

295 3789 521 3849 Dubitat
571 3796 738 3852 etiarn
785 3795 1073 3868 Baronius,
1128 3817 1325 3860 verene
1373 3803 1732 3876 Epiphanius,
1784 3811 1866 3867 uti

296 3884 488 3941 scribit
525 3885 800 3953 Socrates,
836 3906 856 3941 ι
901 3889 1038 3946 Cum
1084 3893 1150 3946 ad
1201 3893 1488 3952 Basilicam
1535 3897 1593 3954 S.
1640 3896 1868 3961 «loannis

296 3975 614 4045 appulisset,
660 3992 784 4049 quae
814 3988 1020 4050 septem
1050 3995 1312 4052 passuum
1348 3986 1588 4044 millibus
1627 3990 1697 4044 ab
1735 3991 1868 4048 urbe

296 4067 483 4132 distat,
513 4083 654 4123 nave
702 4085 976 4140 egressus,
1021 4075 1304 4131 collectam
1355 4077 1429 4132 ibi
1476 4079 1764 4137 celebrarit
1813 4089 1869 4139 et

173 4200 197 4216 .
296 4157 588 4215 diaconum
613 4160 901 4228 ordinarit,
935 4164 1252 4235 priusquam
1303 4167 1581 4225 civitatem
1617 4170 1867 4243 ingrede-

300 4261 469 4309 retur.
503 4273 523 4305 ι
558 4251 789 4309 Veretur
818 4270 1057 4326 namque
1089 4271 1156 4312 ne
1183 4257 1461 4327 querelam
1490 4257 1720 4317 Joannis
1750 4260 1870 4317 Hie·

299 4342 676 4415 rosolymitani
702 4345 772 4402 de
793 4343 1122 4418 Epiphanio,
1158 4349 1225 4404 ad
1253 4345 1521 4406 loannem
1556 4351 1868 4408 Constanti·

298 4434 672 4506 nopolitanum
702 4451 986 4507 perperam
1013 4439 1348 4496 transtulerit
1371 4439 1645 4510 Socrates,
1676 4459 1872 4516 quam-

298 4525 383 4582 vis
414 4533 545 4581 tunc
574 4541 698 4581 cum
730 4541 818 4582 res
847 4535 1103 4599 ageretur
1136 4528 1611 4605 Constantinopoli
1658 4536 1866 4593 vivens.

297 4613 483 4686 Neque
501 4616 648 4673 enim
672 4627 896 4687 apparet
926 4618 1018 4673 hic
1045 4628 1154 4675 tam
1186 4620 1335 4692 justa
1379 4638 1543 4695 quam
1589 4625 1660 4680 ibi
1699 4640 1871 4683 excu-
1901 4597 1949 4654 ο

298 4708 456 4764 sandi
513 4709 800 4781 Epiphanii
847 4711 1010 4777 ratio,
1052 4727 1177 4769 cum
1230 4712 1475 4772 Ecclesia
1529 4714 1587 4772 S.
1641 4715 1870 4773 ,loannis

299 4800 435 4858 citra
467 4803 892 4859 controversiam
916 4812 1061 4861 esset
1087 4806 1192 4862 sub
1209 4806 1569 4877 dispositione
1599 4807 1872 4864 Constan-

300 4892 643 4961 tinopolitani
671 4893 933 4964 episcopi,
963 4896 1054 4953 ubi
1087 4911 1191 4954 nec
1216 4897 1385 4969 hujus
1430 4898 1644 4970 injussu
1679 4898 1870 4958 licuis-

301 4993 385 5040 set
403 4982 708 5054 Epiphanio
738 4983 1030 5044 Missarum
1061 4990 1348 5058 solemnia,
1396 4993 1594 5049 nedum
1643 4994 1871 5050 ordina·

301 5075 480 5132 tiones
531 5076 808 5133 celebrare
846 5095 860 5133 ε
910 5078 978 5134 de
1038 5090 1270 5154 utroque
1322 5093 1502 5140 tamen
1553 5095 1869 5155 querentem

301 5164 753 5238 chrysostomum
788 5168 1049 5228 Socrates
1077 5171 1318 5241 inducit;
1346 5174 1478 5246 qnin
1513 5175 1676 5232 etiam
1707 5177 1776 5232 de
1804 5175 1873 5232 iis

305 5272 430 5329 quae
455 5257 513 5313 in
548 5259 940 5332 Apostolorum
974 5263 1178 5335 templo
1202 5262 1449 5322 l'acturus
1481 5276 1601 5322 erat
1631 5266 1872 5338 Epipha-

303 5349 455 5418 nius,
489 5349 597 5407 nisi
624 5352 1041 5412 denuntiatione
1083 5353 1317 5413 «loannis
1363 5372 1463 5428 per
1514 5357 1869 5428 Serapionem

306 5440 412 5497 sibi
443 5440 588 5499 lacta
627 5442 823 5501 suisset
855 5446 1203 5512 absterritus,
1234 5448 1302 5505 de
1335 5448 1423 5516 iis,
1478 5449 1722 5520 inquam,
1750 5467 1875 5523 quar

303 5531 481 5590 sotum
542 5535 837 5592 constituta
899 5535 1034 5593 dicit
1085 5539 1443 5607 sozomenus,
1503 5551 1760 5612 tanquam
1808 5545 1875 5599 de

305 5622 486 5692 reipsa
518 5622 677 5680 l'actis
701 5625 884 5682 minus
904 5627 1291 5685 verosimiliter
1322 5625 1566 5702 loquitu'r
1595 5633 1870 5701 Socrates,

305 5719 510 5766 actum
538 5711 759 5767 demum
804 5711 1068 5769 loannem
1110 5717 1205 5780 ait,
1262 5732 1332 5773 ne
1380 5717 1570 5774 eadem
1610 5718 1877 5789 postridie
1915 5728 1927 5736 '

308 5802 657 5869 iterarentur,
699 5803 946 5876 ingresso
986 5820 1178 5863 rursus
1208 5807 1261 5862 in
1308 5808 1593 5864 ecclesiam
1637 5807 1875 5880 Epipha-

309 5893 406 5947 nio
435 5892 652 5949 misisse
675 5891 1048 5966 Serapionem.

1970 3345 2265 3410 Rullinum,
2295 3341 2516 3413 scriptis
2552 3355 2697 3396 auno
2729 3336 2856 3405 toz,
2889 3344 3034 3392 recte
3062 3334 3253 3406 probat
3275 3347 3400 3389 eum
3430 3345 3548 3387 non

1968 3438 2170 3492 obiisse
2198 3435 2390 3501 eodem
2416 3447 2563 3489 anno
2596 3444 2782 3485 inense
2818 3427 2962 3483 Maio
2987 3444 3007 3494 ·,
3047 3427 3121 3481 ita
3151 3441 3217 3481 ex
3244 3426 3358 3497 jam
3381 3423 3548 3480 dictis

1969 3528 2260 3598 colligitur,
2297 3526 2403 3582 isto
2428 3522 2649 3595 quidem
2692 3535 2840 3576 auno
2882 3535 2988 3574 non
3041 3516 3267 3579 obiisse,
3304 3516 3397 3571 sed
3441 3527 3549 3570 nee

1958 3619 2113 3674 ·ultra
2145 3619 2353 3689 primos
2377 3617 2497 3672 dies
2529 3613 2654 3669 Maii
2690 3612 2817 3668 anni
2857 3611 3147 3682 sequentis
3187 3609 3354 3665 vitam
3411 3622 3545 3678 pro·

1969 3725 2394 3858 Γοὶἓῗδὲἶῑοιιειιι
2428 3799 2572 3855 idem
2605 3794 2875 3853 Baronius
2909 3792 3296 3864 Epiphanium‚
3332 3800 3389 3848 et
3428 3805 3547 3849 tne-

1970 3894 2081 3950 rito
2104 3901 2350 3957 excusat,
2383 3891 2438 3945 in
2466 3890 2535 3945 iis
2557 3903 2680 3960 quae
2717 3887 2785 3944 de
2814 3886 3109 3942 Ammonio
3140 3892 3196 3940 et
3227 3884 3395 3940 sociis
3420 3898 3545 3939 cre·

1968 3986 2140 4053 didit;
2180 4000 2247 4041 eo
2279 3982 2422 4055 quod
2462 4000 2482 4035 ι
2521 3978 2864 4051 Theophilus
2895 3993 3004 4034 non
3052 3977 3282 4048 privatis
3331 3985 3543 4032 tantum

1968 4078 2191 4143 litteris,
2231 4077 2325 4132 sed
2384 4074 2739 4148 synodalibus
2783 4087 2851 4130 ex
2901 4071 3134 4128 concilio
3171 4069 3544 4125 Alexandrino

1970 4167 2224 4236 scriptis,
2284 4164 2507 4220 haeresis
2556 4179 2653 4220 eos
2708 4162 2992 4219 convictos
3034 4169 3199 4231 atque
3254 4158 3547 4215 damnatos

1971 4256 2409 4328 significaveram
2444 4252 2589 4309 used
2619 4268 2729 4308 non
2776 4252 2897 4308 ideo
2934 4251 3303 4306 sozomenum
3347 4265 3548 4321 argue-

1972 4351 2075 4406 rim
2099 4348 2313 4418 iniuriae
2355 4346 2620 4402 adversus
2656 4344 3042 4416 Epiphanium,
3078 4350 3173 4397 aut
3203 4341 3371 4397 nimis
3412 4355 3543 4413 erga

1974 4438 2265 4512 origenem
2318 4436 2544 4504 favoris,
2599 4438 2730 4493 dum
2790 4434 2999 4490 inducit
3053 4432 3204 4487 illum
3255 4431 3541 4501 latentem,

1973 4532 2120 4604 quod
2149 4530 2267 4586 solo
2294 4530 2481 4586 auditu
2515 4528 2582 4584 de
2616 4526 2686 4584 iis
2719 4525 3054 4598 cognoverit.
3083 4522 3219 4578 Nam
3250 4537 3427 4596 neque
3462 4532 3545 4579 te·

1976 4638 2126 4680 mere
2180 4620 2411 4678 credidit
2456 4619 2568 4675 illis
2612 4616 2900 4689 Theophili
2950 4616 3143 4671 litteris
3180 4614 3540 4685 Epiphanius,
3643 4690 3652 4695 υ
3721 4603 3727 4608 ’

1974 4722 2160 4786 utpote
2189 4730 2209 4765 ι
2250 4725 2373 4782 quae
2405 4709 2677 4766 scirentur
2709 4709 2764 4764 in
2813 4707 3002 4763 orbem
3047 4705 3338 4778 divulgatae
3378 4715 3543 4778 atque

1975 4813 2203 4874 receptae
2242 4802 2310 4858 ab
2343 4800 2635 4856 Anastasio
2674 4799 2920 4854 Romano
2956 4796 3213 4868 pontillce
3250 4817 3263 4854 :
3306 4816 3327 4850 ι
3362 4813 3543 4869 neque

1972 4903 2154 4950 tamen
2183 4894 2251 4949 ad
2286 4893 2644 4964 quaestionem
2673 4890 2951 4946 Ammonii
2988 4890 3150 4946 aliter
3178 4891 3411 4947 debebat
3451 4907 3544 4948 re-

1974 4985 2265 5057 spondere,
2293 4985 2386 5057 qui
2414 4988 2534 5057 ejus
2564 5000 2629 5040 ac
2652 4984 2927 5040 sociorum
2966 4998 3185 5040 causam
3210 4999 3307 5056 per
3346 5000 3405 5041 se
3432 5002 3542 5071 nun

1974 5085 2341 5149 cognoverat:
2368 5085 2423 5132 et
2446 5075 2675 5132 audiens
2709 5082 2914 5146 quanto
2943 5074 3018 5129 illi
3052 5089 3177 5147 erga
3213 5089 3273 5129 se
3301 5075 3543 5146 egissent

1973 5169 2445 5240 circumspectius,
2478 5182 2585 5223 non
2615 5175 2829 5238 poterat
2859 5160 2969 5224 non
3011 5167 3195 5238 aliquo
3231 5166 3545 5223 humanita-

1976 5262 2045 5318 tis
2076 5276 2239 5318 sensu
2274 5260 2629 5317 commoveri.
2662 5259 2819 5328 Quod
2845 5275 2977 5316 vero
2999 5259 3146 5341 dicat
3188 5259 3540 5328 Ammonius,

1975 5362 2207 5408 tutatum
2265 5366 2325 5408 se
2376 5350 2578 5406 l'amam
2629 5349 2916 5422 Epiphanii
2973 5350 3236 5406 adversus
3289 5364 3385 5406 eos
3446 5351 3542 5420 qui

1976 5444 2128 5499 illum
2162 5444 2434 5500 haereseos
2470 5442 2883 5506 insimulabant,
2921 5440 3206 5497 sciendum
3235 5449 3319 5495 est
3350 5440 3402 5495 in
3434 5441 3541 5507 his,
3574 5451 3578 5454 ’

1979 5535 2286 5591 Sozomeno
2318 5543 2456 5591 teste
2480 5534 2578 5589 lib.
2608 5548 2727 5593 vnt,
2762 5547 2882 5604 cap.
2915 5531 3003 5600 ts,
3052 5532 3222 5588 luisse
3252 5532 3544 5602 ipsummet

1978 5627 2365 5698 Theophilum,
2421 5625 2663 5682 nondum
2715 5623 2991 5680 Ammonii
3032 5632 3089 5679 et
3135 5622 3365 5678 l'ratrum
3423 5623 3544 5695 eius

1978 5719 2294 5784 inimicum;
2352 5717 2447 5788 qui
2507 5736 2526 5769 e
2574 5725 2730 5771 antea
2780 5714 3139 5786 Epiphanium
3196 5714 3547 5784 reprehendit

1977 5812 2135 5884 quasi
2175 5809 2340 5866 Deum
2376 5810 2620 5866 humana
2643 5808 2824 5879 specie
2858 5809 3140 5878 praeditum
3184 5808 3544 5876 opinareturg

1985 5913 2172 5969 postea
2194 5916 2349 5969 vero,
2380 5899 2544 5972 quasi
2585 5898 2909 5969 resipiscens
2946 5910 3129 5953 seram
3171 5897 3389 5954 tandem
3420 5913 3550 5954 sen-
