3850 6517
291 434 429 495 tor}

951 435 1322 495 ADVERSUS
1360 437 1705 498 ttAEtttsts
1739 439 1873 498 Lm.
1913 439 1976 497 Η.
2021 440 2184 499 TOM.
2224 444 2267 500 1.
2304 474 2376 486 —
2406 444 2677 501 ttAEttES.
2717 444 2853 503 mx.

3410 452 3547 509 tots

290 554 398 609 ἀπὸ
425 551 536 605 τῶν
559 552 826 607 ἀνέκαθεν
847 551 956 607 τῶν
983 554 1245 626 Πατέρων
1269 555 1404 627 βίοις
1429 556 1863 623 ἐναντιωθέντας,
1892 562 1943 620 Α
1973 560 2127 624 mati,
2163 560 2491 631 prodigiosis
2547 562 2899 618 brachiorum
2949 562 3252 635 forcipibus
3278 563 3391 635 jam
3432 576 3549 623 tum

291 647 350 699 ἐν
380 643 437 697 δὲ
468 642 546 712 τῷ
577 642 788 714 κέντρῳ
813 642 892 714 τῷ
920 642 1080 716 τύπῳ
1112 637 1212 715 τῆς
1247 645 1408 714 ἁγίας
1438 644 1534 700 τοῦ
1569 645 1704 700 Θεοῦ
1746 648 1866 702 Ἐκ·

291 735 522 806 κλησίας
550 732 996 805 ἀνθισταμένους,
1025 735 1329 807 ὑποδήματι
1363 739 1740 809 ὲστηριγμένῳ
1773 755 1870 790 κα-

289 826 705 896 ταπατήσαντες
723 824 966 889 τούτους,
989 825 1081 880 καὶ
1109 827 1602 896 καταγελάσαντες,
1625 829 1868 883 τουτέστι

292 912 383 968 διὰ
411 913 518 967 τῶν
544 912 722 985 ῥητῶν
748 913 842 966 τοῦ
870 914 1223 983 Εὐαγγελίου,
1241 915 1383 969 κατὰ
1402 916 1461 968 τὸ
1483 916 1623 980 ἔθος,
1653 918 1744 969 ἐπὶ
1769 917 1870 981 τὰς

295 1004 489 1068 λοιπὰς
522 1004 961 1075 μεταδαένοντες,
989 1005 1224 1061 ἐνταῦθα
1249 1008 1500 1079 λήξωμεν
1534 1009 1633 1080 τῆς
1663 1010 1869 1065 τούτων

301 1097 645 1168 άόελτηρίας.

776 1303 965 1356 xtra
1020 1285 1378 1370 KAOAPssN,

337 1392 665 1463 Τριακοστὴ
698 1393 939 1461 ὲννάτη,
972 1395 1011 1462 ἡ
1042 1393 1141 1448 xat
1170 1392 1554 1464 πενταοατὴ
1587 1391 1831 1463 eruit-n.

369 1486 448 1539 A'.
489 1483 738 1551 Καθεξῆς
775 1483 832 1537 δὲ
867 1482 1069 1537 τούτων
1107 1482 1355 1554 Καθαροί
1391 1499 1536 1546 τινες
1590 1483 1871 1554 λεγόμενοι

298 1576 543 1647 ἐφύησαν
576 1575 684 1629 ἀπὸ
714 1574 969 1628 Ναδάτου
997 1573 1161 1637 τινος,
1188 1574 1265 1637 ὡς
1289 1573 1456 1638 πολὺς
1480 1574 1665 1645 ᾄδεται
1693 1574 1869 1642 λόγος.

298 1665 467 1732 Οὗτος
494 1671 524 1723 ὁ
549 1668 797 1732 Ναόᾶτος
819 1666 898 1738 (6)
948 1668 1042 1720 ἐπὶ
1067 1667 1165 1738 τῆς
1206 1668 1496 1738 Ῥωμαίων
1540 1668 1785 1739 ὑπῆρχεν
1815 1669 1874 1720 ὲν

301 1761 481 1833 καιρῷ
519 1759 613 1813 τοῦ
648 1758 893 1829 διωγμοῦ
941 1759 1036 1812 τοῦ
1082 1757 1189 1831 πρὸ
1234 1758 1543 1828 Μαξιμίνου
1578 1758 1873 1829 γενομένου

1974 648 2245 704 institutis
2265 665 2295 703 a
2332 649 2590 707 Patribus
2615 653 2738 707 vitae
2759 653 3067 709 rationibus
3096 654 3368 710 adversati
3396 666 3549 721 sunt,

1969 748 2023 794 et
2064 740 2332 795 adversus
2368 749 2572 796 sanctae
2620 742 2713 797 Dei
2749 743 3012 799 Ecclesiae
3053 743 3281 800 formam
3319 761 3384 802 ac
3416 762 3553 816 prae·

1970 832 2239 901 scriptum
2310 831 2542 885 infestos
2589 835 2810 889 aculeos
2867 837 3123 905 erigunt;
3171 836 3260 897 iis,
3306 838 3550 907 inquam,

1973 921 2201 976 tirmiter
2231 921 2499 991 impresso
2528 923 2919 985 calceamento,
2945 925 3048 979 hoc
3098 932 3183 980 est
3213 928 3551 982 sacrosancti

1971 1010 2270 1084 Evangelii,
2308 1020 2367 1067 ut
2401 1014 2663 1078 solemus,
2709 1029 2841 1068 voce
2872 1016 3123 1085 protritis
3163 1023 3218 1070 et
3269 1016 3443 1079 elisis,
3484 1018 3552 1070 ad

1973 1102 2218 1171 reliquas
2265 1102 2501 1159 haereses
2527 1103 2792 1158 translata
2825 1107 3096 1168 oratione,
3124 1106 3213 1160 hic
3241 1106 3310 1162 de
3333 1106 3551 1161 illorum

1971 1193 2269 1256 stoliditate
2295 1194 2610 1266 disputandi
2640 1196 2800 1251 [inem
2834 1196 3120 1254 iaciamus.

2384 1307 2688 1374 ‚CONTRA
2718 1307 3111 1374 CATHAROS,

2347 1398 2578 1453 Hoeresis
2622 1397 2894 1461 XXXIX,
2928 1399 3180 1454 vetmx.

2055 1486 2096 1543 l.
2138 1487 2378 1543 Proximi
2413 1491 2483 1544 ab
2512 1490 2620 1545 illis
2653 1489 2877 1545 Cathari
2929 1491 3151 1559 quidam
3195 1492 3369 1547 exorti
3403 1498 3556 1556 sunt,

1975 1593 2007 1632 a
2033 1577 2265 1641 Novato,
2297 1588 2357 1634 ut
2378 1580 2523 1633 [aina
2556 1582 2888 1650 percrebuit.
2909 1580 3155 1637 Novatus
3184 1597 3347 1651 porro
3372 1583 3557 1638 Romae

1974 1672 2371 1741 persecutionis
2403 1672 2551 1727 illius
2585 1680 2832 1741 tempore
2887 1671 3017 1735 suit,
3067 1688 3190 1742 quae
3237 1687 3355 1728 eam
3407 1681 3560 1726 antc-

1978 1764 2169 1830 cessit,
2203 1779 2368 1834 quam
2400 1762 2729 1818 Maximinus
2758 1764 3071 1839 excitarim¹
3104 1779 3226 1834 quae
3285 1764 3455 1828 Decii,
3498 1771 3560 1818 ut

303 1852 522 1924 πρώτου
540 1868 556 1883 ·
593 1851 754 1921 τάχα,
774 1846 946 1921 οἶμαι,
974 1850 1165 1904 Δεκίου
1183 1850 1308 1902 τότε
1330 1844 1421 1919 ἦν,
1451 1848 1484 1920 ἢ
1511 1849 1873 1921 Αὐρηλιανοῦ.
1904 1892 1952 1952 Β
1977 1856 2192 1926 opinor,
2223 1865 2318 1909 aut
2350 1853 2634 1910 Aureliani
2663 1853 2783 1908 suit.
2805 1855 3168 1920 Quamobrem
3194 1863 3415 1926 propter
3441 1870 3559 1921 coS,

314 1945 447 2001 Ἀπ’)
475 1943 531 1996 δὲ
573 1943 673 2011 τῆς
715 1942 1039 2013 προφάσεως
1076 1932 1262 2011 τῆς’ὲν
1305 1941 1384 2011 τῷ
1425 1941 1654 2014 διωγμῷ
1699 1958 1887 2012 παρα--

305 2036 577 2089 πεσόντων
628 2034 908 2106 ὲπάρματι
956 2032 1161 2105 ἀρθεὶς,
1193 2032 1311 2104 ἅμα
1356 2037 1467 2097 τοῖς
1517 2035 1877 2106 ἐπαγομένοις

302 2125 451 2199 αὐτῷ
482 2127 558 2198 μὴ
591 2125 824 2197 Θελήσας
869 2125 1193 2196 κοινωνῆσαι
1229 2127 1341 2189 τοῖς
1375 2125 1731 2195 μετανοοῦσιν
1767 2125 1877 2179 άπὸ

299 2219 393 2272 τοῦ
422 2216 687 2289 διωγμοῦ,
734 2221 814 2283 εἰς
860 2218 1071 2289 αἰρεσιν
1104 2217 1310 2285 ταύτην
1346 2216 1672 2288 τέτραπται.
1703 2216 1877 2285 λέγων

307 2308 382 2378 μὴ
409 2304 549 2361 εἶναι
593 2307 889 2380 σωτηρίαν,
923 2306 1060 2360 ἀλλὰ
1115 2306 1243 2378 μίαν
1280 2306 1590 2378 μετάνοιαν.
1622 2306 1779 2362 Μετὰ
1817 2308 1877 2361 δὲ

304 2397 367 2453 τὸ
408 2396 635 2467 λουτρὸν
669 2398 868 2466 μηκέτι
904 2397 1163 2455 δύνασθαι
1197 2397 1464 2452 ἐλεεῖσθαι
1504 2416 1880 2469 παραπεπτω-

305 2490 460 2545 κότα.

374 2671 484 2723 Καὶ
510 2669 666 2723 αὐτοὶ
691 2667 748 2721 δέ
774 2685 955 2740 φαμεν
990 2665 1130 2721 εἶναι
1161 2666 1450 2738 μετάνοιαν
1484 2668 1634 2738 μίαν,
1676 2668 1768 2720 καὶ
1791 2665 1881 2719 διὰ

303 2761 528 2832 λουτροῦ
555 2760 978 2830 παλιγγενεσίας
1005 2759 1212 2831 ταύτης
1243 2759 1321 2830 (7)
1355 2758 1609 2829 γενέσθαι
1638 2759 1738 2830 τὴν
1775 2774 1881 2812 σω·

303 2852 522 2924 τηρίαν.
568 2851 707 2905 Ἀλλ’
737 2851 838 2905 οὐκ
874 2848 1206 2931 άναιροῦκμεν
1236 2849 1336 2920 τὴν
1372 2848 1465 2903 τοῦ
1508 2847 1646 2901 Θεοῦ
1694 2846 1883 2915 φιλανι

306 2944 574 3015 θρωπίαν·
598 2943 801 3010 ειδότες
823 2941 890 3006 εδ
914 2944 1176 3015 κήρυγμα
1205 2943 1305 3013 τῆς
1340 2940 1625 3013 ἀληθείας,
1668 2939 1764 2993 καὶ
1790 2940 1882 2993 τὸν

303 3037 455 3092 ἔλεον
484 3035 582 3091 τοῦ
609 3035 910 3098 Δεσπότου.
931 3036 1029 3090 καὶ
1054 3031 1118 3088 τὸ
1138 3032 1484 3102 συγγνωστὸν
1516 3030 1618 3101 τῆς
1645 3030 1879 3099 φύσεως,

301 3127 366 3183 τὸ
396 3128 710 3199 εὐρίπιστον
737 3126 837 3197 τῆς
861 3123 1061 3202 ψυχῆς,
1089 3124 1152 3175 τὸ
1183 3122 1407 3185 ἀσθενὲς
1437 3121 1537 3191 τῆς
1566 3118 1789 3189 σαρκὸς,
1823 3118 1884 3171 τὸ

1980 1946 2076 2017 qui
2129 1947 2185 2000 in
2240 1947 2333 2000 illa
2382 1946 2762 2015 persecutione
2799 1946 2936 2014 lapsi
2981 1946 3222 2007 fuerant,
3257 1962 3380 2000 cum
3412 1960 3563 1999 arro-

1981 2036 2168 2107 gantia
2200 2049 2306 2090 una
2334 2050 2458 2089 cum
2489 2035 2606 2090 suis
2636 2034 2854 2090 inflatus
2891 2051 2990 2091 eos
3018 2037 3074 2089 iu
3121 2038 3560 2092 communionem

1981 2127 2153 2182 nollet
2193 2126 2505 2190 admittere,
2560 2126 2656 2196 qui
2708 2135 2833 2195 post
2888 2129 3328 2198 persecutionem
3385 2128 3565 2198 poeni-

1983 2217 2209 2273 tentiam
2236 2225 2616 2295 susceperant,
2650 2218 2716 2273 ad
2749 2233 2869 2273 eam
2900 2235 2961 2274 se
2990 2221 3263 2276 convertit
3288 2219 3561 2284 haeresim,

1983 2310 2189 2364 nullam
2220 2320 2280 2364 ut
2308 2325 2434 2365 esse
2464 2325 2615 2379 spem
2646 2310 2843 2367 salutis
2873 2320 3166 2374 assereret,
3196 2321 3362 2382 atque
3394 2328 3561 2367 unam

1984 2401 2253 2457 duntaxat
2285 2417 2408 2458 esse
2433 2402 2840 2474 ptpnitentiam.
2869 2401 2973 2469 Qui
3007 2411 3187 2457 antem
3218 2396 3356 2473 post'
3392 2404 3565 2473 bapti·

1985 2508 2166 2549 smum
2199 2492 2556 2563 delinqueret,
2589 2494 2794 2549 nullam
2813 2509 2943 2565 erga
2973 2509 3099 2550 eum
3133 2494 3563 2551 misericordiam

1986 2585 2234 2640 adhiberi
2263 2601 2448 2655 posse.
3174 2643 3181 2652 ,

2057 2677 2220 2747 Atqui
2257 2692 2360 2733 nos
2391 2691 2556 2731 unam
2594 2692 2720 2733 esse
2760 2678 3137 2748 poenitentiam
3186 2680 3332 2735 ultro
3372 2694 3564 2735 conce·

1986 2769 2190 2832 dimus,
2246 2784 2310 2823 ac
2363 2784 2463 2838 per
2491 2784 2610 2823 eam
2647 2769 2855 2824 iteratae
2902 2772 3276 2842 generationis
3306 2772 3565 2826 lotionem

1988 2859 2057 2915 ad
2092 2859 2329 2913 salutem
2357 2858 2655 2928 perveniri,
2691 2859 2786 2914 sed
2813 2859 2906 2915 Dei
2942 2860 3336 2915 humanitatem
3363 2877 3427 2917 ac
3458 2862 3566 2917 cle⁴

1988 2950 2245 3005 mentiam
2275 2948 2499 3003 minime
2522 2950 2784 3013 tollimus,
2821 2965 2946 3005 cum
2978 2960 3032 3006 et
3066 2952 3316 3008 veritatis
3345 2953 3564 3023 dogma,

1987 3044 2043 3091 ct
2077 3035 2515 3091 misericordiam
2564 3036 2802 3102 Domini,
2857 3047 3070 3099 naturae
3118 3050 3322 3097 nostrae
3377 3043 3566 3097 condi·

1987 3127 2190 3182 tionem
2220 3127 2377 3181 venia
2407 3142 2542 3182 saue
2565 3128 2805 3196 dignam,
2829 3139 2884 3185 et
2916 3131 3223 3186 animorum
3253 3134 3566 3189 inconstan-

309 3220 672 3276 πολύὸλυστον
710 3222 813 3291 τῆς
841 3219 954 3276 ὧν
981 3216 1192 3272 ‘’vom“
1218 3214 1522 3289 ἅνθμῦπων
1556 3214 1881 3284 αἰσθήσεως.
1907 3240 1957 3301 c
1989 3220 2143 3283 tiam,
2175 3226 2231 3273 et
2266 3218 2696 3275 imbecillitatem
2723 3220 2928 3285 carnis,
2960 3229 3015 3277 et
3045 3238 3309 3279 sensuum
3348 3226 3402 3279 in
3449 3227 3566 3297 ple·

307 3312 449 3366 Διότι
469 3312 643 3376 οὐδεὶς
670 3312 1069 3386 ἀναμάρτητος.
1102 3309 1204 3365 καὶ
1231 3305 1490 3377 καθαρὸς
1519 3305 1640 3363 ἀπὸ
1654 3306 1882 3375 ῥύπου,

305 3402 433 3458 οὐδ’
470 3403 548 3457 ἂν
583 3405 694 3474 μία
743 3403 936 3475 ἡμέρα
968 3407 1002 3460 ὀ
1034 3405 1180 3470 ,βίος
1213 3400 1404 3456 αὐτοῦ
1450 3399 1550 3454 ἐπὶ
1596 3398 1706 3468 τῆς
1746 3403 1882 3469 γῆς.

310 3494 422 3550 xat
446 3496 479 3564 ἡ
503 3495 600 3565 μὲν
619 3496 800 3552 τελεία
828 3497 1090 3570 μετάνοια
1106 3496 1166 3549 ἐν
1190 3491 1499 3566 τῷλουτρῷ
1517 3492 1783 3562 τυγχάνει
1799 3506 1812 3519 ·
1836 3492 1887 3545 εἰ

306 3583 364 3644 ὅέ
384 3600 467 3651 τις
498 3587 943 3659 meremoth
962 3586 1187 3642 άπόλλει
1207 3584 1399 3640 τοῦτον
1426 3586 1460 3654 ἠ
1480 3583 1615 3651 ἁγία
1635 3582 1729 3635 τοῦ
1748 3581 1886 3636 Θεοῦ

375 3717 394 3749 ⁸
423 3708 529 3771 lob
553 3734 666 3779 xiv,
698 3716 924 3781 δάκει.
943 3708 1120 3763 Lxx,

377 3848 461 3922 (6)
492 3840 683 3911 Οὗτος
717 3848 752 3899 ὀ
796 3842 1086 3912 Νασᾶτος.
1143 3842 1222 3900 De
1271 3842 1462 3901 Novati
1501 3853 1557 3901 et
1604 3843 1887 3905 Novatiani

307 3919 629 3976 discrimine
658 3914 838 3986 agitur
884 3916 1040 3969 initio
1071 3913 1329 3970 Diatribae
1374 3915 1451 3971 De
1481 3918 1785 3986 poeuitentia
1833 3920 1889 3974 iu

314 3990 556 4044 Ecclesia
592 3995 752 4040 retere
783 3983 943 4057 (Vide
969 3993 1099 4040 tom.
1152 3982 1261 4057 tlt).
1298 3983 1421 4053 Quo
1452 3995 1699 4057 tempore
1731 4005 1886 4053 vero,

312 4059 566 4125 unusquis
604 4057 694 4109 ille
714 4067 821 4119 est,
861 4055 1089 4110 baeresis
1118 4065 1312 4111 auctor
1336 4057 1632 4118 exstiterit,
1672 4057 1890 4113 dubitat

316 4127 675 4198 Epiphanius,
693 4134 748 4179 et
761 4128 1156 4181 haesitationem
1174 4127 1599 4183 hallucinatione
1612 4130 1888 4183 cumulat:

219 4259 238 4273 ,
317 4213 424 4254 non
468 4197 759 4265 ejustnodi,
796 4211 960 4268 quant
1012 4198 1058 4251 ei
1099 4196 1236 4251 salso
1275 4196 1520 4268 Scaliger
1560 4199 1767 4254 affinxit
1821 4199 1888 4253 ad

318 4267 536 4323 Eusebii
586 4281 789 4320 annum
835 4264 994 4321 2262.
1048 4264 1393 4334 Epiphanius,
1442 4269 1638 4339 inquit.
1699 4285 1891 4338 parum

315 4349 469 4391 caute
489 4338 625 4390 Ιιιιηε
651 4336 1054 4403 persecutionem
1079 4336 1382 4401 (Maximini
1397 4339 1630 4398 scilicet)
1649 4338 1890 4408 διωγμὸν

314 4408 528 4479 πρῶτον
574 4407 793 4467 vocavit,
822 4407 1009 4461 hoeresi
1050 4406 1140 4469 59,
1176 4408 1274 4460 hoc
1315 4417 1394 4462 est
1444 4407 1889 4463 Novatiauornm.

315 4477 419 4533 Sed
461 4478 642 4531 multis
676 4477 936 4547 ejuniodi
971 4478 1132 4532 iioevis
1179 4475 1535 4547 Epiphaninm
1580 4480 1891 4549 insiqnitnm

314 4564 424 4605 esse
453 4549 650 4610 sciunt,
701 4549 934 4618 qnienm
990 4550 1243 4615 [eperunt.
1297 4547 1406 4601 Nos
1466 4564 1573 4603 nou
1628 4562 1893 4618 negamus

316 4619 501 4687 plures
545 4616 688 4686 apud
736 4616 1096 4686 Epiphanium
1138 4631 1321 4672 naevos
1377 4633 1523 4672 esse.
1585 4616 1695 4671 Sed
1755 4618 1891 4672 illud

315 4688 494 4769 primo
542 4695 861 4741 constanter
891 4695 1056 4754 atque
1084 4688 1345 4741 audacter
1378 4687 1701 4752 asserimus,
1738 4687 1891 4742 illum

318 4774 495 4827 ipsum
546 4755 833 4827 Epiplianii
876 4758 1261 4825 castigatorem
1309 4771 1416 4810 non
1464 4758 1631 4813 naevis
1661 4757 1896 4828 insigni-

316 4835 432 4882 tuni
464 4842 588 4883 esse
632 4828 860 4897 aliquot,
893 4827 985 4881 sed
1015 4826 1292 4881 ulceribus
1320 4836 1372 4881 et
1401 4828 1891 4891 carcinomatibus,

317 4898 516 4967 quibus
546 4912 655 4950 non
689 4898 969 4959 curandis,
1003 4896 1355 4964 nequeenim
1392 4898 1586 4968 ἰάσιμα
1617 4904 1766 4962 sunt,
1797 4899 1891 4952 sed

318 4968 666 5036 aniputaudis
709 4967 1031 5037 jamdudum
1083 4981 1348 5020 navamus
1396 4982 1638 5036 operam.
1689 4965 1895 5023 Deinde

318 5052 526 5090 naevum
576 5039 761 5098 istum,
818 5050 981 5107 quem
1024 5046 1194 5098 notat,
1240 5037 1295 5089 in
1332 5036 1372 5090 E
1411 5038 1632 5107 iphanio
1683 5038 1892 5091 null-:m

317 5123 461 5171 esse,
498 5107 592 5162 sed
616 5106 674 5160 in
695 5107 990 5173 ipsummet
1016 5107 1326 5160 redundare
1415 5110 1714 5178 aligerum.
1743 5107 1894 5173 Quos

318 5177 463 5228 etnim
495 5178 684 5232 oculos·
718 5177 911 5231 babuit
962 5175 1071 5238 ille,
1115 5176 1206 5244 qui
1252 5178 1494 5232 sci-ibere
1536 5178 1731 5247 pot-sit,
1766 5177 1897 5247 Epi·

320 5245 580 5315 phanintn
630 5245 907 5300 Maximini
958 5246 1392 5314 persecutionem
1423 5247 1655 5317 primam
1707 5248 1896 5316 appel-

317 5316 471 5380 lare?
498 5314 632 5370 Nam
663 5316 852 5371 Gra-oe
881 5316 955 5369 ita
1001 5316 1194 5386 legitur
1221 5334 1236 5370 ε
1272 5308 1441 5379 Οὗτος
1462 5317 1772 5379 ἁΝαὸᾶτος
1794 5319 1896 5383 τῆς

328 5387 613 5454 Ῥωμαίων
638 5387 882 5458 ὑπῆρχεν
923 5388 981 5439 ὲν
1026 5384 1203 5457 καιρῷ
1254 5386 1348 5439 τοῦ
1374 5385 1616 5458 διωγμοῦ
1659 5386 1755 5440 τοῦ
1791 5386 1896 5460 πρὸ

320 5455 627 5523 Μαξιμίνου
666 5456 957 5525 γενομένου
1003 5455 1241 5527 πρώτου.
1281 5458 1414 5522 Quae
1464 5460 1538 5511 ita
1591 5455 1893 5512 Cornarius

323 5527 483 5578 vortit
511 5541 526 5577 ε
571 5525 671 5578 mc
705 5523 947 5581 Necatus
979 5525 1157 5580 Roeuae
1188 5524 1313 5594 fuit,
1364 5535 1593 5594 tempore
1637 5542 1895 5593 persecu-

323 5595 500 5656 tionis,
546 5611 664 5675 qnoe
712 5604 834 5649 aute
885 5596 1236 5650 Maximinum
1285 5597 1459 5664 prima
1508 5597 1633 5665 luit.
1690 5595 1790 5649 Cui
1840 5606 1896 5650 et

323 5676 510 5720 ucistra
559 5666 935 5735 interpretatio
985 5675 1356 5721 consentanea
1404 5673 1509 5719 est.
1564 5664 1683 5719 Non
1727 5667 1895 5735 igttur

325 5734 599 5788 Maximini
627 5736 1060 5804 persecutionem
1086 5734 1316 5806 primam
1340 5734 1594 5805 appellat,
1624 5734 1722 5792 sed
1745 5750 1889 5801 eam,

326 5807 482 5873 ,nujus
525 5814 770 5877 tompore
798 5815 1023 5861 exortus
1065 5812 1153 5861 est
1185 5802 1426 5860 Novatus
1459 5805 1608 5860 illam
1641 5813 1893 5861 anteces-

322 5892 461 5931 §isse
489 5876 640 5931 dicit.
676 5877 731 5931 ln
768 5891 877 5935 nuo
911 5884 1100 5936 peccat
1129 5874 1439 5935 dupliciter.
1472 5874 1713 5935 Primum
1742 5878 1888 5945 quod

1986 3312 2175 3383 risque
2237 3309 2556 3367 bominibus
2605 3312 2900 3368 distractas
2955 3328 3019 3367 ac
3069 3315 3370 3385 dissipatas
3419 3318 3565 3371 vires

1986 3407 2305 3471 perspectas
2377 3399 2698 3456 habeamus.
2769 3399 3040 3467 Quoniam
3121 3417 3281 3456 nemo
3356 3407 3564 3483 peccati

1987 3507 2187 3563 expers
2213 3501 2322 3555 est,
2353 3508 2516 3563 neque
2556 3489 2785 3547 maridas
2810 3508 2845 3546 a
2866 3490 3134 3556 sordibus,
3168 3509 3231 3547 ne
3259 3495 3305 3549 is
3333 3498 3563 3566 quidem,

1987 3583 2142 3652 cnjus
2186 3594 2265 3638 est
2289 3584 2451 3638 unius
2490 3583 2596 3637 diei
2630 3589 2738 3638 rita
2769 3598 2926 3655 super
2966 3591 3161 3636 terram
3192 3583 3230 3636 ¹.
3278 3584 3567 3641 Enimvero

1989 3858 2118 3906 ante
2170 3847 2451 3903 Maximini
2501 3846 2940 3917 persecutionem
2979 3845 3406 3901 Novatianornm
3459 3846 3566 3900 hae·

1988 3922 2154 3977 resim
2188 3935 2219 3973 a
2247 3917 2458 3973 Novato
2486 3915 2777 3973 conflatam
2804 3931 2928 3970 esse
2962 3917 3255 3983 significat.
3301 3917 3437 3969 Nam
3465 3918 3567 3971 aii-

1989 4000 2122 4062 qnnt
2155 3987 2316 4041 annis
2362 3995 2490 4057 post
2536 3986 2813 4039 Maximini
2871 3986 3080 4039 obitum
3123 3986 3366 4041 entersll.
3402 3984 3567 4039 Euse-

1990 4064 2113 4117 bius
2139 4059 2204 4113 ad
2233 4072 2438 4112 annum
2465 4057 2698 4127 primum
2711 4053 2849 4109 Galli
2879 4064 2934 4109 et
2961 4054 3242 4111 Volusiani
3266 4077 3278 4110 :
3304 4054 3567 4118 Not-atus,

1994 4130 2192 4199 inquit.
2229 4126 2500 4196 presbyter
2531 4123 2787 4195 Cypriani
2823 4124 3045 4178 Romam
3076 4127 3280 4179 veniens
3313 4123 3568 4179 Neratia-

1995 4216 2121 4254 num
2180 4207 2232 4253 et
2277 4206 2493 4251 caeteros
2565 4194 2886 4258 confessores
2937 4196 3040 4249 sibi
3089 4198 3277 4254 sociat,
3323 4211 3383 4249 eo
3430 4194 3567 4265 quod

1992 4269 2268 4326 Cornelias
2293 4266 2593 4335 poeniteutes
2620 4274 2892 4329 apostatas
2933 4266 3226 4333 recepisset.
3261 4264 3404 4318 ldem
3439 4280 3568 4320 vero

1989 4342 2200 4395 Histor.
2243 4339 2339 4393 lib.
2369 4353 2445 4398 vt,
2476 4351 2600 4405 cap.
2633 4336 2724 4397 t5,
2771 4350 2838 4389 ex
2886 4332 3146 4407 Dionysio
3188 4334 3561 4388 Alexandrino

1993 4412 2162 4465 refert
2187 4406 2473 4463 Novatiani
2502 4406 2741 4461 schisma
2773 4414 2997 4474 propter
3024 4420 3121 4461 eos
3153 4412 3567 4472 coortomsssc,

1996 4480 2091 4550 qui
2136 4480 2191 4532 in
2243 4478 2391 4533 Decii
2442 4476 2825 4547 persecutione
2882 4477 3019 4545 lapsi
3071 4476 3138 4529 ad
3192 4475 3566 4546 poenitentiam

1996 4548 2203 4619 recepti
2255 4546 2492 4601 fuerant.
2548 4546 2619 4599 At
2671 4554 2791 4601 nost
2841 4544 3196 4600 Maximinum
3252 4559 3568 4600 successere

1997 4617 2306 4673 Gordianus
2339 4616 2496 4670 annis
2530 4630 2563 4667 v
2592 4654 2608 4677 ,
2659 4609 2938 4683 Philippus
2977 4618 3136 4670 antiis
3171 4630 3265 4667 vu.
3301 4616 3449 4679 Quos
3475 4630 3567 4668 ex·

1997 4692 2140 4759 cepit
2203 4686 2419 4746 Decius,
2508 4685 2560 4738 ui
2609 4699 2721 4737 uuo
2770 4683 3009 4737 alterove
3066 4685 3136 4738 im
3211 4686 3350 4737 ravit
3398 4698 3566 4738 anuo.

1996 4759 2136 4814 Tum
2165 4756 2358 4812 Gallus
2381 4764 2435 4810 et
2500 4755 2807 4809 olusianus.
2840 4754 3083 4809 Alterum
3169 4753 3410 4824 piplianii
3436 4771 3569 4825 μνη·

1999 4828 2219 4900 μονικὸν
2244 4825 2488 4896 σφάλμα,
2521 4824 2666 4895 quod
2711 4826 2956 4892 proxime
2990 4833 3118 4878 ante
3144 4823 3418 4878 Maximini
3448 4840 3567 4894 per·

1996 4899 2330 4955 secutionem
2367 4894 2513 4951 Decii
2570 4901 2664 4948 aut
2707 4894 2984 4947 Aureliani
3031 4893 3268 4965 διωγμόν
3301 4895 3565 4948 collocan-

1995 4970 2125 5023 dum
2154 4981 2413 5022 essenon
2448 4966 2566 5020 sine
2615 4963 2956 5019 dubitatione
3000 4973 3175 5034 potat.
3224 4962 3358 5017 Nam
3394 4962 3565 5015 Maxi·

1996 5040 2129 5093 mini
2159 5036 2591 5106 persecutionem
2623 5042 2809 5088 secuta
2832 5034 3280 5094 est,utvidimus.
3303 5031 3391 5087 oe«
3411 5034 3565 5100 iana;

1996 5108 2325 5162 Aurelianus
2373 5121 2502 5159 vero
2531 5120 2598 5159 xx
2638 5105 2860 5158 circiter
2902 5118 3047 5158 antio
3074 5112 3196 5172 post
3241 5102 3388 5155 Decii
3421 5118 3561 5155 onor·

1996 5186 2104 5233 tem
2135 5179 2406 5247 imperare
2433 5175 2620 5244 coepit.
2658 5173 2734 5226 Ex
2775 5188 2885 5241 quo
2924 5174 2978 5226 in
3006 5173 3232 5228 alterius
3264 5173 3563 5226 hallucina*

1997 5249 2163 5302 tionis
2188 5246 2560 5315 suspicion··m
2606 5243 2897 5297 adducitur
2928 5242 3288 5311 Epiphanius,
3315 5251 3374 5295 ut
3399 5239 3564 5296 Maxi·

1997 5319 2176 5372 minos
2206 5318 2419 5377 ambos,
2438 5329 2632 5383 nempe
2664 5315 3002 5383 superiorem
3029 5312 3199 5373 illum,
3218 5311 3311 5381 qui
3341 5311 3562 5372 Alexan·

1994 5387 2154 5441 drutn
2220 5386 2497 5440 Matutneae
2563 5385 2733 5437 lilium
2790 5382 3027 5442 occidit,
3089 5387 3145 5436 et
3207 5383 3569 5436 recentiorem

1995 5459 2249 5517 alterum,
2279 5454 2370 5524 qui
2415 5452 2731 5508 Diocletiani
2774 5461 2828 5507 et
2875 5449 3186 5505 Maximiani
3233 5452 3561 5520 persecutio²

1996 5543 2119 5580 nvn:
2195 5525 2552 5595 propagavit,
2622 5524 2728 5579 sub
2804 5520 3144 5577 Constantini
3225 5521 3566 5591 imperatoris

1996 5595 2332 5666 primordia,
2389 5594 2532 5649 inter
2590 5607 2651 5648 se
2711 5590 3039 5646 confuderit.
3098 5589 3232 5646 Nam
3287 5589 3565 5646 Maximini

2067 5666 2336 5726 sterioris‚
2382 5664 2499 5719 sive
2540 5661 2725 5733 potius
2776 5659 3095 5716 Diocletiani
3127 5661 3565 5733 persecutionem

1996 5682 2195 5791 Κοῖος
2225 5743 2281 5791 et
2310 5732 2641 5789 Aurelianus
2680 5730 3035 5787 antecedunt.

2065 5806 2142 5872 Π)
2180 5807 2285 5860 Διὰ
2323 5801 2581 5872 λουτροῦ
2633 5800 3096 5872 παλιγγενεσίας
3145 5801 3367 5868 tactae}
3436 5800 3565 5853 Cor.

1993 5892 2216 5945 ταυτην.
