3850 6517
287 512 384 570 stt

1022 507 1392 565 ADVERSUS
1431 508 1777 564 llAEnESES
1811 508 1943 565 Lm.
1983 510 2006 563 t
2041 509 2208 566 Tou.
2251 510 2314 566 ll.
2357 542 2426 551 —
2464 508 2742 567 nAERES.
2776 509 2968 565 XXXI.

3429 505 3538 563 sta

288 631 380 686 τοῦ
410 628 551 683 κατὰ
577 627 772 700 τέχνην
803 644 892 698 μοι
928 626 1085 696 λόγου
1119 630 1290 698 μέλει,
1335 627 1471 682 ἀλλὰ
1500 630 1601 698 τῆς
1639 626 1746 681 τῶν
1774 628 1863 681 ἐν·
1892 635 1938 692 Α
1966 628 2194 683 tandum
2224 629 2473 699 seligere.
2496 629 2681 701 Neque
2709 631 2854 686 enim
2883 626 3149 684 orationis
3165 625 3416 693 artifieio,
3437 625 3536 684 sed

286 721 664 792 τυγχανόντων
696 718 982 786 ὠφελείας.
1030 718 1261 785 Λέγουσι
1291 717 1489 783 τοίνυν,
1538 718 1621 770 δτι
1651 717 1680 769 ό
1706 715 1862 771 δωδέ-

292 830 455 876 κατος
476 811 621 864 Αἰὼν
652 811 683 863 ό
708 813 767 863 ἐν
791 808 1127 880 ύστερήματι
1153 808 1440 878 γενόμενος
1469 806 1750 871 παντελῶς
1769 808 1863 860 τοῦ

292 902 531 975 ἀριθμοῦ
567 902 675 955 τῶν
715 900 919 955 δώδεκα
948 897 1194 965 ἐξέπεσε,
1223 900 1319 952 καὶ
1348 898 1649 952 ἀπόλλυται
1688 900 1717 952 ό
1745 898 1867 967 ἀρι-

295 996 430 1068 θμὸς
457 996 486 1048 ό
517 991 832 1055 δωδέκατος.
864 989 1035 1044 Τοῦτο
1066 990 1125 1044 δέ
1166 1007 1298 1060 φασι
1319 989 1645 1059 γεγενῆσθαι
1670 987 1749 1060 τῷ
1775 989 1866 1042 τὸν

311 1088 509 1141 Ἰούδαν
535 1086 661 1139 ὄντα
687 1083 987 1137 δωδέκατον
1016 1081 1447 1146 ἐκπεπτωκέναι,
1476 1084 1572 1136 καὶ
1603 1077 1746 1134 οὖτῶ
1771 1083 1866 1134 τὸν

298 1180 590 1232 δωδέκατον
618 1174 850 1247 ἀριθμὸν
886 1173 1201 1244 ἠφανίσθαι.
1245 1174 1475 1245 Ὁμοίως
1503 1174 1561 1227 δὲ
1600 1174 1695 1226 καὶ
1737 1170 1867 1242 περὶ

299 1269 396 1338 τῆς
424 1265 847 1339 αἱμορροούσης,
888 1265 983 1318 καὶ
1024 1265 1126 1336 τῆς
1159 1264 1260 1335 τὴν
1288 1264 1416 1335 μίαν
1464 1263 1713 1335 δραχμὴν
1759 1260 1867 1316 ἀπὸ

295 1358 402 1411 τῶν
433 1357 564 1411 δέκα
604 1342 863 1428 δραχμῶν
907 1354 1271 1428 ἀπολεσάσης.
1326 1355 1611 1408 Δεὶκνυται
1659 1352 1744 1416 δὲ,
1785 1352 1866 1406 ὅτι

293 1446 414 1501 οὔτε
442 1449 471 1501 ὁ
501 1446 799 1509 δωδέκατος
821 1444 966 1499 amm
1009 1444 1298 1516 πρόσωπον
1328 1446 1500 1499 Ἰούδα
1533 1444 1676 1515 έχειν
1711 1444 1867 1514 δυνή-

297 1528 472 1601 σεται,
507 1539 582 1601 ὡς
605 1536 682 1608 τῷ
716 1536 1005 1606 ἁγιωτάτῳ
1031 1537 1308 1607 Εξρηναίῳ
1339 1536 1664 1607 προείρηται
1684 1553 1699 1568 ·
1727 1533 1865 1590 Ἰού-

295 1627 391 1692 δας
427 1627 524 1697 μὲν
556 1625 663 1697 γάρ
694 1622 971 1685 παντελῶς
993 1622 1267 1679 ἀπόλωλεν
1290 1640 1303 1655 ·
1336 1626 1366 1677 ό
1391 1624 1692 1688 δωδέκατος
1714 1624 1862 1692 λεγό·

297 1734 460 1789 μενος
495 1715 639 1770 Δίὼν
688 1714 830 1769 κατά
868 1715 928 1768 τὸ
968 1714 1146 1768 αὐτῶν
1185 1714 1411 1786 πλάσμα
1443 1715 1543 1769 οὐκ
1588 1714 1865 1785 ἐκενώθη·

297 1807 427 1877 έστη
457 1806 565 1877 γάρ
594 1804 823 1860 ἐνώπιον
860 1797 1026 1859 αὐτοῦ
1061 1804 1091 1857 ό
1114 1806 1500 1875 Μεταγωγεὺς,
1530 1806 1564 1879 ἢ
1591 1809 1620 1861 ὁ
1653 1806 1870 1877 Ὄροθέ·

293 1916 412 1970 της,
441 1902 617 1970 φήσας
648 1885 783 1971 πρὸς
826 1896 1009 1963 αὐτὸν,
1048 1896 1205 1953 Ἰαὼτ
1226 1916 1240 1929 ·
1277 1897 1543 1962 ὡσαύτως
1584 1898 1742 1968 φασὶ,
1778 1899 1871 1953 καὶ

1970 721 2241 776 lectorum
2274 721 2497 775 utilitati
2531 722 2660 774 mihi
2693 721 3040 776 serviendum
3064 719 3324 775 arbitror.
3369 719 3539 774 Aiunt

1967 813 2139 883 igitur
2167 812 2550 869 duodecimum
2584 812 2840 876 AEonem,
2863 829 2987 869 cum
3011 813 3323 877 defecisset,
3343 826 3374 866 a
3402 811 3540 867 duo-

1970 902 2198 959 denario
2250 903 2346 958 illo
2390 918 2622 957 numero
2670 905 2888 973 penitus
2932 904 3223 970 excidisse,
3260 915 3421 976 atque
3462 904 3540 957 ita

1970 991 2358 1047 duodecimum
2411 992 2558 1047 hunc
2595 1008 2881 1048 numerum
2914 1007 3038 1048 esse
3084 982 3381 1049 sublat'um.
3424 991 3539 1047 Hoc

1969 1090 2151 1136 autem
2186 1090 2300 1137 tum
2326 1082 2641 1154 contigisse,
2658 1098 2784 1137 cum
2815 1080 2984 1138 ludas
3011 1085 3382 1153 apostolorum
3411 1082 3543 1137 duo-

1972 1170 2223 1227 decimus
2242 1172 2505 1228 exclusus
2525 1178 2640 1237 est;
2671 1173 2862 1242 sicque
2894 1170 3249 1229 duodecimus
3275 1188 3539 1227 numerus

1969 1260 2061 1315 ille
2098 1261 2278 1331 periit.
2322 1260 2585 1316 Similiter
2615 1269 2669 1317 et
2697 1263 2752 1317 in
2786 1262 3013 1317 muliere
3039 1263 3153 1326 illa,
3179 1278 3300 1333 quae
3327 1262 3542 1333 sangui·

1969 1349 2056 1404 nis
2092 1348 2359 1418 profluvio
2401 1349 2706 1415 laborabat,
2736 1360 2793 1406 et
2843 1351 2899 1405 in
2936 1352 3067 1415 alia,
3100 1368 3222 1422 quae
3247 1353 3433 1407 decem
3454 1362 3539 1407 'ex

1967 1440 2268 1504 drachmis,
2285 1455 2451 1496 unam
2475 1441 2807 1512 perdiderat.
2829 1443 3374 1513 Atquidemonstrari
3404 1443 3538 1499 illud

1967 1539 2170 1603 potest,
2204 1530 2437 1589 AEonem
2471 1533 2627 1588 illum
2659 1532 3042 1590 duodecimum
3069 1534 3221 1590 Judae
3251 1549 3538 1605 personam

1973 1624 2200 1680 minime
2253 1641 2420 1696 posse
2475 1627 2783 1691 sustinerez
2833 1628 3036 1683 etenim
3079 1626 3250 1683 'nudas
3297 1628 3542 1682 funditus
3650 1630 3659 1644 ’

1971 1715 2172 1804 periit3
2205 1715 2567 1775 duodecimus
2620 1726 2803 1774 autem
2846 1723 2990 1774 Aaou
3034 1720 3145 1783 ille,
3187 1718 3272 1773 vel
3311 1727 3370 1773 ut
3412 1719 3545 1789 ipsi-

1971 1813 2083 1861 met
2115 1805 2256 1862 lictis
2285 1807 2423 1864 iisre
2460 1808 2663 1865 sabulis
2694 1810 2916 1875 docent,
2954 1825 3065 1864 non
3097 1810 3316 1880 penitus
3339 1810 3547 1864 exstin-

1973 1904 2097 1952 ctus
2125 1905 2231 1951 est.
2267 1895 2430 1953 Stetit
2461 1898 2627 1966 enim,
2650 1900 2828 1967 aiunt,
2863 1913 2932 1955 ex
2962 1901 3085 1969 ejus
3112 1898 3344 1954 adverso
3373 1897 3545 1954 hleta-

294 1988 464 2054 οῦτως
487 1987 824 2060 ὲστερεώθη·
858 1987 983 2043 οὔτε
1013 1988 1278 2058 ἠδώδεκα
1304 1988 1481 2042 ἐτεσιν
1503 1988 1872 2059 αἱμορροοῦσα
1904 1986 1945 2040 Β
1975 2001 2200 2055 gogeus,
2236 1986 2345 2042 hoc
2373 1995 2461 2043 est
2492 1988 2796 2053 traductor,
2824 1989 2919 2059 qui
2952 1998 3008 2045 ct
3056 1988 3377 2051 Horothcta,
3431 1988 3547 2043 sive

293 2077 370 2149 τῷ
408 2077 587 2131 αὐτῶν
626 2076 864 2149 δράματι
908 2079 1338 2149 ὁμοιωθήσεται·
1376 2077 1552 2149 ἐσώθη
1586 2077 1697 2149 γὰρ
1729 2077 1869 2149 μετὰ

292 2168 497 2222 δώδεκα
539 2166 655 2239 ἐτη,
682 2169 742 2221 ἐν
769 2163 851 2232 οἷς
889 2168 968 2241 τῷ
1001 2168 1191 2240 αἵματι
1218 2168 1320 2238 τῆς
1355 2168 1564 2240 ῥύσεως
1604 2168 1865 2240 ἐφέρετο·

292 2260 487 2330 οὐγὰρ
529 2260 585 2312 ἐν
631 2262 747 2325 τοῖς
777 2259 969 2314 ἕνδεκα
1020 2259 1194 2314 έτεσιν
1231 2260 1451 2333 ἀπαθὴς
1476 2259 1724 2326 διετέλει,
1772 2260 1869 2315 καὶ

295 2349 352 2400 ἐν
392 2347 470 2418 τῷ
514 2347 801 2419 δωδεκάτῳ
844 2347 901 2402 δέ
947 2347 1247 2402 σέσωσται·
1310 2346 1437 2402 οὔτε
1482 2350 1518 2419 ἡ
1575 2346 1676 2412 τάς
1734 2347 1885 2410 δέκα,

297 2438 544 2507 δραχμάς
570 2438 882 2510 κεκτημένη
906 2440 1155 2493 ἀπώλεσε
1176 2441 1276 2514 τὴν
1308 2441 1438 2513 μίαν
1462 2443 1543 2505 εἰς
1573 2441 1747 2507 τέλος,
1781 2440 1869 2494 ἵνα

304 2527 332 2581 ὁ
359 2526 503 2582 Δῑὼν
539 2526 635 2599 τῆς
666 2527 801 2599 ὖλης
828 2527 1120 2593 ἀπολωλὼς
1151 2530 1451 2603 μυθεύηται
1488 2533 1621 2603 παρ’
1658 2532 1867 2595 αὐτοῖς.

301 2616 447 2693 'nee
473 2623 581 2695 γὰρ
608 2623 702 2678 τὸν
724 2622 936 2693 λύχνον,
959 2621 1056 2676 καὶ
1088 2618 1221 2693 ηὗρε
1248 2624 1352 2695 την,
1375 2624 1647 2695 δραχμήν.

1976 2073 2246 2131 Βεῆιιίιοι·
2274 2073 2498 2140 dicitur,
2542 2087 2597 2131 et
2643 2077 2711 2132 ad
2755 2092 2881 2133 eum
2913 2077 3036 2133 Jaot
3068 2078 3392 2141 inclamans,
3442 2076 3547 2132 bac

1975 2166 2131 2221 illum
2157 2180 2293 2221 voce
2338 2166 2595 2224 firmavit.
2624 2166 2811 2239 Neque
2856 2183 2989 2223 vero
3022 2166 3404 2224 duodecimum
3431 2167 3547 2238 jam

1975 2270 2177 2312 annum
2211 2258 2479 2327 sanguine
2508 2257 2689 2315 fluens
2716 2260 2916 2315 mulier
2943 2260 3012 2314 ad
3039 2260 3272 2316 istorum
3306 2259 3547 2313 l'ahulam

1973 2349 2264 2417 convenit;
2300 2365 2423 2419 quae
2454 2360 2699 2408 vertente
2745 2352 2964 2408 demum
3003 2366 3149 2408 anno
3193 2350 3545 2413 duodecimo.

1973 2447 2269 2511 postquam
2328 2447 2445 2496 toto
2496 2437 2878 2511 illo'tempore
2932 2441 3204 2513 profluvio
3260 2438 3549 2510 sanguinis

1974 2532 2311 2598 laborasset,
2371 2541 2595 2603 repente
2648 2534 2961 2589 consanuit.
3014 2533 3174 2603 207
3230 2530 3350 2587 Non
3400 2529 3548 2585 enim

1973 2624 2233 2682 undecim
2271 2627 2435 2707 annis
2477 2641 2678 2697 expers
2725 2627 2926 2691 morbi,
2968 2625 3293 2680 duodecimo
3324 2623 3549 2678 demum

290 2718 589 2776 sanitatem
647 2716 905 2773 obtinuit.
961 2716 1041 2771 Ae
1096 2730 1271 2785 neque
1327 2717 1525 2772 mulier
1573 2718 1705 2781 illa,
1752 2731 1876 2788 quae
1913 2717 2087 2776 denas
2152 2720 2453 2777 drachmas
2485 2720 2741 2786 habehat,
2798 2736 2964 2776 unam
2994 2735 3058 2775 ex
3099 2720 3168 2775 iis
3207 2718 3393 2774 amisit
3425 2730 3548 2772 om-

298 2811 450 2875 nino,
484 2827 593 2881 quo
619 2810 1030 2868 commentitius
1060 2811 1153 2867 ille
1182 2824 1249 2866 ae
1290 2810 1533 2865 materias
1576 2820 1872 2868 concretus
1910 2811 2055 2868 AEon
2121 2820 2384 2871 constare
2420 2814 2620 2885 possit.
2660 2815 2922 2871 Accendit
2985 2814 3127 2870 enim
3164 2814 3467 2876 lucernam,
3492 2818 3552 2867 et

296 2901 612 2959 drachmam
647 2903 873 2975 reperit.
1650 2944 1667 2967 l

367 2997 508 3061 ΛΦ.
549 2995 646 3049 Ἐκ
681 2994 859 3052 τοίνυν
889 2992 996 3048 τῶν
1034 2992 1131 3048 δύο
1173 2994 1349 3063 λόγων
1390 2993 1596 3048 τούτων
1635 2993 1667 3064 ἢ
1705 2992 1874 3066 τριῶν

297 3084 368 3140 τά
395 3084 578 3141 πάντα
613 3083 796 3140 αὐτῶν
833 3084 995 3148 εὐθὺς
1026 3066 1348 3156 ἐλεγχθέντα
1384 3082 1873 3155 καταλειφθήσεται
1983 3083 2069 3139 bis
2106 3084 2329 3137 illorum
2353 3082 2611 3139 discussa
2640 3083 2855 3139 somnia
2884 3097 3050 3153 quam
3084 3082 3272 3153 putida
3302 3090 3356 3138 et
3387 3082 3553 3140 imbe-

297 3177 857 3250 δραματουργήματα,
900 3175 996 3229 καὶ
1040 3176 1267 3248 ἀδρανῆ,
1301 3176 1399 3227 καὶ
1434 3174 1578 3229 ἕωλα
1612 3175 1726 3237 τοῖς
1769 3173 1873 3244 τῆς
1980 3175 2105 3230 cilla
2149 3175 2281 3239 sint,
2343 3173 2502 3230 facile
2553 3175 2794 3245 prudens
2838 3175 3097 3245 quilibet,
3129 3182 3185 3230 et
3233 3181 3459 3231 sanctae=
3484 3187 3552 3231 ac

298 3267 611 3339 φρονήσεως
636 3269 772 3331 υἱοῖς
799 3267 894 3321 καὶ
923 3266 1134 3330 τέκνοις
1163 3267 1275 3329 τοῖς
1294 3266 1395 3336 τῆς
1420 3263 1709 3334 ἁγίαςτοῦ
1734 3264 1870 3318 Θεοῦ
1900 3304 1945 3361 c
1978 3265 2267 3321 catholicae
2317 3263 2414 3321 Dei
2459 3265 2719 3321 Ecclesia!
2768 3265 2914 3322 lilius
2959 3266 3377 3322 animadvertet.
3426 3264 3550 3329 lam

2056 2989 2297 3047 xxxvl.
2331 2990 2696 3078 Quamobrem
2725 2989 2941 3047 duobus
2971 2990 3124 3046 hisce
3155 2990 3403 3047 tribusve
3427 3005 3553 3048 ver-

302 3357 587 3429 καθολικῆς
609 3356 957 3428 Ἐκκλησίας.
989 3357 1107 3410 Ἵνα
1138 3355 1248 3428 γάρ
1279 3355 1357 3427 μὴ
1386 3356 1528 3409 κατὰ
1554 3354 1663 3409 τῶν
1694 3354 1875 3410 αὐτῶν

308 3448 601 3522 φερόμενος
613 3450 691 3520 εἰς
717 3450 886 3519 μῆκος
908 3448 1133 3520 ἄπειρον
1158 3448 1334 3501 ἐλάσω
1354 3448 1452 3518 τὴν
1474 3446 1877 3518 πραγματείαν,

306 3536 412 3601 ἕως
438 3536 540 3607 τῆς
575 3537 803 3593 ἐνταῦθα
840 3539 1167 3611 ύφηγησεως
1209 3538 1577 3610 ποιησάμενος
1611 3537 1713 3606 τὴν
1746 3535 1881 3589 ὑπό·

306 3644 519 3701 μνησιν,
549 3629 643 3684 καὶ
663 3628 873 3695 ἐπιθεὶς
901 3629 1074 3703 πέρας
1103 3632 1169 3703 τῇ
1196 3629 1436 3702 τοσαύτῃ
1458 3627 1640 3682 αὐτῶν
1673 3627 1880 3698 μοχθη-

306 3720 432 3791 ρία,
463 3720 559 3774 ἐπὶ
595 3720 695 3786 τὰς
745 3720 875 3793 ἑξῆς
913 3719 1232 3791 βαδιοῦμαι,
1277 3720 1409 3773 Θεὸν
1454 3717 1882 3787 ἐπικαλούμενος

308 3809 500 3881 ὁδηγόν
519 3828 579 3863 τε
604 3811 699 3864 καὶ
728 3811 1022 3882 ἐπίκουρον
1060 3810 1160 3877 τῆς
1190 3808 1350 3878 ἡμῶν
1389 3807 1696 3872 ἀσθενείας,
1725 3807 1883 3871 stab

308 3902 675 3970 σωθῆναιάπὺ
708 3901 908 3969 ταύτης
925 3900 1018 3953 καὶ
1038 3898 1146 3951 τῶν
1166 3896 1579 3970 προειρημένων
1597 3896 1882 3972 αἱρέσεων,

310 3991 404 4044 καὶ
429 3990 536 4042 τῶν
566 3989 871 4060 μελλουσῶν
890 3987 1304 4042 ἀναδείκνυσθαι
1319 3991 1431 4053 τοῖς
1450 3987 1772 4059 φιλολόγοις,
1788 3992 1884 4046 καὶ

316 4081 658 4153 βουλομένοις
682 4080 749 4135 τὰ
773 4081 977 4152 άκριδῆ
1001 4080 1197 4135 εἰδέναι
1216 4080 1323 4135 τῶν
1353 4083 1411 4134 ἐν
1435 4080 1513 4153 τῷ
1528 4081 1716 4154 κόσμῳ
1731 4098 1885 4136 κενο-

316 4172 531 4243 φωνιῶν
565 4189 624 4227 τε
672 4172 768 4227 καὶ
818 4173 1131 4229 ἀσυστάτων
1176 4172 1482 4245 δογμάτων.
1515 4174 1613 4238 Εἰς
1656 4173 1883 4238 πολλοὺς

311 4266 420 4337 γάρ
451 4258 602 4329 οὗτος
626 4265 723 4337 τὴν
756 4265 948 4320 ἑαυτοῦ
974 4265 1346 4339 όνειροπολίαν
1370 4267 1718 4339 ἐπισπείρας,
1746 4266 1887 4320 Γνω-

311 4357 494 4433 στικδν
521 4358 710 4413 ἑαυτὸν
739 4359 1011 4424 καλέσας,
1045 4358 1305 4424 πολλοὺς,
1358 4359 1435 4424 ὡς
1466 4361 1674 4426 εἰπεῖν,
1718 4375 1883 4430 σκορ-

310 4444 466 4508 πίους
489 4443 565 4508 ὡς
608 4444 735 4514 μίαν
782 4444 971 4500 ἅλυσιν
1001 4445 1313 4518 συνέδησεν,
1348 4448 1426 4512 ὡς
1470 4449 1505 4519 ἡ
1549 4447 1755 4501 παλαιά
1792 4447 1885 4501 καὶ

309 4536 544 4608 ἐναργὴς
601 4537 884 4611 παραδολὴ
934 4539 1169 4612 ὑπάρχει
1188 4580 1205 4605 ,
1256 4529 1371 4605 ὅτι,
1422 4538 1612 4593 ἅλυσίν
1656 4555 1780 4594 τινα
1833 4539 1885 4592 οἱ

1979 3358 2126 3413 enim
2158 3358 2368 3414 veritus
2412 3373 2534 3429 ego,
2581 3373 2651 3414 ne
2701 3358 2748 3413 si
2787 3357 3037 3428 pluribus
3084 3359 3140 3411 in
3178 3372 3299 3413 eam
3340 3367 3552 3413 sectam

1980 3448 2229 3505 invectus
2264 3447 2446 3514 fuero,
2478 3449 2534 3504 in
2567 3447 2843 3504 inlinitum
2874 3450 3033 3505 abeat
3071 3450 3270 3515 oratio,
3303 3449 3373 3504 ad
3406 3450 3554 3505 hunc

1981 3555 2159 3612 usque
2193 3541 2374 3596 locum
2424 3555 2750 3612 progressus
2797 3541 3020 3596 modum
3067 3540 3339 3596 adhibebo
3386 3539 3553 3596 resel-

1980 3630 2154 3687 lendae
2188 3632 2407 3686 illorum
2440 3632 2722 3702 nequitiae,
2754 3646 2950 3702 meque
2996 3631 3064 3685 ad
3100 3640 3327 3685 caeteras
3360 3631 3555 3685 redar-

1981 3721 2230 3792 guendas
2260 3721 2561 3776 conseram.
2599 3721 2708 3777 Sed
2758 3723 2992 3792 primum
3025 3720 3130 3776 τίω
3157 3720 3291 3775 mihi
3331 3718 3549 3785 ducem.

1982 3823 2039 3867 et
2069 3811 2465 3867 imbecillitatis
2513 3810 2822 3882 adjutorem
2866 3827 3002 3868 meae
3041 3810 3212 3867 Deum
3259 3811 3549 3873 invocabo.

1983 3904 2064 3960 uti
2101 3918 2188 3959 me
2212 3909 2268 3959 et
2298 3904 2366 3960 ah
2389 3904 2553 3975 huius
2582 3912 2769 3970 secta»,
2796 3906 3252 3976 superiorumque
3281 3903 3551 3969 omnium,

1983 4000 2039 4049 et
2079 3992 2149 4048 ab
2205 3992 2618 4063 insequentium
2674 3994 3003 4064 contagione
3051 3992 3274 4057 liberet,
3308 4004 3447 4061 quas
3495 3990 3554 4045 in
3612 3981 3619 3986 ’

1983 4081 2325 4137 eruditorum
2359 4081 2646 4138 hominum
2678 4080 2932 4152 gratiam,
2977 4082 3072 4153 qui
3104 4080 3341 4136 absurda
3376 4078 3468 4133 illa
3494 4085 3555 4134 et

1985 4175 2171 4230 inania
2208 4174 2496 4246 dogmata,
2537 4189 2660 4245 quae
2713 4174 2770 4228 in
2820 4174 2967 4228 hunc
3000 4173 3192 4228 orbem
3229 4177 3551 4242 eruperunt,
3598 4231 3607 4238 ‚

1985 4267 2303 4323 accuratius
2335 4267 2624 4338 explorare
2655 4265 2913 4330 student,
2953 4265 3213 4335 deinceps
3253 4277 3554 4334 perseque-

1984 4375 2130 4415 mur.
2180 4358 2459 4428 Siquidem
2502 4358 2823 4415 Valentinus
2860 4358 2966 4413 iste
3008 4357 3128 4413 suis
3165 4357 3222 4411 in
3260 4356 3555 4427 quamplu-

1988 4450 2156 4505 rimos
2178 4447 2391 4505 diflusis
2420 4449 2952 4519 communicatisque
2987 4448 3240 4513 somniis,
3271 4463 3397 4503 cum
3429 4461 3554 4506 sm

1986 4542 2306 4598 Gnosticum
2334 4542 2595 4612 appellari
2628 4542 2926 4609 maluisset,
2960 4542 3181 4605 multos,
3211 4549 3274 4597 ut
3299 4542 3371 4596 ita
3398 4541 3555 4596 dixe-

311 4628 560 4699 σκορπίοι
594 4627 703 4699 (85)
735 4614 843 4683 ἀπὸ
889 4630 1123 4693 ἐνοςρείς
1153 4631 1247 4684 τὸν
1286 4630 1474 4701 ἓτερον
1521 4628 1881 4700 δεσμοῦντες.
1914 4632 1962 4693 D
1987 4632 2090 4688 rim
2113 4673 2128 4697 ,
2188 4631 2436 4701 scorpios
2482 4631 2540 4685 in
2585 4644 2751 4685 unam
2799 4638 3047 4685 catenam
3092 4628 3452 4695 constrinxit;
3495 4626 3553 4682 id

309 4721 412 4783 ἓως
450 4719 584 4775 δέκα
635 4720 669 4789 ἢ
726 4721 821 4775 καὶ
866 4708 1082 4783 πλείους
1141 4721 1247 4774 ἀπὸ
1305 4719 1507 4790 στέγης
1550 4719 1584 4790 ἢ
1631 4719 1879 4792 δώματος

310 4810 534 4872 ἑαυτοὺς
574 4809 799 4880 χαλῶσι,
854 4810 950 4864 καὶ
978 4809 1153 4873 οὔτως
1198 4810 1336 4879 μετά
1377 4810 1529 4863 δόλου
1567 4809 1665 4882 τὴν
1701 4810 1881 4883 λύμην

310 4906 419 4966 τοῖς
450 4901 755 4974 ἀνθρώποις
784 4902 1129 4973 ἐργάζονται.
1148 4900 1334 4966 Οὖτως
1369 4902 1463 4955 καὶ
1494 4896 1669 4965 οὗτος,
1706 4902 1802 4956 καὶ
1829 4903 1880 4957 οἱ

310 4993 471 5050 αὐτοῦ
505 4991 835 5064 ,καλούμενοι
879 4994 1175 5049 Γνωστικοὶ
1202 4994 1300 5065 τῆς
1329 4993 1536 5064 πλάνης
1576 4993 1880 5065 ἀρχηγέται

317 5085 584 5157 γεγόνασι,
608 5085 699 5138 καὶ
728 5085 857 5157 παρ’
878 5084 1037 5138 αὑτοῦ
1060 5083 1158 5147 τὰς
1175 5085 1473 5156 προφάσεις
1494 5085 1876 5154 ὑπειληφότες,

312 5179 492 5252 ἕτερος
526 5179 614 5248 ὑφ’
652 5179 840 5250 ἐτέρου
872 5178 1228 5250 μαθητευθεὶς
1256 5177 1394 5248 μετά
1428 5177 1518 5232 τὸν
1560 5176 1878 5231 διδάσκαλον

314 5269 630 5341 προσθήκην
661 5271 760 5343 τῆς
798 5269 1006 5339 πλάνης
1035 5270 1351 5341 εἰργάσατο,
1386 5271 1481 5323 καὶ
1507 5269 1698 5341 ἑτέραν
1726 5269 1878 5339 αἴρε-

314 5378 398 5413 σιν
429 5363 782 5433 εἰσηγήσατο,
811 5362 1076 5434 ἐχομένης
1102 5361 1254 5431 ’.τῆς
1285 5362 1573 5434 προτέρας.
1597 5360 1709 5414 Καὶ
1734 5360 1880 5415 οὕτω

317 5455 452 5508 κατὰ
492 5454 590 5526 τὴν
628 5454 878 5526 διαδοχὴν
921 5456 1002 5519 εἰς
1037 5454 1324 5525 διαφόρους
1364 5453 1605 5524 αἱρέσεις
1642 5454 1797 5507 αὐτοὶ
1827 5455 1878 5507 οἱ

309 5544 598 5617 κληθέντες
638 5546 677 5598 Γ
680 5548 934 5600 νωστικοὶ
982 5545 1384 5618 ἐμερίσθησαν·
1441 5545 1596 5617 παρὰ
1643 5545 1878 5602 υύαλεν-

397 5702 412 5732 ¹
442 5698 483 5753 F
486 5715 569 5755 or.
602 5700 885 5773 ἐχομένην.

1984 4721 2132 4794 quod
2155 4729 2339 4787 vetus,
2361 4736 2427 4777 ac
2457 4727 2656 4776 testata
2674 4720 2973 4776 similitudo
3000 4719 3260 4774 declarat.
3281 4717 3553 4773 Nimirum

1987 4817 2236 4886 scorpios
2268 4813 2336 4870 ad
2368 4814 2558 4871 decem
2590 4814 2844 4884 pluresve
2870 4819 3077 4867 eatenae
3109 4810 3284 4866 instar
3311 4809 3452 4864 alios
3481 4808 3555 4865 ab

1986 4908 2112 4964 aliis
2140 4922 2444 4978 suspensos
2471 4921 2592 4963 sese
2620 4920 2687 4961 ex
2727 4912 2871 4961 tecto
2897 4918 2965 4959 ac
3008 4901 3213 4959 solario
3241 4900 3549 4964 demittere,

1988 4996 2177 5067 sieque
2201 5013 2270 5053 ex
2301 4997 2520 5054 insidiis
2553 4995 2801 5051 homines
2840 4993 3168 5065 opprimere.
3200 4989 3423 5056 Sicilie,
3449 5002 3551 5060 po·

1985 5088 2228 5159 sterique
2251 5088 2372 5159 ejus
2385 5104 2576 5145 omnes
2599 5085 2845 5143 Gnostici
2863 5085 2986 5142 salsi
3010 5083 3278 5155 dogmatis
3297 5089 3552 5136 auctores

1983 5182 2278 5245 exstitere,
2324 5187 2380 5235 et
2429 5179 2500 5236 ab
2526 5179 2621 5235 illo
2662 5178 2870 5234 erroris
2916 5181 3235 5245 argumenta
3279 5170 3447 5236 nacti,
3485 5184 3552 5225 ac

1984 5271 2339 5328 successione
2364 5273 2607 5342 quadam
2638 5271 2873 5326 invicem
2913 5267 3112 5331 edocti,
3138 5264 3205 5320 ad
3236 5278 3359 5321 eam
3386 5277 3553 5335 quam

1986 5380 2019 5419 a
2046 5365 2311 5440 magistro
2349 5373 2634 5436 acceperat
2664 5376 2820 5420 suam
2864 5360 3094 5431 quilibet
3117 5360 3433 5430 opinionem
3456 5356 3558 5413 ad·

1983 5454 2139 5525 jecit,
2187 5471 2490 5527 novamque
2526 5464 2736 5512 sectam
2781 5469 2906 5510 cum
2963 5452 3146 5524 priore
3190 5452 3560 5508 coherentem

1990 5546 2218 5604 invexit.
2243 5546 2359 5613 Qua
2389 5563 2447 5605 re
2481 5546 2684 5604 laetum
2713 5554 2822 5615 est,
2852 5555 2912 5602 ut
2937 5544 3185 5603 Gnostici
3204 5543 3353 5601 varia
3380 5543 3561 5600 haere-

392 5878 503 5943 (85)
548 5880 668 5935 Ὅτι
721 5881 946 5937 ἅλυσίν
995 5896 1125 5936 τινα
1181 5883 1235 5937 οἱ
1289 5878 1585 5944 σκορπίοι.
1650 5835 1900 5960 AElianus
1940 5877 2036 5937 lib.
2072 5893 2125 5935 νι
2162 5875 2326 5940 Ηίει..
2355 5892 2446 5934 au.
2484 5873 2601 5932 125.
