3850 6517
349 529 422 585 35
1608 524 1665 581 s,
1713 523 2057 580 EPtPuANu
2101 526 2282 583 vrrs.
3502 504 3598 586 σε’

349 650 408 697 ct
431 639 684 701 viatores,
714 647 768 696 et
795 637 1005 694 fratres.
1037 637 1121 691 Ab
1147 635 1241 692 illo
1274 650 1405 692 vero
1445 636 1536 693 die
1579 640 1754 696 noluit
1779 638 1907 710 Epi·
1939 647 1984 700 A
2007 642 2117 697 τῶν
2149 645 2236 697 ἐπ’
2264 644 2461 707 αὐτοῖς.
2483 641 2803 713 Ἐξέστησαν
2835 639 2928 698 οὗν
2976 644 3212 709 ἀπαντες
3259 643 3351 697 ἐπὶ
3392 644 3569 712 τοῦτο,

227 793 247 802 -
350 730 584 801 planius
616 729 855 784 babitare
900 726 1134 798 amplius
1175 727 1231 781 in
1276 727 1369 783 illo
1395 727 1536 795 loco,
1567 743 1637 785 eo
1668 731 1814 801 quod
1843 729 1913 786 de

350 821 472 891 ipso
493 819 790 874 audiissent
818 819 1076 873 viatores.
1111 814 1445 885 Subripiens
1463 824 1646 873 autem
1673 818 1913 887 seipsum

357 926 391 968 a
418 908 692 974 fratribus,
717 907 991 978 prolectas
1011 907 1173 962 estin
1203 906 1383 962 locum
1414 907 1589 977 magis
1620 919 1910 979 agrestem.

352 999 456 1068 Qui
501 1014 624 1055 cum
675 998 947 1055 nescirent
991 998 1046 1052 in
1090 1012 1201 1067 quo
1248 996 1369 1052 loco
1399 997 1692 1064 habitaret,
1723 1012 1914 1054 omnes

351 1088 547 1146 fratres
589 1089 842 1160 lugebant
878 1086 1262 1159 Epiphanium.
1298 1085 1605 1144 Permansit
1642 1096 1823 1142 autem
1855 1088 1912 1143 in

350 1182 445 1238 illo
472 1183 594 1237 loco
615 1180 835 1251 jejunus
863 1179 1040 1233 tribus
1063 1177 1274 1234 diebus.
1308 1178 1377 1234 Et
1413 1180 1504 1235 ille
1528 1191 1742 1249 quoque
1763 1178 1916 1234 locus

351 1273 538 1330 aridus
563 1280 703 1338 erat,
732 1279 788 1326 et
817 1271 940 1325 sinc
975 1284 1118 1339 aqua
1223 1279 1232 1286 ‘

420 1531 516 1586 xl.
555 1529 763 1586 Accidit
794 1538 999 1592 autem,
1023 1536 1083 1582 ut
1106 1542 1202 1596 per
1235 1527 1388 1581 illum
1419 1527 1602 1582 locum
1625 1529 1918 1585 transirent

353 1621 708 1694 quadraginta
758 1619 1037 1675 Saraceni.
1071 1616 1176 1684 Qui
1223 1632 1347 1672 cum
1393 1618 1445 1672 in
1491 1618 1637 1685 loco,
1666 1629 1721 1674 et
1761 1621 1814 1675 in
1851 1636 1918 1677 eo

352 1722 499 1770 statu
544 1712 806 1768 vidissent
847 1710 1229 1780 Epiphanium.
1263 1724 1455 1765 omnes
1483 1725 1610 1766 eum
1650 1712 1913 1769 ducentes

351 1814 480 1858 esse
513 1799 824 1864 ridiculum,
872 1798 1185 1854 irridebant.
1235 1795 1390 1853 Unus
1435 1808 1613 1856 antem
1653 1815 1718 1856 ex
1763 1801 1915 1870 ipsis,

353 1891 447 1960 qui
477 1904 640 1945 unum
671 1888 902 1944 habebat
927 1889 1148 1942 oculum
1172 1888 1472 1956 (eratenim
1505 1889 1641 1947 alter
1668 1891 1913 1961 clausus)

352 1993 477 2035 cum
526 1977 713 2033 ferinis
755 1985 904 2033 esset
949 1976 1212 2040 moribus,
1241 1992 1373 2033 ense
1414 1978 1604 2033 stricto
1627 1993 1658 2033 e
1691 1978 1909 2050 vagina,
1948 1975 1989 2030 Β

353 2066 499 2122 venit
525 2067 592 2122 ad
625 2065 986 2136 Epiphanium
1016 2082 1032 2121 ι
1065 2080 1296 2135 cumque
1327 2081 1452 2122 eum
1480 2068 1817 2137 sustulisset,
1851 2079 1917 2126 ut

337 2166 657 2228 ,percuteret
683 2155 1067 2226 Epiplranium‚
1098 2164 1319 2226 apertus
1355 2166 1438 2213 est
1465 2157 1606 2228 eius,
1633 2159 1726 2230 qui
1760 2161 1911 2215 clau-

352 2255 612 2310 suserat,
645 2247 859 2302 oculus.
889 2244 983 2300 llle
1011 2260 1138 2301 vero
1168 2247 1514 2316 perterritus,
1545 2262 1677 2304 ense
1716 2248 1772 2304 in
1801 2259 1912 2306 ter-

354 2351 468 2392 ram
506 2336 771 2408 projecto,
804 2333 1046 2413 constitit
1090 2335 1400 2391 immobilis.
1437 2337 1541 2390 Alii
1576 2345 1757 2392 autem
1784 2353 1912 2393 cum

353 2425 612 2482 vidissent
642 2440 765 2481 esse
788 2434 1031 2495 apertum
1069 2427 1307 2492 oculum,
1334 2426 1425 2497 qui
1453 2427 1672 2482 clausus
1717 2427 1910 2493 luerat,

353 2525 636 2588 coeperunt
667 2527 893 2587 stupore
938 2515 1096 2572 allici.
1130 2516 1379 2587 Cumque
1422 2517 1645 2574 vidisset
1677 2516 1914 2586 Epipha-

355 2608 482 2664 nius
527 2621 622 2663 eos
670 2621 794 2663 esse
837 2606 1054 2671 anxios,
1085 2622 1369 2664 sermones
1396 2622 1517 2661 cum
1548 2608 1629 2663 eis
1657 2606 1908 2662 contulit.

351 2697 430 2754 illi
458 2712 588 2754 vero
625 2714 748 2754 cum
777 2696 953 2753 verbis
987 2696 1269 2768 Epipbauii
1303 2697 1607 2754 evasissent
1646 2696 1834 2752 sedato
1858 2705 1915 2752 ct

353 2788 642 2859 tranquillo
664 2789 872 2853 animo,
907 2788 1099 2843 mutati
1126 2801 1252 2842 eum
1276 2786 1530 2842 dicebant
1554 2800 1675 2843 esse
1700 2784 1909 2840 Deum:

351 2881 571 2953 vimque
596 2882 649 2939 ei
674 2881 980 2949 afferentcs‚
1013 2881 1299 2937 trabebant
1319 2897 1445 2936 cum
1477 2896 1684 2945 secum,
1715 2882 1908 2937 dicen-

353 2978 477 3026 tcst
504 2968 586 3025 'l'u
613 2985 673 3026 es
708 2969 850 3026 Deus
875 2978 1079 3034 noster,
1111 2983 1336 3038 sequere
1366 2983 1488 3034 nos,
1523 2978 1577 3025 et
1624 2985 1783 3026 serva
1811 2984 1915 3025 nos

352 3060 423 3116 ab
449 3060 597 3121 omni
626 3060 678 3114 vi
703 3074 895 3115 eorum
921 3058 1011 3128 qui
1058 3058 1112 3112 in
1161 3072 1260 3112 nos
1305 3058 1535 3113 irruent.
1577 3057 1914 3129 Epiphanius

354 3161 535 3208 autem
566 3167 660 3207 eos
689 3165 920 3221 sequens
950 3159 1191 3214 ternpore
1216 3148 1377 3203 trium
1405 3149 1695 3212 mensium,
1726 3149 1914 3219 probi-

354 3243 513 3298 bebat
549 3242 631 3297 eis
674 3255 892 3297 omnem
939 3238 1285 3311 insolentiam
1308 3247 1360 3292 et
1384 3238 1910 3294 immoderationem.

2010 736 2150 790 οἵτε
2185 735 2451 806 ὁδοιπόροι
2499 734 2593 787 καὶ
2625 735 2675 788 ol
2705 734 2944 804 ἀδελφοί.
2960 737 3078 789 Ἀπ’
3111 735 3326 807 ἐκείνης
3355 729 3448 790 οῦν
3472 737 3573 808 τῆς

2011 825 2224 897 ἡμέρας
2243 824 2424 878 οὐκέτι
2452 824 2723 897 ηδουλήθη
2762 824 3076 896 Ἐπιφάνιος
3101 825 3317 897 οἰκῆσαι
3360 827 3451 880 τὸν
3485 827 3573 880 τό-

2013 933 2114 971 πον
2142 918 2365 982 ἐκεῖνον,
2396 915 2488 970 8ιά
2516 917 2579 970 τὸ
2607 912 2932 980 ἐξάκουστον
2974 915 3135 971 αὐτὸν
3166 915 3418 986 γενέσθαι
3465 908 3573 970 ύῗπὸ

2011 1004 2121 1059 τῶν
2145 1005 2434 1078 ὁδοιπόρων
2451 1021 2465 1035 ·
2487 1004 2711 1077 ἔκλεψεν
2741 1005 2797 1059 δέ
2823 1006 3017 1061 ἐαυτὸν
3038 1005 3155 1061 ἀπὸ
3179 1003 3287 1060 τῶν
3311 1005 3572 1075 ἀδελφῶν,

2014 1096 2109 1150 καὶ
2140 1094 2407 1166 ἐπορεύθη
2442 1097 2521 1160 είς
2548 1095 2877 1169 ἀγριώτερον
2924 1096 3088 1150 τόπον
3107 1113 3121 1126 ·
3155 1094 3264 1150 τῶν
3292 1094 3351 1149 δὲ
3383 1094 3459 1166 μὴ
3487 1097 3571 1150 ἐπ·

2017 1186 2314 1256 ισταμένων
2356 1185 2418 1240 τὸ
2463 1186 2522 1239 ἐν
2571 1186 2707 1258 ποίῳ
2748 1186 2899 1256 τόπῳ
2945 1186 3208 1248 κατοικεῖ,
3240 1183 3476 1247 ἅπαντες
3524 1184 3573 1237 οἱ

2014 1275 2229 1344 ἀδελφοὶ
2266 1275 2521 1330 ἐπένθουν
2571 1277 2698 1347 περὶ
2738 1275 3334 1345 Ἐπιφανίου.Ἔμεινεν
3374 1269 3468 1327 οῦν
3515 1275 3575 1327 ἐν

2014 1361 2093 1432 τῷ
2117 1363 2267 1433 τόπῳ
2312 1362 2504 1434 ἐκείνῳ
2544 1365 2693 1434 τρεῖς
2725 1363 2937 1434 ἡμέρας
2968 1361 3154 1427 ἄσιτος
3186 1357 3574 1416 διατελῶνῘΗν

2014 1451 2071 1503 δὲ
2098 1451 2193 1503 καὶ
2220 1451 2380 1514 αύτὸς
2409 1453 2439 1504 δ
2466 1451 2629 1513 τόπος
2660 1451 2906 1521 ἄνυδρος.
3044 1504 3047 1508 Α

2086 1540 2187 1595 lA'.
2229 1539 2431 1613 Συνέδη
2464 1540 2522 1594 δὲ
2568 1542 2687 1594 κατ’
2722 1542 2926 1593 ἐκεῖνον
2953 1539 3046 1594 τὸν
3084 1538 3275 1611 καιρὸν
3314 1545 3368 1609 μ’
3402 1545 3577 1609 Σαρα-

2016 1632 2214 1700 κηνοὺς
2233 1629 2554 1701 διέρχεσθαι.
2569 1630 2659 1694 Ὦς
2682 1624 2774 1687 οὗν
2798 1630 2910 1684 ἴδον
2934 1628 3247 1699 Ἐπιφάνιον
3275 1630 3333 1682 ἐν
3356 1627 3576 1700 τοιούτῳ

2016 1719 2165 1790 τόπῳ
2195 1721 2288 1772 καὶ
2331 1719 2554 1790 τοιαύτῃ
2583 1719 2931 1781 καταστάσει,
2965 1716 3173 1787 γέλοιον
3194 1715 3576 1787 ἀναδεξάμενοι

2018 1810 2317 1880 ἀμφότεροι
2336 1809 2527 1870 τούτου
2548 1809 2872 1877 κατεγέλων.
2900 1801 2996 1872 Εἷς
3017 1807 3073 1860 δέ
3098 1824 3182 1869 τις
3201 1804 3259 1872 ἐξ
3280 1803 3457 1860 αὐτῶν
3480 1805 3577 1859 ἐνα

2018 1899 2293 1970 ὀφθαλμὸν
2333 1898 2471 1970 ἔχων
2502 1895 2605 1971 (ἦν
2630 1900 2739 1970 γάρ
2782 1900 2812 1951 ὸ
2856 1897 3017 1961 ἀλλος
3059 1895 3224 1950 αὐτοῦ
3288 1895 3576 1964 κλεισθεὶς)

2017 1991 2112 2044 καὶ
2145 1988 2383 2062 θηριώδη
2411 1988 2524 2056 ἐξιν
2553 1988 2711 2060 ἔχων,
2743 1986 2922 2040 λαδὼν
2967 1987 3065 2057 τὴν
3113 1986 3387 2058 μάχαιραν
3413 1983 3576 2040 αὐτοῦ

2018 2080 2084 2133 ἐκ
2107 2078 2206 2150 τῆς
2234 2077 2428 2149 θήκης,
2452 2074 2614 2149 ἦλθεν
2636 2077 2775 2149 πρὸς
2810 2075 3143 2143 Ἐπιφάνιον·
3176 2075 3272 2129 καὶ
3297 2075 3361 2146 δὴ
3386 2074 3579 2144 κουφί-

2018 2187 2114 2234 σας
2140 2171 2313 2241 αὐτὴν
2342 2169 2570 2241 κροῦσαι
2598 2167 2688 2222 τὸν
2722 2167 3053 2236 Ἐπιφάνιον,
3090 2164 3335 2236 ὴνεῴχθη
3366 2165 3529 2220 αὐτοῦ
3550 2167 3580 2218 δ

2017 2259 2282 2324 κλεισθεὶς
2307 2259 2602 2330 ὀφθαλμός.
2641 2257 2749 2311 Τοῦ
2787 2258 2846 2311 δέ
2875 2257 3114 2327 ἐμφόδου
3150 2255 3458 2326 γενομένου,
3486 2256 3581 2311 καὶ

2014 2353 2113 2424 τὴν
2148 2353 2421 2422 μάχαιραν
2446 2353 2539 2405 ἐπὶ
2565 2351 2662 2423 τὴν
2690 2353 2794 2422 γῆν
2826 2350 3099 2419 ῥίψαντος,
3132 2349 3361 2421 ἕστηκεν
3389 2349 3581 2421 ἀκίνη-

2014 2458 2123 2504 τος.
2152 2443 2215 2493 υί
2256 2441 2313 2493 δὲ
2358 2440 2509 2492 ἄλλοι
2561 2440 2761 2502 ίδόντες
2790 2440 2890 2508 τὴν
2931 2439 3217 2509 ἀκινησίαν
3250 2438 3346 2491 τοῦ
3373 2439 3580 2492 ἐαυτῶν

2014 2529 2251 2600 ἐταίρου,
2298 2529 2546 2600 ἔρχονται
2590 2527 2689 2581 καὶ
2731 2528 2887 2582 αὐτοὶ
2932 2527 3069 2599 πρὸς
3101 2527 3440 2597 Ἐπιφάνιον,
3486 2530 3582 2582 καὶ

2014 2618 2149 2689 πρὸς
2179 2617 2270 2670 τὸν
2295 2614 2473 2670 αὐτῶν
2500 2615 2669 2686 φίλον.
2706 2618 2817 2671 Καὶ
2844 2617 2973 2680 ίδον,
2997 2617 3091 2670 καὶ
3114 2617 3223 2671 ἰδοὺ
3256 2619 3285 2671 ὁ
3310 2617 3584 2689 ὀφθαλμὸς

2012 2707 2177 2762 αὑτοῦ
2222 2710 2252 2761 ὸ
2298 2706 2565 2770 κλεισθεὶς
2616 2707 2979 2779 ὴνεῳγμένος,
3012 2709 3106 2763 καὶ
3147 2708 3351 2778 θάμδος
3389 2710 3580 2759 ἔπεσεν

2014 2798 2101 2852 ἐπ’
2122 2800 2481 2899 ἀμφοτέρους.
2497 2797 2560 2854 ’0
2591 2794 2684 2854 οῦν
2720 2800 3031 2868 Ἐπιφάνιος
3074 2798 3198 2851 ίδὼν
3230 2793 3423 2852 αὐτοὺς
3453 2791 3575 2855 ἅδη·

2017 2887 2328 2959 μονοῦντας,
2328 2888 2575 2959 συνῆρεν
2602 2889 2679 2956 (α)
2709 2887 2897 2953 λόγους
2917 2884 3052 2953 πρὸς
3081 2876 3391 2939 notorie-01
3414 2875 3471 2928 δέ
3488 2872 3575 2927 διά

2014 2979 2122 3033 τῶν
2152 2978 2325 3048 λόγων
2357 2974 2671 3047 Επιφανίου
2699 2977 2757 3028 ὲν
2779 2970 3106 3027 καταστάσει
3134 2965 3395 3030 ἐλθόντες,
3421 2980 3579 3036 μετα·-

2015 3068 2331 3139 6αλλόμενοι
2364 3067 2547 3134 ἔλεγον
2590 3061 2753 3115 αὑτὸν
2795 3059 2927 3115 Θεὸν
2968 3053 3136 3112 εἶναι·
3178 3055 3273 3111 καὶ
3320 3054 3443 3126 βίαν
3486 3055 3580 3107 ἐπ-

2015 3156 2337 3225 ενέγκαντες
2362 3153 2556 3223 τούτῳ,
2580 3145 2758 3204 εἷλκον
2801 3148 2963 3210 αὐτὸν
3003 3147 3122 3219 μεθ
3154 3145 3363 3200 ἑαυτῶν
3404 3143 3581 3212 λέγον-

2016 3263 2135 3312 τες·
2168 3246 2242 3300 Συ
2268 3242 2319 3299 εί
2347 3246 2377 3297 ὸ
2404 3243 2536 3307 Θεὸς
2562 3239 2752 3312 ἡμῶν·
2778 3237 3061 3294 ἀκολούθει
3091 3241 3243 3310 ἡμῖν,
3269 3237 3365 3291 καὶ
3393 3235 3584 3289 διάσω-

351 3329 488 3386 Cum
517 3329 776 3386 vidissent
805 3343 936 3384 voro
979 3342 1039 3383 se
1075 3326 1197 3397 eJus
1218 3324 1684 3380 admonitionibus
1715 3325 1910 3381 adduci
1942 3304 1987 3367 C
2016 3338 2077 3404 ζς
2111 3337 2257 3407 ἡμᾶς
2304 3333 2411 3389 ἀπὸ
2452 3331 2634 3402 πάσης
2676 3331 2797 3402 βίας
2836 3331 2947 3386 τῶν
2979 3328 3415 3400 ἐπεγειρομένων
3458 3323 3581 3379 καθ’

300 3480 307 3485 ,
354 3420 410 3475 in
432 3419 734 3488 angustias,
759 3431 949 3474 omnes
993 3429 1105 3470 uno
1128 3415 1311 3469 animo
1343 3413 1463 3485 ojus
1490 3414 1715 3485 pedibus
1745 3413 1909 3469 devo·

354 3510 448 3567 luti
495 3510 780 3580 petierunt,
811 3517 871 3563 ut
902 3508 957 3562 in
993 3521 1152 3562 suum
1180 3506 1358 3561 locum
1394 3515 1773 3561 reverteretur.
1806 3504 1913 3571 Qui

350 3613 478 3655 curu
502 3612 691 3653 eorum
717 3597 943 3652 auribus
975 3595 1241 3650 maximas
1285 3595 1559 3664 ingereret
1587 3594 1915 3649 admonitio·

354 3704 474 3753 nes.
502 3687 688 3743 dicens
715 3705 732 3743 ι
761 3685 877 3743 Nisi
905 3687 976 3742 ab
1019 3687 1086 3741 iis
1114 3685 1503 3750 abstinueritis,
1531 3699 1637 3738 non
1671 3685 1826 3740 critis
1857 3684 1910 3739 in

355 3778 458 3834 bac
484 3779 593 3834 vita
621 3777 807 3834 felices
842 3795 856 3832 t
886 3784 1211 3847 acceperunt
1236 3791 1381 3842 enin,
1412 3784 1466 3830 ct
1495 3775 1835 3830 deduxerunt
1858 3774 1911 3827 in

355 3867 551 3936 lucum,
580 3871 633 3924 in
685 3884 798 3938 qno
846 3868 1146 3924 habitabat.
1181 3867 1424 3935 Cumque
1453 3867 1501 3923 ei
1531 3881 1630 3921 sua
1669 3881 1833 3937 opera
1860 3873 1914 3921 et

354 3961 653 4015 ministerio
675 3959 896 4014 domum
931 3957 1309 4020 aedilicassent,
1340 3965 1394 4010 et
1423 3972 1546 4012 cum
1584 3958 1763 4012 valere
1791 3956 1912 4027 jus-

355 4049 580 4114 sissent,
619 4062 811 4103 omncs
858 4047 1110 4102 abierunt
1153 4047 1208 4101 in
1253 4061 1402 4116 pace.
1435 4044 1551 4114 Ego
1591 4054 1794 4109 autem,
1821 4044 1915 4114 qui

353 4153 499 4194 cram
533 4154 674 4193 unus
724 4152 786 4193 ex
836 4136 989 4208 ipsis,
1017 4135 1193 4191 mansi
1225 4150 1348 4190 cum
1394 4132 1714 4202 EpiplianiO,
1747 4132 1817 4186 ab
1848 4146 1913 4186 eo

356 4227 636 4283 institutus
664 4225 721 4280 in
746 4226 912 4281 verbo
937 4225 1196 4281 veritatiS.
1229 4223 1364 4279 Cum
1411 4233 1588 4278 autem
1624 4224 1914 4294 praeteriis-

356 4328 436 4373 set
468 4329 677 4385 tempus
706 4332 800 4372 sex
832 4316 1124 4378 mensium,
1160 4329 1247 4368 mc
1273 4313 1481 4382 accepit
1506 4313 1614 4379 illc,
1646 4322 1700 4369 et
1716 4313 1915 4369 ivimus

355 4407 407 4460 in
435 4405 822 4461 monasterium
852 4405 1030 4474 magni
1076 4403 1387 4459 Hilarionis.
1415 4402 1552 4457 Cum
1579 4418 1710 4459 vero
1749 4404 1916 4472 vidis-

354 4506 474 4552 sent
501 4494 862 4566 Epipbanium
892 4510 1080 4549 omnes
1112 4493 1327 4558 iratres,
1358 4508 1553 4564 magno
1577 4503 1707 4550 sunt
1732 4493 1919 4550 affecti-

353 4588 568 4660 gandio.
602 4585 670 4643 Et
702 4587 1002 4642 mansimus
1030 4585 1244 4656 quidem
1272 4595 1380 4642 tres
1411 4585 1527 4644 dies
1555 4586 1613 4642 in
1637 4597 1914 4646 monaste·

355 4680 438 4734 rio
465 4698 478 4735 ι
509 4679 824 4750 rogavitque
873 4675 1207 4748 Epiphanius
1248 4691 1503 4751 magnum
1555 4675 1908 4745 Hilarionem,

355 4779 416 4825 ut
457 4766 586 4825 inibi
620 4769 775 4825 daret
816 4769 872 4822 in
915 4768 1134 4824 Christo
1185 4765 1544 4835 signaculum,
1574 4767 1918 4837 quandoqui-

353 4861 476 4918 dem
503 4867 782 4929 acceperat
814 4857 1055 4914 Hilarion
1081 4858 1306 4929 gradum
1337 4855 1762 4927 presbyteratus.
1779 4859 1914 4912 Cum

357 4967 444 5007 me
483 4961 662 5008 antem
704 4963 935 5020 magnus
988 4949 1285 5019 accepisset
1312 4946 1578 5014 Hilarion,
1606 4957 1660 5004 et
1698 4962 1912 5003 omnem

256 5053 266 5082 ¹
356 5043 630 5100 docuisset
671 5041 1129 5111 consequentiam,
1155 5039 1450 5110 baptizavit
1482 5055 1569 5095 me
1606 5040 1661 5096 in
1691 5039 1914 5096 nomine

356 5132 552 5198 Patris,
580 5144 635 5190 et
664 5125 812 5198 Filii,
843 5142 900 5188 et
933 5129 1169 5202 Spiritus
1209 5131 1390 5185 sancti
1426 5149 1440 5186 z
1473 5139 1527 5186 et
1552 5131 1917 5202 transegimus

354 5223 550 5282 deinde
571 5223 712 5294 apud
735 5223 882 5295 ipsos
906 5222 1092 5279 decem
1120 5220 1267 5285 dies;
1314 5218 1616 5291 fratresque
1650 5221 1922 5291 rogabant

355 5315 739 5387 Epiphanium,
766 5323 827 5371 ut
868 5329 970 5370 nos
1010 5313 1067 5368 in
1108 5312 1317 5370 cnloco
1355 5311 1762 5378 habitaremus3
1800 5313 1917 5381 ipse

355 5417 536 5466 autem
564 5407 756 5476 uoluit,
781 5407 878 5464 sed
902 5405 1075 5463 voluit
1097 5405 1361 5468 babitare,
1396 5403 1491 5460 ubi
1517 5402 1799 5458 habitabat
1820 5417 1918 5457 an-

355 5509 463 5558 20³.

2013 3427 2188 3498 ἡμῶν.
2219 3424 2325 3480 Τοῦ
2351 3424 2408 3478 δέ
2433 3421 2752 3492 Ἐπιφανίου
2776 3421 2871 3475 ἐπὶ
2899 3422 3219 3492 τριμηναῖον
3249 3417 3438 3488 χρόνον
3468 3413 3585 3467 τού·

2012 3536 2122 3583 τοις
2164 3513 2681 3582 ἐπακολουθοῦντος,
2730 3512 2965 3568 ἐκώλυεν
3012 3511 3208 3574 αὐτους
3249 3507 3361 3563 ἀπὸ
3404 3506 3585 3576 πάσης

2012 3609 2255 3675 ἀταξίας.
2284 3607 2406 3660 Τῶν
2448 3605 2507 3659 δέ
2533 3604 2775 3670 εἰδότων,
2802 3604 2885 3657 ὅτι
2913 3601 3169 3655 στένωσιν
3205 3597 3455 3668 ἐπιφέρει
3488 3598 3587 3651 αὺ-

2011 3700 2125 3761 τοῖς
2168 3696 2257 3750 διὰ
2303 3696 2400 3768 τῆς
2450 3694 2748 3758 νουθεσίας,
2786 3690 3124 3764 ὁμοθυμαδὸν
3174 3688 3413 3752 ἅπαντες
3460 3702 3586 3740 συν-

2013 3783 2265 3855 αχθέντες
2295 3780 2806 3856 προσεκυλινδοῦντο
2848 3779 2956 3832 τῶν
3013 3777 3188 3832 ποδῶν
3217 3774 3404 3841 αὐτοῦ,
3427 3777 3583 3839 ὅπως

2012 3877 2308 3949 ἀποδράσει
2334 3877 2496 3933 πάλιν
2541 3876 2623 3940 είς
2666 3873 2760 3928 τὸν
2810 3872 2942 3926 [διον
2968 3870 3132 3924 τόπον
3165 3868 3350 3923 αὐτοῦ.
3385 3867 3491 3921 Τοῦ
3522 3866 3582 3921 δέ

2015 3967 2290 4030 νουθεσίας
2311 3966 2574 4038 μεγίστας
2597 3962 2879 4027 ἐπιθέντος
2904 3961 2997 4016 ἐπὶ
3016 3964 3135 4024 ταῖς
3161 3960 3352 4022 ἀκοαῖς
3379 3957 3580 4024 αὐτῶν,

2013 4058 2090 4111 ὃτι
2138 4056 2262 4110 Ἐὰν
2311 4058 2384 4127 μὴ
2428 4056 2634 4110 τούτων
2682 4054 2969 4124 ἀπέχεσθε,
3030 4053 3091 4106 ού
3122 4049 3349 4106 δύνασθε
3385 4049 3583 4120 εύημε·

2022 4148 2135 4217 ρεῖν
2162 4148 2220 4199 ἐν
2243 4145 2375 4214 τῷδε
2406 4144 2482 4214 τῷ
2511 4144 2641 4215 βίῳ·
2676 4145 2928 4204 λαὸόντες
2966 4144 3024 4196 δὲ
3072 4142 3235 4195 αύτὸν
3267 4144 3316 4194 oi
3349 4139 3582 4211 ἀμφότε-
3635 4208 3639 4217 ¹

2018 4251 2101 4305 ροι
2132 4234 2336 4305 ἣγαγον
2367 4231 2460 4285 ἐπὶ
2487 4230 2672 4294 τόπον,
2703 4228 2830 4283 ἔνθα
2858 4229 2918 4280 τὸ
2947 4227 3075 4297 πρὶν
3106 4226 3371 4296 κατῴκει·
3404 4227 3497 4278 καίΙ
3516 4227 3579 4298 δὴ

2014 4322 2104 4378 διά
2145 4325 2244 4394 τῆς
2276 4321 2454 4375 αὐτῶν
2496 4318 2801 4391 ὑπηρεσίας
2832 4315 3282 4387 οἰκοδομήσαντες
3322 4313 3471 4386 αύτῷ
3508 4312 3581 4369 οἶ-

2016 4431 2129 4478 κον,
2158 4412 2536 4484 ἀσπασάμενοί
2558 4428 2617 4465 τε
2644 4409 2806 4465 αὑτὸν
2834 4411 2882 4462 οί
2904 4407 3103 4470 πάντες
3126 4405 3433 4478 ἀνεχώρουν
3458 4408 3576 4478 μετ’

2016 4505 2252 4578 εἰρήνης.
2270 4501 2408 4572 Ἐγὼ
2427 4501 2576 4571 γοῦν,
2608 4496 2689 4565 εἷς
2733 4500 2794 4565 ἐξ
2837 4497 3015 4552 αὐτῶν
3066 4498 3345 4568 ὑπάρχων,
3392 4496 3582 4567 ἔμεινα

1947 4625 1988 4680 D
2022 4594 2158 4665 μετὰ
2195 4593 2510 4662 Ἐπιφανίου
2534 4608 2549 4623 ·
2581 4591 2674 4646 καὶ
2713 4589 3039 4661 κατηχηθεὶς
3070 4589 3161 4642 ὑπ’
3185 4585 3349 4641 αὑτοῦ
3382 4586 3480 4639 τὸν·
3500 4585 3583 4640 λό-

2018 4700 2113 4753 γον
2132 4684 2231 4757 τῆς
2261 4670 2536 4754 ἀληθείας,
2570 4680 2761 4753 ἔμεινα
2786 4681 2902 4750 μετ’
2930 4677 3115 4733 αὐτοῦ.
3143 4677 3348 4748 Χρόνου
3376 4676 3435 4731 δὲ
3457 4674 3579 4739 ἐξα-

2024 4775 2248 4847 μηναίου
2290 4772 2645 4846 παρελθόντος
2669 4811 2685 4837 ,
2724 4771 2900 4826 λαθὼν
2944 4770 3047 4840 ἐμὲ
3081 4767 3414 4836 Ἐπιφάνιος,
3462 4770 3581 4822 ἑπο-

2023 4863 2293 4934 ρεύθημεν
2325 4865 2382 4918 ἐν
2421 4864 2498 4936 τῷ
2536 4863 2878 4935 μοναστηρίῳ
2920 4860 3056 4933 πρὸς
3101 4858 3191 4913 τὸν
3239 4858 3412 4929 μέγαν
3448 4858 3581 4913 Ἱλα-

2021 4954 2209 5025 ρίωνα.
2239 4954 2459 5017 Ἰδόντες
2505 4955 2564 5009 δέ
2608 4953 2845 5015 ἅπαντες
2893 4953 2942 5005 οἱ
2997 4949 3215 5018 ἀδελφοὶ
3248 4949 3579 5016 Ἐπιφάνιον,

2021 5044 2292 5120 ἐχάρησαν
2343 5047 2516 5116 χαράν
2573 5043 2833 5115 μεγάλην.
2868 5040 3234 5112 Ἐποιήσαμεν
3288 5039 3345 5094 δὲ
3403 5041 3462 5092 ἐν
3502 5037 3582 5108 τῷ

2022 5134 2366 5205 μοναστηρίῳ
2419 5136 2567 5204 τρεῖς
2624 5132 2835 5204 ἡμέρας
2854 5172 2870 5197 ,
2930 5132 3023 5185 καὶ
3080 5128 3449 5201 παρεκάλεσεν
3490 5126 3582 5180 τὸν

1978 5243 1982 5247 ’
2024 5221 2196 5293 μέγαν
2233 5221 2509 5294 Ὶλαρίωνα
2545 5221 2857 5291 Ἐπιφάνιος
2890 5218 3073 5275 δοῦναί
3099 5236 3189 5289 μοι
3219 5217 3317 5289 τὴν
3358 5218 3416 5271 ἐν
3446 5217 3584 5285 Χρι-

2023 5312 2135 5385 στῷ
2167 5313 2467 5385 σφραγῖδα·
2512 5313 2699 5385 ἐπειδὴ
2736 5311 2978 5385 ’Ῑλαρίων
3006 5310 3359 5375 καταξιωθεὶς
3383 5304 3451 5381 ἦν
3486 5308 3581 5363 τοῦ

2024 5401 2233 5474 βαθμοῦ
2259 5403 2353 5458 τοῦ
2376 5403 2787 5477 πρεσδυτερίου.
2813 5399 3007 5457 Λαδὼν
3033 5394 3127 5455 οῦν
3166 5401 3195 5452 ό
3230 5401 3400 5471 μέγας
3447 5398 3584 5453 Ἱλα-

2022 5493 2154 5565 ρίων
2183 5496 2278 5549 καὶ
2301 5495 2514 5561 διδάξας
2538 5513 2607 5567 με
2633 5496 2735 5568 τὴν
2789 5495 2967 5547 πᾶσαν
2992 5490 3332 5553 ἀκολουθίαν,
3358 5489 3584 5543 ἐδάπτι-

2023 5583 2085 5638 σέ
2114 5601 2183 5655 με
2225 5586 2284 5640 ὲν
2324 5587 2544 5658 ὀνόματι
2574 5585 2805 5657 Πατρὸς,
2823 5584 2916 5638 καὶ
2935 5583 3087 5647 Υἱοῦ,
3117 5582 3208 5636 καὶ
3231 5581 3386 5650 ἁγίου
3413 5578 3583 5634 Πνεύ-

353 5693 542 5750 ματος,
589 5673 846 5737 κελεύσας
895 5689 964 5744 με
923 5624 1252 5740 ,Ἰωάννης
1307 5667 1606 5723 καλεῖσθαι·
1669 5670 2029 5745 Εποιήσαμεν
2074 5675 2131 5730 δὲ
2186 5681 2318 5749 παρ’
2372 5679 2552 5742 αὐτοῖς
2622 5676 2831 5748 ἡμέρας
2886 5674 3047 5728 δέκα·
3092 5673 3187 5727 καὶ
3241 5671 3581 5742 παρεκάλουν

360 5766 675 5838 Ἐπιφάνιον
704 5766 755 5819 οί
778 5763 992 5833 ἀδελφοὶ
1046 5760 1183 5814 ὥστε
1251 5776 1349 5815 κα·
1331 5775 1462 5812 ..v-cxc
1442 5760 1518 5812 ..ἰν
1570 5757 1684 5828 ἅμα
1732 5760 1788 5810 ἐν
1823 5760 1902 5831 τῷ
1938 5764 2156 5834 τόπῳι
2132 5783 2223 5818 εκε
2231 5766 2344 5837 (vig.)
2389 5767 2561 5829 Αὐτὸς
2606 5765 2662 5818 δὲ
2713 5766 2811 5817 οὐκ
2855 5761 3147 5833 ὴὸουληθη,
3199 5760 3311 5814 ἀλλ
3335 5756 3581 5815 ἐδούλετο
3693 5837 3698 5841 ⁴

535 5856 670 5912 ὅπου
695 5854 758 5909 τὸ
783 5856 913 5927 πρὶν
933 5852 1272 5924 κατοικῆσαι.

557 5963 720 6040 Γοηο,
746 5966 1006 6037 συνεῖρεν.
