3850 6517
317 473 406 527 261
976 466 1343 524 ADVERSUS
1378 467 1736 526 HAERESES.
1777 467 1906 526 LlB.
1951 468 1988 523 l.
2032 467 2192 523 Tou.
2234 468 2274 523 l.
2310 468 2685 527 —11AERES.
2729 467 2868 525 xlx.

3466 468 3572 528 262

324 583 835 657 ταραπεπλεγμένη,
866 583 898 655 ὴ
931 582 1038 637 τῶν
1078 583 1349 655 Ὀσσηνῶν
1375 583 1703 655 καλουμένη.
1747 585 1879 638 Ἰου-
1910 601 1955 644 A
1985 581 2265 652 implicita.
2297 583 2409 655 40
2429 581 2563 636 Nam
2592 596 2644 638 et
2672 584 2725 638 1ιί
2763 581 2987 654 perinde
3010 590 3069 638 ut
3100 581 3177 637 illi
3205 580 3375 636 Judaei
3410 592 3566 649 sunt,

312 677 447 731 δαῖοί
476 693 537 730 τε
587 670 756 739 οὗτοι,
787 675 862 738 ὡς
904 674 996 727 καὶ
1034 674 1092 727 αί
1136 673 1552 745 προειρημέναι,
1591 675 1884 747 ὑποκριταὶ

311 768 401 821 τὸν
447 767 668 838 τρόπον,
716 764 878 818 δεινοὶ
919 764 1017 836 τὴν
1056 764 1320 819 ἐπίνοιαν.
1353 765 1659 837 ’Ὦρμηνται
1705 764 1761 818 δέ
1789 758 1882 818 οὗ·

311 874 391 913 τοι
416 859 550 931 (¹5),
572 857 647 921 ὡς
685 859 718 927 ἡ
740 859 819 920 είς
854 856 1000 926 ἡμᾶς
1023 854 1254 910 ἐλθοῦσα
1283 855 1528 928 περιέχει
1563 855 1880 929 παράδοσις,

312 949 420 1003 ὰπὸ
450 949 550 1019 τῆς
584 948 902 1017 Ναόατικῆς
931 944 1138 1019 χώρας,
1172 947 1267 1000 καὶ
1314 947 1633 1020 Ἰτουραίας,
1665 946 1884 1002 Μωαδί·

311 1040 454 1103 τιδός
478 1056 537 1092 τε
572 1040 666 1093 καὶ
694 1036 1049 1109 Ἀρηῖλίτιδος
1081 1038 1191 1092 τῶν
1222 1038 1478 1092 ἐπέκεινα
1504 1039 1604 1109 τῆς
1641 1038 1883 1104 κοιλάδος

310 1132 410 1202 τῆς
443 1130 674 1200 Ἀλυκῆς
714 1129 886 1192 οὕτως
933 1128 992 1181 ἐν
1036 1130 1105 1201 τῇ
1135 1129 1257 1201 θείᾳ
1306 1129 1496 1202 Γραφῇ
1543 1129 1882 1203 καλουμένης

311 1221 711 1294 ὑπερκειμένης
731 1219 936 1291 χώρας.
952 1220 1109 1274 Ἔστι
1131 1219 1188 1273 δὲ
1210 1218 1350 1291 αὕτη
1371 1220 1559 1292 Νεκρὰ
1573 1220 1881 1294 καλουμένη

312 1311 593 1366 Θάλασσα.
620 1308 791 1363 Τοῦτο
811 1309 868 1363 δέ
882 1308 943 1362 τὸ
965 1309 1120 1377 γένος
1142 1302 1251 1362 τῶν
1284 1308 1557 1380 Ὀσσηνῶν
1575 1309 1684 1380 (16)
1709 1312 1882 1383 ἐρμη·

310 1402 520 1457 νεύεται
571 1400 659 1454 διά
707 1400 806 1470 τῆς
858 1398 1121 1463 ἐκδόσεως
1165 1397 1260 1452 τοῦ
1311 1399 1575 1470 ὀνόματος
1626 1400 1880 1474 στιόαρὸν

309 1494 486 1562 γένος.
515 1491 770 1563 Συνήφθη
810 1490 865 1544 δὲ
896 1489 1105 1553 τούτοις
1145 1491 1437 1560 μετέπειτα
1468 1490 1584 1563 (17)
1621 1494 1649 1545 ὁ
1687 1491 1881 1545 καλού·

221 1593 229 1600 ·
312 1600 472 1655 μενος
514 1581 732 1646 Ἢλξαῒ,
777 1584 835 1634 ἐν
865 1579 1076 1653 χρόνοις
1116 1578 1387 1651 Τραῑανοῦ
1429 1580 1693 1650 βασιλέως
1741 1582 1881 1653 μετὰ

307 1675 406 1746 τὴν
439 1671 533 1727 τοῦ
578 1672 831 1743 Σωτῆρος
862 1670 1190 1745 παρουσίαν,
1226 1671 1286 1736 ὃς
1326 1672 1543 1741 ἐγένετο
1578 1672 1879 1745 ψευδοπρο-

308 1766 505 1836 φήτης.
553 1763 937 1834 Συνεγράψατο
983 1762 1040 1816 δὲ
1090 1757 1244 1827 οὗτος
1286 1762 1490 1832 βιύλίον
1531 1764 1692 1835 δῆθεν
1737 1765 1880 1820 κατά

309 1856 666 1929 προφητείαν,
702 1855 736 1924 ἢ
775 1853 851 1918 ὡς
888 1854 1027 1909 κατὰ
1056 1854 1234 1907 ἐνθεον
1264 1855 1475 1924 σοφίαν.
1510 1856 1651 1908 Φασὶ
1687 1855 1743 1908 δὲ
1786 1856 1880 1910 καὶ

1985 679 2040 728 ει
2072 672 2359 727 simulandi
2395 673 2652 737 artifices,
2687 683 2850 745 atque
2888 674 2941 728 in
2982 673 3174 744 primis
3207 672 3413 731 callidi.
3454 671 3560 731 Fe·

1987 771 2116 818 runt
2145 765 2280 820 istos
2304 779 2371 819 ex
2401 762 2677 829 Nabata-a,
2712 764 2925 830 ituraea,
2954 764 3245 822 Moabitide
3271 772 3327 821 et
3368 764 3568 823 Areili-

1985 854 2095 911 tide
2126 857 2391 926 originem
2420 854 2690 918 traxisse,
2731 869 2853 924 quae
2888 856 3142 926 regiones
3186 858 3327 911 ultra
3365 857 3564 914 vallem
3622 911 3626 914 .

1984 948 2381 1018 salsuginosam
2411 947 2602 1016 positae
2622 953 2768 1002 sunt.
2805 944 2922 1002 Boc
2955 945 3099 1001 enim
3142 948 3363 1002 nomine
3392 948 3568 1005 sacris

1989 1038 2045 1093 in
2084 1037 2280 1094 litteris
2310 1046 2519 1093 tractus
2550 1036 2641 1092 ille
2669 1037 2917 1106 superior
2945 1036 3269 1105 appellatur,
3301 1041 3396 1107 qui
3422 1038 3568 1094 idem

1981 1136 2067 1186 est
2098 1143 2221 1184 cum
2254 1130 2389 1182 mari
2413 1127 2649 1184 Mortuo.
2682 1125 3016 1182 Ossenorum
3035 1141 3199 1197 porro
3219 1143 3393 1198 genus
3421 1129 3570 1185 istud

1982 1219 2031 1274 si
2061 1233 2257 1274 nomen
2285 1219 2664 1288 interpretere,
2696 1216 2840 1272 idem
2868 1224 2955 1274 est
2996 1231 3061 1271 ac
3094 1215 3307 1272 ssrmum
3338 1225 3394 1272 et
3431 1217 3568 1273 soli-

1982 1310 2133 1366 dum.
2167 1308 2249 1364 Ad
2297 1309 2400 1365 bos
2435 1319 2620 1380 postca
2663 1309 2814 1363 Elxai
2857 1323 2918 1365 se
2974 1307 3199 1378 quidam
3233 1309 3567 1380 aggregavit,

1982 1401 2285 1473 imperante
2310 1400 2569 1471 Traiano,
2597 1407 2720 1469 post
2758 1397 3052 1455 adventum
3084 1397 3288 1453 Christi
3325 1398 3565 1456 Domini.

1982 1493 2084 1561 Qui
2133 1509 2256 1548 cum
2296 1491 2435 1547 salso
2464 1490 2782 1561 prophetam
2804 1505 2865 1544 se
2891 1489 3119 1553 diceret,
3150 1489 3345 1543 librum
3375 1505 3569 1560 quem-

1982 1585 2106 1640 dam
2154 1586 2302 1641 velut
2331 1584 2653 1654 prophetico
2678 1583 2873 1652 spiritu
2905 1581 3119 1636 amatus
3145 1580 3348 1646 edidit,
3380 1582 3566 1639 divina

1982 1676 2190 1730 scilicet
2222 1673 2489 1745 sapientia
2523 1672 2761 1742 plenum.
2796 1670 2972 1742 liujus
3003 1679 3264 1741 praeterea
3311 1672 3562 1745 fratrem,

1979 1766 2203 1823 Jexeum
2235 1765 2473 1830 nomine,
2501 1772 2947 1820 commemorant.
2984 1761 3252 1819 Caeterum
3288 1764 3568 1821 bomoille

1982 1859 2225 1915 moribus
2251 1860 2494 1930 perditus
2518 1865 2685 1927 atque
2718 1856 2987 1925 impostor
3017 1855 3152 1923 suit;
3179 1871 3303 1910 nam
3321 1871 3445 1911 cum
3471 1871 3566 1928 ge·

304 1948 462 2004 ᾰλλον
490 1945 615 2000 τινὰ
653 1944 844 2010 Ἰεξέον
887 1945 1119 2013 ἀδελφὸν
1151 1944 1364 2000 τούτου.
1407 1944 1605 2014 Γέγονε
1640 1945 1696 2000 δὲ
1725 1941 1876 2011 οὗτος
1907 1947 1949 2001 Β
1977 1965 2108 2006 nere
2142 1965 2206 2006 ac
2250 1958 2400 2006 secta
2445 1948 2666 2005 Judaeus
2696 1957 2874 2012 esset,
2916 1946 2982 2001 ad
3013 1947 3148 2020 legis
3178 1948 3560 2020 praescriptum

301 2040 330 2092 ὁ
351 2037 447 2092 ἄνθ
457 2054 637 2108 ρωπος
671 2034 1080 2105 πεπλανημένος
1104 2033 1198 2087 τὸν
1225 2035 1442 2105 τρόπον,
1476 2034 1752 2106 ἀπατηλὸς
1777 2036 1878 2108 τὴν

302 2129 548 2201 γνώμην,
579 2127 687 2181 ἀπὸ
721 2125 987 2180 Ἰουδαίων
1013 2124 1349 2197 ὁρμώμενος,
1385 2127 1477 2180 καὶ
1506 2124 1572 2180 τά
1615 2126 1878 2182 Ἰουδαίων

303 2218 536 2291 φρονῶν,
561 2215 704 2270 κατὰ
733 2216 897 2287 νόμον
933 2215 991 2268 δὲ
1035 2212 1111 2286 μὴ
1156 2214 1595 2287 πολιτευόμενος,
1628 2216 1794 2288 ἔτερα
1820 2215 1879 2271 δέ

302 2310 418 2364 ἀνθ’
465 2310 668 2379 ἐτέρων
712 2307 1117 2380 παρεισφέρων,
1157 2308 1252 2360 καὶ
1284 2306 1382 2379 τὴν
1416 2308 1552 2362 ίδίαν
1593 2306 1758 2363 αὐτοῦ
1793 2309 1880 2362 αἴ·

307 2417 454 2471 ρεσιν
500 2399 801 2469 πλανήσας.
847 2397 1052 2461 Ἃλας,
1102 2399 1196 2451 καὶ
1248 2398 1428 2471 ὕδωρ,
1468 2398 1562 2453 καὶ
1602 2400 1741 2470 γῆν,
1782 2399 1879 2454 καὶ

303 2491 499 2561 κάρτον
518 2491 631 2560 (18)
651 2490 747 2542 καὶ
767 2488 1014 2560 οὐρανὸν,
1038 2489 1131 2541 καὶ
1153 2487 1363 2555 αἰθέρα,
1386 2490 1480 2543 καὶ
1503 2491 1701 2561 ἄνεμον
1716 2491 1880 2561 ὅρκον

303 2581 488 2644 αὐτοῖς
515 2580 596 2642 είς
630 2578 878 2649 λατρείαν
907 2579 1231 2649 ὁρισάμενος
1263 2580 1632 2650 παραδέδωκε.
1655 2582 1792 2636 Ποτέ
1820 2582 1880 2635 δέ

304 2672 463 2727 πάλιν
485 2671 680 2735 ἄλλους
707 2669 987 2741 μάρτυρας
1008 2667 1150 2721 ἑπτὰ
1168 2669 1515 2740 ὁρισάμενος,
1537 2670 1629 2725 τὸν
1652 2671 1879 2742 οὐρανὸν

299 2762 461 2832 φημὶ,
488 2762 582 2813 καὶ
614 2758 673 2812 τδ
701 2758 867 2830 ὕδωρ,
907 2758 1000 2812 καὶ
1031 2758 1319 2828 πνεύματα
1348 2759 1533 2829 φησιν,
1564 2759 1660 2813 καὶ
1690 2759 1879 2827 ἁγίους

296 2853 421 2914 τοὺς
445 2849 711 2920 ἀγγέλους
750 2851 849 2921 τῆς
884 2851 1212 2921 προσευχῆς,
1252 2851 1346 2903 καὶ
1380 2851 1440 2904 τὸ
1471 2850 1667 2917 ἔλαιον,
1701 2851 1880 2906 καὶτὸ

298 2940 452 3005 ἅλας,
496 2941 592 2995 καὶ
626 2940 724 3010 τὴν
756 2942 882 3010 γῆν.
928 2937 1315 3008 Ἀπεχθάνεται
1362 2939 1418 2993 δὲ
1455 2942 1521 3010 τῇ
1573 2940 1874 3011 παρθενίᾳ,

300 3035 449 3102 μισεῖ
473 3033 530 3086 δέ
564 3032 663 3104 τὴν
693 3031 1020 3101 ἐγκράτειαν
1037 3068 1052 3095 ,
1079 3030 1377 3099 ἀναγκάζει
1401 3031 1458 3085 δὲ
1499 3032 1676 3102 γάμον
1695 3049 1710 3063 ·
1738 3050 1874 3103 φαν-

293 3122 529 3195 τασιώδη
550 3123 606 3176 δέ
632 3139 752 3175 τινα
774 3121 848 3186 ὡς
876 3121 1035 3194 δῆθεν
1067 3121 1461 3192 ἀποκαλύψεως
1492 3124 1872 3195 παρεισφέρει·

295 3214 592 3286 ὑποκριτάς
614 3215 672 3268 δὲ
712 3217 726 3246 ¹
756 3214 1020 3278 διδάσκει,
1056 3215 1231 3284 φήσας
1276 3214 1350 3285 μὴ
1391 3210 1529 3268 εἷναι
1565 3217 1870 3287 ἁμαρτίαν,

1980 2042 2203 2097 minime
2229 2042 2392 2096 vitam
2420 2055 2577 2097 suam
2606 2038 3069 2106 accommodavit;
3102 2038 3201 2094 sed
3230 2040 3335 2093 alia
3372 2040 3558 2094 omnia

1979 2134 2102 2189 loco
2121 2131 2244 2202 ejus
2261 2130 2517 2193 obtrusit,
2538 2145 2603 2183 ac
2625 2135 2924 2185 sectatores
2943 2144 3076 2185 suos
3105 2129 3162 2183 in
3188 2136 3563 2186 transversum

1980 2221 2225 2278 abduxit.
2280 2222 2425 2278 luter
2472 2221 2578 2276 alia
2628 2235 2726 2292 per
2764 2219 2934 2276 salem
2970 2234 3035 2275 ac
3079 2229 3311 2283 terram,
3343 2235 3561 2289 panem,
3632 2215 3645 2226 '

1980 2313 2212 2376 omium,
2242 2312 2443 2368 aetbera
2463 2351 2477 2378 ‚
2514 2319 2846 2380 ventumque
2871 2310 3019 2366 velut
3060 2311 3284 2366 numina
3317 2311 3566 2380 deierare

1974 2400 2162 2472 iussit.
2206 2401 2484 2457 interdum
2514 2416 2589 2455 vu
2641 2401 2779 2462 alios
2827 2407 2996 2457 testes
3045 2398 3272 2456 definit:
3303 2401 3561 2457 nimirum

1980 2495 2201 2558 coelum,
2236 2508 2433 2565 aquam
2464 2500 2519 2546 et
2555 2492 2804 2562 spiritus.
2839 2499 3061 2548 sanctos
3093 2491 3361 2547 orationis
3399 2506 3566 2564 auge·

1980 2585 2083 2649 los,
2110 2585 2310 2643 oleum.
2352 2583 2521 2639 salem
2551 2592 2622 2641 et.
2640 2590 2865 2640 terram.
2900 2581 3169 2639 Praeterea
3196 2584 3564 2655 virginitatem

1978 2674 2113 2739 odit,
2146 2675 2537 2730 continentiam
2569 2673 2817 2738 damnat,
2847 2680 2901 2730 et
2934 2673 3002 2728 ad
3034 2673 3302 2729 ineundas
3338 2674 3562 2744 nuptias

1979 2764 2274 2834 compellit.
2309 2763 2446 2818 Tum
2478 2779 2607 2820 vero
2632 2774 2938 2820 commenta
2984 2764 3232 2834 quaedam
3261 2778 3325 2818 ac
3349 2765 3562 2820 somnia

1937 2847 1955 2867 ’
1979 2863 2237 2924 tanquam
2269 2855 2623 2926 apocalypses
2663 2855 2781 2910 suis
2826 2854 3064 2926 reliquit.
3107 2855 3258 2920 Quos
3285 2856 3447 2910 etiam
3486 2856 3563 2911 si·

1979 2947 2277 3001 mulatores
2327 2960 2450 3002 csse
2498 2945 2720 3012 docuit;
2772 2960 2896 3000 cum
2955 2945 3123 3000 ullum
3163 2952 3387 3016 negaret
3437 2959 3562 3002 esse

1977 3035 2214 3098 crimen,
2252 3035 2298 3091 si
2334 3036 2457 3106 quis
2494 3033 2893 3104 persecutionis
2927 3041 3172 3104 tempore
3214 3034 3356 3090 idola
3397 3048 3549 3089 vene·

1978 3132 2149 3188 retur,
2180 3124 2476 3179 dummodo
2504 3123 2729 3178 minime
2763 3123 2816 3178 id
2840 3140 2906 3179 ex
2941 3126 3125 3178 animo
3166 3123 3362 3190 saciat3
3391 3132 3482 3179 ant
3508 3125 3555 3180 si

1977 3215 2106 3285 quid
2142 3230 2236 3270 ore
2267 3222 2423 3270 tenus
2453 3230 2561 3269 non
2596 3215 2723 3268 item
2754 3215 2938 3269 animo
2963 3216 3304 3285 profiteatur.

294 3304 343 3356 εἰ
371 3304 464 3356 καὶ
505 3303 870 3375 παρατύχοιεν
900 3302 1089 3356 εἴδωλα
1113 3305 1483 3375 προσκυνῆσαι
1507 3304 1700 3377 καιροῦ
1755 3305 2039 3368 ἐνστάντος
2094 3303 2356 3375 διωγμοῦ,
2395 3305 2489 3358 ἐὰν
2538 3305 2698 3376 μόνον
2743 3306 2800 3359 ἐν
2846 3308 2913 3376 τῇ
2956 3306 3257 3376 συνειδήσει
3302 3306 3377 3378 μὴ
3425 3321 3551 3378 προ-

300 3395 572 3465 σκυνῆσῃ.
618 3395 711 3447 καὶ
754 3394 886 3446 εἴτι
921 3394 964 3447 δ’
1006 3395 1071 3447 ἂν
1103 3395 1413 3465 ὁμολογήσῃ
1455 3396 1513 3448 ἐν
1558 3395 1804 3466 στόματι,
1845 3397 1902 3448 ἐν
1939 3393 1996 3447 δὲ
2030 3396 2096 3466 τῇ
2129 3393 2324 3466 καρδία
2364 3395 2461 3466 μή.

365 3507 381 3538 ¹
426 3507 582 3562 Deest
615 3501 772 3561 εἶναι.

329 3659 390 3699 ιο
414 3643 634 3709 scheva,
659 3652 712 3697 et
746 3641 985 3699 vicissim
1004 3615 1204 3698 sclieva
1227 3657 1325 3712 pro
1343 3641 1520 3697 ltolem
1545 3651 1862 3713 usurpator.
1893 3651 1935 3708 c
1971 3643 2028 3695 ἐν
2062 3644 2129 3714 τῇ
2176 3640 2414 3714 Ἰτουρέᾳ
2454 3643 2549 3696 καὶ
2575 3640 2892 3697 Ναὸαττίδι.
2947 3639 3024 3696 Ex
3063 3641 3263 3711 quibus
3298 3641 3552 3702 fortassis

320 3715 444 3768 lanc
474 3717 844 3783 conjecturam
880 3712 1094 3766 duobus
1135 3714 1478 3781 potissimum
1522 3716 1863 3782 argumentis

281 3786 523 3838 astruit:
567 3785 830 3844 alterum,
872 3783 1018 3850 quod
1067 3782 1234 3833 multa
1281 3783 1335 3833 in
1377 3796 1564 3834 eorum
1613 3782 1863 3837 instituto

289 3867 531 3909 veterum
570 3856 898 3907 bissenorum
927 3850 1148 3914 vestigia
1177 3856 1517 3915 comparent,
1584 3857 1774 3917 utputa
1825 3853 1858 3922 ἠ

290 3925 395 3976 τῶν
424 3922 668 3990 ἀγγέλων
704 3919 989 3990 θρησκεία,
1023 3918 1179 3970 cibus
1208 3931 1272 3970 ex
1296 3917 1411 3970 sole
1432 3924 1484 3970 el
1507 3932 1666 3986 pane,
1699 3927 1862 3988 potus

289 4008 355 4047 ex
387 4007 528 4060 aqua
549 4028 565 4052 ,
596 4001 706 4042 tum
734 3988 877 4056 quod
910 3987 1100 4041 Osseni
1130 3986 1296 4040 solem
1313 3988 1629 4050 adorarunt,
1657 3990 1862 4045 undeet

294 4061 555 4129 Sampsaei
584 4058 715 4112 dicti
739 4077 751 4110 :
784 4071 906 4111 nam
935 4057 1218 4125 Sampsaei,
1258 4071 1496 4125 quorum
1525 4068 1610 4112 est
1638 4058 1862 4116 ltaeresis

293 4145 410 4196 ιιιι,
455 4132 614 4185 iidem
655 4143 778 4181 cum
818 4124 1042 4180 Ossenis
1083 4126 1358 4184 videntur.
1408 4128 1474 4181 At
1524 4126 1858 4185 Essenorum

292 4201 569 4270 proprium
605 4198 708 4252 boe
741 4197 858 4259 suit,
894 4199 1102 4252 oriente
1123 4198 1237 4252 sole
1271 4213 1457 4265 preces
1484 4196 1741 4264 funden-⁸,
1779 4202 1862 4255 al·

289 4284 466 4328 terum
498 4277 603 4331 est,
630 4268 773 4337 quod
805 4268 955 4320 Elxai
982 4268 1245 4334 impostor
1278 4269 1385 4331 ille,
1411 4268 1501 4336 qui
1533 4270 1599 4323 ad
1620 4273 1860 4325 Ossenos

290 4341 528 4403 transiit,
554 4341 795 4394 Essenos
825 4337 1004 4390 suerit.
1036 4336 1178 4390 Nihil
1212 4338 1356 4391 enim
1390 4338 1535 4391 aliud
1562 4349 1645 4394 est
1677 4340 1858 4407 Ἐλξαῖ

288 4424 451 4480 quam
489 4413 518 4464 ό
553 4410 802 4470 Ἐσσαῖος
838 4415 979 4467 ’uon
1010 4393 1080 4466 'th
1109 4414 1166 4460 ut
1192 4407 1243 4461 id
1265 4416 1447 4469 sectae,
1481 4424 1589 4462 uon
1623 4409 1856 4465 bominis

290 4481 571 4550 proprium
595 4478 886 4533 exstiterit.
924 4477 1027 4531 Sed
1052 4492 1114 4532 ea
1144 4477 1403 4547 Scaligeri
1427 4478 1744 4545 conjectura
1766 4494 1858 4534 εει·

289 4560 447 4605 ιειιιιε
482 4566 510 4603 a
544 4549 702 4603 uobis
725 4546 1004 4616 probatur,
1036 4557 1095 4599 ut
1121 4547 1252 4600 nibil
1286 4563 1449 4616 supra
1482 4547 1853 4611 conjecturam

288 4634 353 4672 ac
401 4620 733 4688 probabilem
765 4618 1073 4687 opinionem
1117 4618 1330 4670 lrabeat.
1379 4615 1445 4669 Et
1474 4618 1692 4685 quidem
1727 4632 1853 4671 cum

287 4690 389 4742 tria
434 4689 571 4757 apud
602 4686 818 4741 ‹ludaeos
868 4694 992 4739 aute
1029 4686 1309 4740 Christum
1353 4692 1627 4741 sectarum
1673 4687 1854 4756 capita

289 4759 518 4824 suerintss
545 4758 960 4820 Pharisaeorum,
979 4754 1403 4809 Sadducaeorum
1425 4764 1479 4808 et
1499 4754 1850 4820 Essenorum,

286 4838 496 4884 caeterae
528 4842 739 4889 omnes,
766 4841 885 4895 quae
922 4827 989 4878 ab
1021 4825 1345 4894 Epiphanio,
1373 4825 1453 4877 vel
1492 4827 1614 4880 aliis
1650 4842 1854 4881 memo-

285 4908 496 4963 rantur,
532 4899 765 4951 baereses
788 4898 854 4950 ad
884 4896 1099 4949 illarum
1129 4897 1437 4964 ‹mainpiam
1465 4898 1659 4950 merito
1691 4910 1850 4950 revo-

1969 3711 2307 3766 emeudanda
2337 3728 2436 3765 vox
2464 3713 2562 3782 τῆς
2594 3713 2649 3764 'A
2661 3711 2971 3782 ρηῖλίτιδος,
3000 3726 3122 3780 quae
3148 3713 3250 3766 boc
3276 3712 3398 3765 loco
3419 3713 3551 3783 legi·

1966 3789 2076 3901 tior,
2102 3795 2223 3901 ‘¹32⁸
2250 3795 2520 3902 ιιυειίῐιιιιδιιι
2548 3795 2605 3835 re
2678 3783 2853 3835 ritttr:
2884 3796 3089 3850 proque
3120 3795 3185 3835 ca
3210 3781 3552 3838 substituen-

1967 3864 2525 3973 ffli.÷.2÷⁰.‘33⁹5.‘-1‚2‘
2560 3854 3040 3987 satistatis?
3067 3851 3549 3991 (ἱὲέέιέἕὲῐὲ*23

1977 3987 2307 4057 Ἀρεόπολις,
2342 3987 2409 4042 ad
2443 3996 2738 4045 torrentem
2758 3991 2983 4052 Arnum.
3015 3999 3074 4043 ut
3110 3990 3176 4044 ad
3206 4007 3256 4044 c.
3286 3989 3548 4047 quosue

1966 4056 2171 4114 Masius
2196 4058 2475 4112 observat.
2518 4056 2820 4114 Possumus
2854 4067 2909 4113 et
2949 4059 3324 4131 Ἀρνωνίτιδος
3367 4076 3398 4113 a
3430 4068 3548 4116 tor·

1963 4130 2137 4184 rentis
2165 4127 2387 4184 nomine
2418 4129 2689 4198 suspicari
2721 4130 3009 4197 scriptum.

2034 4197 2145 4269 (¹6)
2191 4197 2372 4252 Τοῦτο
2412 4197 2481 4251 δὲ
2531 4200 2708 4268 γένος
2746 4197 2866 4252 τῶν
2908 4198 3234 4269 Ὀσσηνῶν.
3290 4197 3462 4266 Quasi
3512 4216 3544 4257 a

1962 4268 2127 4325 verbo
2158 4276 2259 4353 pm
2303 4267 2603 4337 profectum
2657 4272 2762 4331 sit,
2820 4269 2964 4337 quod
2998 4271 3050 4324 in
3085 4270 3329 4323 Aromata
3360 4270 3544 4341 lingua

1961 4338 2150 4404 [ortem
2188 4353 2322 4398 esse,
2372 4339 2453 4392 vel
2485 4338 2737 4392 roborare
2774 4339 3066 4404 signifieat,
3108 4340 3199 4393 alii
3222 4340 3292 4394 ab
3316 4339 3548 4396 Helu-m

1957 4418 2044 4473 Ῥω
2066 4408 2362 4463 deducunt.
2397 4406 2641 4478 Scaliger
2675 4422 2781 4462 non
2807 4408 3041 4473 dubitat,
3073 4409 3206 4480 quin
3259 4410 3517 4481 ὐσσηνός

1961 4487 2021 4530 ut
2061 4475 2539 4556 Ἐσσηνὸς,.κατά
2586 4479 2925 4567 παραγωγήν
2969 4487 3292 4548 conceptum
3334 4479 3408 4535 sit
3430 4443 3545 4536 &nd

1957 4544 2238 4606 τούηωη,
2270 4554 2330 4598 ut
2374 4545 2517 4600 idem
2552 4547 2625 4602 sit
2681 4549 2935 4610 Οσσαίος,
2974 4555 3030 4603 ει
3077 4547 3336 4619 Ὀσσηνός
3358 4563 3373 4577 ·
3409 4563 3540 4605 nam

1957 4614 2230 4683 eiusmodi
2256 4617 2645 4686 patronymica*
2672 4614 2991 4672 inflexiones
3019 4618 3074 4671 in
3105 4618 3231 4687 ηνός
3266 4617 3536 4684 Arabum,

1956 4692 2011 4738 et
2035 4685 2364 4739 Asianorum
2413 4686 2648 4754 propriae
2689 4691 2840 4746 sunt,
2885 4693 2945 4739 ut
2977 4686 3119 4741 idem
3160 4703 3226 4741 ex
3260 4685 3542 4756 Sti-phano

1957 4755 2014 4810 iu
2048 4754 2346 4825 Ἀὅασηνός
2372 4752 2551 4817 docet.
2583 4770 2708 4809 cum
2739 4753 2985 4824 Europaei
3016 4755 3176 4810 aliter
3204 4754 3466 4811 forment:

2027 4824 2140 4895 (17)
2176 4823 2465 4893 Συνήφθη
2508 4824 2576 4879 δὲ
2606 4825 2844 4891 τούτοις
2928 4823 3220 4882 crsasum.
3275 4825 3347 4879 De
3381 4825 3538 4881 Elxai

1956 4895 2226 4955 meminit,
2270 4902 2328 4949 ut
2369 4893 2577 4950 dictum
2615 4903 2723 4961 est,
2770 4896 2825 4949 in
2910 4910 3271 4964 ampsaforum
3317 4897 3536 4952 liaeresl.

286 4979 499 5030 cantur,
534 4983 563 5021 a
599 4983 703 5035 qua
741 4966 896 5019 initio
928 4967 1321 5034 profluxerunt.
1366 4963 1691 5035 Quanquam
1718 4980 1854 5035 pau·
1881 4984 1932 5043 D
1956 4962 2112 5030 Quod
2150 4972 2314 5019 sectae
2350 4980 2551 5020 nomen
2596 4980 2741 5029 esse,
2790 4981 2900 5021 non
2952 4966 3211 5027 bominis.
3252 4967 3536 5036 proprium

286 5038 439 5092 latim
467 5039 621 5092 novis
640 5036 705 5090 ad
730 5036 1033 5089 institutum
1061 5037 1277 5098 ritibus,
1302 5048 1366 5087 ac
1388 5035 1734 5104 dogmatibus
1754 5036 1852 5091 ad-

281 5108 557 5178 jiciendis,
602 5115 695 5161 aut
723 5113 912 5160 contra
949 5107 1223 5159 veteribus
1252 5104 1584 5173 rejiciendis,
1619 5107 1848 5160 multum

285 5192 316 5231 a
352 5178 530 5247 priore
561 5177 734 5231 forma
754 5174 1092 5229 deflexerint.
1138 5175 1501 5239 Quamobrem
1534 5176 1603 5230 ab
1628 5174 1850 5231 Essenis

284 5247 672 5304 Ossonosistos
689 5261 939 5300 manasse
956 5245 1217 5298 credibile
1232 5253 1316 5298 est
1335 5262 1348 5297 ε
1383 5246 1596 5300 tametsi
1616 5245 1851 5315 plurima

286 5318 395 5375 illis
427 5319 704 5373 contraria
726 5317 977 5386 dogmata
995 5314 1185 5369 Osseni
1219 5315 1566 5383 postmodum
1593 5324 1851 5371 astruxe-

281 5389 426 5444 rint:
462 5389 608 5459 quod
635 5404 701 5442 ex
730 5386 923 5456 Epiph.
956 5396 1210 5440 constare
1233 5391 1428 5453 potest.

344 5479 458 5551 (15)
481 5481 801 5548 Ὥρμηνται
825 5475 893 5530 δὲ
920 5471 1105 5532 οὗτοι.
1127 5473 1279 5530 Unde
1306 5482 1360 5529 et
1385 5472 1646 5545 Sampsaei
1671 5476 1851 5545 profe-

279 5553 373 5604 cti.
403 5551 504 5617 Qui
539 5550 671 5604 meri
694 5556 823 5603 suut
854 5546 1067 5612 Osseni.
1104 5545 1210 5601 nisi
1235 5545 1379 5615 quod
1411 5544 1477 5597 ad
1507 5560 1853 5601 communem

281 5621 720 5692 superstitionem
743 5628 1017 5686 utcunque
1044 5615 1344 5672 Christiani
1376 5616 1614 5671 nominis
1642 5617 1856 5686 profes-

281 5693 489 5744 sionem
521 5689 907 5759 adjunxerant.
953 5687 1156 5742 Horum
1205 5686 1371 5756 igitur
1413 5686 1748 5740 domicilium
1796 5687 1850 5740 in

277 5756 458 5814 Peraea
489 5761 609 5821 tuit.
658 5768 720 5814 ut
753 5759 944 5814 haeresi
977 5757 1384 5826 hill-scriptum
1414 5765 1520 5820 est,
1554 5757 1728 5829 πέραν
1750 5756 1852 5826 τῆς

280 5828 654 5902 ’Δλυκῆς,ήτοι
668 5828 887 5900 Νεκρᾶς
901 5828 1065 5880 καλου
1074 5826 1238 5898 μένης
1255 5825 1612 5896 θαλάσσης,ἐν
1624 5829 1689 5897 τῇ
1708 5827 1850 5880 Moa-

279 5897 436 5954 δίτιδι
460 5901 610 5973 χώρᾳ
629 5900 756 5971 περὶ
776 5899 864 5953 τὸν
881 5899 1213 5969 χειμάρρουν
1238 5895 1442 5966 ’Λρνῶν
1460 5898 1554 5951 καί
1571 5898 1846 5962 ἐπέκεινα,

1960 5048 2224 5102 ariolatur
2264 5047 2531 5117 Scaliger.
2592 5048 2800 5104 Etenim
2845 5050 3114 5105 Arabicus
3155 5051 3426 5107 articulus
3464 5035 3541 5114 5η

1960 5133 2086 5173 cum
2118 5118 2480 5188 appellatione
2507 5127 2671 5174 seetae
2690 5158 2707 5183 ,
2733 5123 2836 5173 Ιιοε
2870 5130 2954 5174 εει
2978 5127 3120 5179 'mn
3158 5120 3408 5186 Ἐσσαῖος
3437 5138 3539 5177 no-

1956 5216 2081 5255 men
2101 5200 2231 5254 ittud
2256 5200 2467 5271 peperit
2494 5186 2742 5264 νισι-ἢκ
2775 5201 3036 5267 Ἐλεαιος,
3062 5204 3091 5255 ⁶
3118 5203 3385 5267 Ἐσσαῖος.
3417 5203 3535 5272 Qua
3625 5192 3640 5199 “

1954 5270 2119 5324 etiam
2143 5271 2355 5325 ratione
2380 5271 2622 5341 ejusdem
2656 5271 2823 5325 frater
2857 5271 3078 5337 Ἰεξαίος
3102 5287 3201 5342 pro
3231 5273 3439 5339 Ἐξαῖος
3466 5277 3536 5329 ab

1957 5339 2261 5410 Epiphanio
2284 5348 2652 5412 nuncupatur,
2681 5341 2827 5396 sicot
2853 5341 3111 5407 Ἰεσσαῖος
3136 5359 3235 5413 pro
3262 5345 3532 5409 Ἐσσαῖος.

1960 5407 2067 5466 Sed
2100 5410 2214 5466 ltaec
2243 5424 2395 5465 mera
2432 5408 2574 5465 Scali
2617 5411 2696 5466 eri
2719 5409 2984 5466 divinatio
3016 5421 3121 5467 est.

2029 5478 2142 5551 (¹8)
2182 5479 2383 5546 Ἅλυς,
2402 5479 2502 5535 καὶ
2527 5480 2565 5534 ὕ
2604 5498 2703 5549 ωρ,
2729 5479 2829 5535 καὶ
2897 5480 2985 5550 ”ν,
3008 5484 3104 5537 καί
3128 5481 3330 5553 ἄρτον.
3354 5481 3538 5554 Frigct

1959 5546 2223 5620 Scaliger-i
2254 5550 2591 5621 conjectura,
2627 5550 2802 5621 quiin
2880 5554 3072 5609 lenebo
3088 5553 3392 5608 Triltoeresii
3406 5566 3513 5623 cap

1954 5618 2048 5686 27,
2068 5620 2517 5688 superstitiosum
2547 5618 2884 5677 essenorum
2906 5623 3294 5693 iusiurandum
3321 5638 3417 5694 per
3443 5638 3533 5679 so-

1956 5689 2082 5753 lem,
2119 5703 2312 5759 panem
2335 5697 2389 5744 et
2415 5698 2635 5759 aquam,
2664 5691 2731 5746 ad
2757 5692 3084 5748 Essenorum
3109 5695 3311 5748 victum
3344 5691 3529 5754 refert.

1953 5760 2048 5829 qui
2087 5773 2245 5829 pane,
2282 5760 2395 5816 sale
2422 5770 2476 5814 et
2509 5775 2647 5832 aqua
2685 5764 2989 5818 constabat.
3018 5763 3192 5818 Porro
3221 5772 3272 5817 et
3310 5762 3446 5824 baec,
3476 5768 3531 5814 et

1952 5844 2075 5898 quae
2114 5829 2375 5898 deinceps
2415 5841 2742 5899 sequnntur.
2768 5833 3098 5888 documento
3122 5845 3247 5887 esse
3275 5827 3528 5902 possunt:

1952 5900 2287 5957 Ossenorum
2311 5907 2518 5955 sectam
2542 5900 2610 5957 ab
2631 5902 2854 5958 Essenis
2874 5903 3023 5957 valde
3041 5901 3311 5957 diversam
3335 5898 3528 5955 fuisse.
