3850 6517
294 678 3537 742 Ἣ

928 863 1623 981 EPISTOLA
1724 867 2105 985 NUNC
2125 865 2886 986 UPATORIA.

1332 1436 1794 1485 musmssmo
1833 1438 1910 1482 Ac
1951 1434 2493 1483 navum-:Nummio

864 1678 943 1742 1).
985 1676 1435 1740 FRANcnsco
1476 1678 1541 1741 S.
1587 1678 1665 1737 R.
1718 1678 1789 1738 E.
1839 1670 2295 1737 CARmNALl
2338 1667 2972 1744 RUmFUCALmo,

1570 1948 1796 1988 tuscum
1834 1941 2195 1985 SULVASECTt-le
2216 1966 2230 1989 ,

771 2191 947 2232 numm
975 2182 1215 2231 runem
1244 2186 1709 2239 tutuosvlunm,
1739 2186 1805 2227 Ac
1835 2184 2055 2227 SANCTAE
2088 2182 2377 2223 GEBOVEFAE
2412 2181 2548 2221 APUD
2586 2182 2824 2223 ''3818'oe
2849 2180 3061 2225 ΔΙΙΑΤΙ.
3162 2187 3185 2197 “

376 2444 679 2506 Meliusne
730 2444 835 2515 sit,
886 2453 944 2504 et
972 2446 1350 2516 consultius,
1402 2444 1750 2507 cardinalis
1782 2438 2240 2511 illustrissime,
2274 2440 2727 2520 pestiferorum
2751 2439 3066 2501 hoereseon
3110 2437 3360 2519 nefaria
3411 2434 3532 2498 do-

305 2549 515 2618 qmata
543 2540 905 2615 consiqnare
940 2541 1188 2615 litteris,
1222 2563 1305 2604 an
1336 2563 1404 2603 ea
1446 2554 1650 2603 tacere
1674 2539 1962 2619 penitus,
1980 2537 2133 2615 jure
2166 2536 2336 2596 inter
2363 2538 2680 2617 sapientes
2707 2538 3037 2618 quoeritur.
3068 2534 3159 2596 Ac
3187 2529 3531 2595 nonnullos

301 2636 513 2696 minus
540 2643 854 2695 sectarum
889 2635 1029 2713 ipsa
1074 2636 1443 2715 descriptio,
1501 2638 1764 2714 diligens
1806 2635 2160 2713 proesertim
2209 2644 2266 2695 et
2317 2637 2664 2710 enucleata,
2718 2634 3004 2697 delectat.
3058 2634 3193 2696 Alii
3239 2635 3532 2697 cautione

286 2734 556 2814 quadam
590 2754 667 2795 ac
697 2733 942 2795 delectu
979 2755 1140 2815 opus
1175 2747 1309 2795 esse
1328 2734 1650 2814 judicant,
1699 2744 1771 2796 ut
1805 2755 1886 2797 eoe
1910 2734 2113 2795 solum
2136 2734 2736 2811 praetermittantur,
2767 2752 2902 2813 quoe
2927 2742 3039 2793 aut
3070 2741 3378 2794 vetustate
3391 2733 3533 2813 jam

289 2834 729 2908 obsoleverint,
761 2843 872 2895 aut
896 2834 1140 2913 insiqni
1158 2833 1446 2914 soeditate
1471 2854 1544 2895 ac
1570 2836 1896 2913 spurcitia
1918 2836 2362 2898 contaminatoe
2378 2836 2646 2916 suerint.
2682 2835 2987 2915 Utrosque
3015 2838 3217 2896 movet
3243 2852 3534 2905 eacausa

290 2935 681 3013 potissimum
711 2954 733 2993 .·
762 2931 930 3012 quod
955 2952 1095 2993 cum
1123 2926 1418 2994 universe
1450 2932 1845 2993 decretorum
1875 2932 2184 3014 ejusmodi
2210 2926 2575 2995 recordatio
2605 2934 2970 3013 perniciosa
2995 2934 3104 3008 sit,
3140 2944 3271 2995 tum
3318 2952 3533 2998 eorum

289 3036 614 3115 mortifera
655 3036 971 3113 contaqio,
1022 3052 1151 3113 quoe
1189 3042 1470 3096 obscenoe
1515 3036 1870 3114 voluptatis
1921 3035 2257 3097 lenociniis
2300 3038 2542 3114 partim
2589 3036 2879 3096 incautos
2925 3032 3244 3106 alliciunt,
3289 3036 3534 3115 partim

288 3133 516 3195 invitos
540 3150 614 3192 ac
647 3141 1068 3211 repugnantes
1097 3133 1327 3211 afflatu
1352 3131 1766 3192 nihilominus
1798 3131 2068 3210 quodam
2098 3130 2523 3211 turpitudinis
2555 3141 2613 3193 et
2643 3130 2832 3192 odore
2861 3132 3277 3211 pertundunt.
3303 3134 3534 3210 Quam·

289 3234 498 3294 obrem
534 3230 703 3311 quod
735 3232 1138 3311 Epiphanius
1174 3232 1649 3304 Gnosticorum,
1696 3234 2260 3307 Basilidianorum,
2297 3233 2969 3312 carpocratianorum,
3001 3230 3533 3312 Oriqenianorum

290 3351 556 3393 arcanas
598 3353 672 3394 ac
701 3331 1097 3393 detestandas
1128 3332 1420 3393 libidines
1457 3345 1584 3394 tam
1609 3331 1954 3413 diliqenter
2000 3336 2409 3415 expresserit,
2455 3351 2584 3394 non
2617 3330 2783 3394 illud
2811 3330 3060 3410 quidem
3086 3333 3216 3394 viri
3253 3332 3530 3412 sanctiss

288 3435 439 3496 simi
482 3436 723 3512 sactum
758 3430 1200 3511 consiliumque
1249 3430 1746 3510 reprehendunt,
1797 3432 1908 3494 sed
1955 3452 2171 3494 eorum
2222 3433 2499 3493 omnium
2544 3432 2904 3492 memoriam
2951 3430 3263 3491 oblivione
3290 3432 3535 3495 conteri

285 3534 485 3614 [uisse
506 3532 711 3592 satius
729 3539 995 3610 putant,-
1026 3540 1084 3591 et
1100 3530 1340 3603 Groece,
1365 3533 1465 3592 uti
1482 3533 1730 3610 scripta
1748 3542 1925 3608 sunt,
1962 3531 2242 3612 relinqui
2262 3530 2467 3604 modo,
2501 3538 2682 3608 atque
2706 3548 2745 3588 a
2771 3528 3188 3608 peritioribus
3215 3527 3535 3593 duntaxat

288 3632 411 3711 leqi
459 3644 751 3711 oportere
795 3640 1109 3694 statuunt.
1158 3633 1381 3712 Itaque
1422 3633 1647 3696 Latine
1676 3644 1747 3694 ut
1781 3654 1854 3695 ea
1886 3653 2003 3694 nos
2036 3636 2549 3712 interpretemur,
2588 3650 2662 3692 ac
2683 3631 3109 3709 promiscuam
3136 3632 3533 3712 flaqitiorum

292 3734 755 3807 conscientiam,
790 3751 1288 3812 communemque
1317 3735 1626 3814 [aciamus
1653 3734 1962 3809 omnibus,
2001 3732 2400 3814 probandum
2431 3733 2682 3793 minime
2711 3751 2838 3792 esse
2867 3730 3274 3794 contendunt.

374 3835 604 3897 Contra
636 3856 790 3917 quos
828 3855 1034 3897 omnes
1071 3846 1200 3895 tam
1224 3835 1577 3913 Epiphanii
1613 3838 1818 3899 nostri
1845 3856 2029 3917 quam
2057 3845 2282 3898 nostra
2318 3838 2505 3897 etiam
2541 3852 2736 3894 causa
2765 3832 3217 3912 disputandum
3257 3832 3534 3895 breviter

292 3939 607 4000 existimo.
647 3938 735 3997 Ac
767 3937 1017 4014 priores
1043 3932 1295 4013 quidem
1330 3923 1452 4008 illi,
1484 3936 1711 4015 quibus
1747 3947 1947 3999 totum
1966 3935 2144 4000 istud
2179 3937 2500 4016 neqotium
2530 3933 2847 4013 displicet,
2893 3934 3209 3996 hoereseon
3235 3932 3533 3995 abstrusa

287 4059 360 4101 ac
390 4036 723 4100 recondita
761 4036 1059 4113 mysteria
1087 4032 1389 4095 mandare
1416 4036 1698 4116 scriptis,
1744 4048 2052 4099 summum
2090 4056 2164 4097 ac
2193 4036 2518 4115 sinqulare
2546 4027 2808 4096 ceritati
2835 4032 3204 4112 proesidium
3233 4036 3530 4113 opinions

293 4155 399 4197 sua
449 4135 812 4196 detrahunt.
872 4133 1003 4193 Hoc
1046 4133 1211 4194 enim
1257 4141 1670 4213 extorquent,-
1708 4153 1830 4213 quo
1861 4143 2192 4196 nascentes
2220 4133 2562 4196 identidem
2590 4152 2664 4194 ac
2712 4132 3008 4196 redivivoe
3057 4134 3530 4195 mendaciorum

294 4245 467 4298 sectoe
494 4231 878 4296 validissime
911 4232 1287 4310 propulsari
1324 4252 1364 4291 a
1413 4233 1592 4295 nobis
1625 4235 1940 4312 evertique
1958 4234 2239 4313 possint.
2287 4234 2405 4295 Est
2433 4233 2682 4313 quidem
2714 4237 2868 4315 ejus,
2902 4235 3010 4312 qui
3041 4236 3111 4295 in
3139 4235 3405 4296 hoeresin
3435 4237 3533 4298 vel

289 4333 662 4396 moliendam
694 4332 791 4393 vel
825 4330 1116 4392 tuendam
1145 4332 1524 4403 incubuerit,
1553 4336 1802 4396 animus
1832 4336 1902 4395 in
1941 4353 2180 4396 omnem
2209 4335 2537 4397 audaciam
2568 4338 2705 4398 sine
2734 4335 2866 4397 ullo
2901 4333 3145 4414 pudore
3174 4338 3525 4416 projectus.

288 4434 410 4497 Sed
437 4453 614 4496 nemo
653 4445 747 4495 est
786 4442 986 4493 tamen
1016 4452 1097 4494 ex
1128 4431 1261 4494 illis
1310 4434 1725 4496 absurdarum
1767 4436 2140 4514 opinionum
2174 4438 2493 4515 patronis,
2527 4455 2706 4516 quem
2735 4455 2862 4497 non
2894 4445 3209 4517 utcunque
3256 4440 3530 4500 convicti

292 4535 442 4597 olim
471 4539 709 4598 erroris
739 4555 812 4596 ac
842 4535 1121 4595 damnati
1133 4535 1399 4614 pudeat.
1428 4537 1571 4599 Sint
1600 4556 1771 4610 sane,
1804 4539 1905 4599 uti
1932 4547 2102 4611 sunt,
2129 4539 2327 4617 ferrei
2358 4555 2567 4598 omnes
2599 4539 2880 4600 hoeretici
2914 4558 2933 4597 .·
2964 4538 3092 4599 sint
3115 4538 3478 4616 pervicaces
3505 4563 3527 4603 .·

290 4630 485 4693 iidem
518 4647 581 4691 se
623 4635 694 4695 in
733 4636 875 4712 ipso
922 4630 1151 4693 ardore
1184 4634 1646 4711 aqitationeque
1696 4631 2071 4713 disputandi
2122 4635 2205 4696 ad
2239 4633 2659 4696 resistendum
2707 4637 2922 4696 acrius
2964 4635 3205 4713 finqant
3253 4658 3276 4697 .·
3321 4646 3530 4698 tamen

292 4733 408 4812 qui
439 4731 508 4793 id
538 4732 856 4806 didicerit,
891 4735 1121 4813 quique
1153 4736 1345 4796 certis
1379 4739 1656 4792 veterum
1685 4734 2064 4795 testimoniis
2096 4733 2496 4813 compererit,
2549 4742 2694 4794 ante
2722 4731 2798 4794 ab
2830 4732 3109 4810 antiquis
3140 4733 3444 4796 Patribus
3467 4745 3527 4796 et

295 4833 585 4897 conciliis
621 4834 997 4913 publicoque
1036 4832 1544 4895 Christianorum
1589 4848 1896 4892 consensu
1941 4833 2160 4912 aqnita
2203 4851 2276 4892 ac
2321 4831 2659 4911 repudiata
2707 4831 2994 4911 doqmata
3047 4833 3180 4907 illa,
3213 4852 3394 4913 quam
3425 4836 3528 4899 illi

296 4934 443 5011 ipsi,
475 4940 627 5011 quo‘s
650 4932 959 5010 sequitur,
991 4948 1206 4991 eorum
1236 4929 1722 5009 interpolatores
1747 4930 2147 5003 exsisterent,
2175 4932 2288 4991 vix
2316 4932 2458 5001 erit,
2490 4932 2742 5010 opinor,
2767 4931 2960 5006 ullus,
2987 4936 3169 5014 cujus
3190 4935 3319 4996 nisi
3344 4937 3527 5015 [ran-

293 5034 361 5111 qi
408 5032 809 5111 edomarique
849 5032 1241 5093 contumacia
1264 5033 1574 5111 potuerit,
1610 5050 1737 5093 non
1773 5033 2205 5112 lanquidiores
2235 5031 2455 5093 saltem
2483 5033 2705 5095 habeat
2735 5036 3099 5115 eruptiones
3141 5046 3200 5097 et
3228 5039 3521 5117 impetus,

295 5152 368 5192 ac
404 5133 714 5211 paulatim
745 5148 869 5209 per
914 5132 1182 5210 seipsam
1221 5134 1605 5213 resriqerata
1647 5142 1829 5212 atque
1859 5141 2155 5193 enervata
2184 5131 2495 5195 concidat.
2549 5134 2796 5195 Habent
2825 5136 3028 5213 iqitur
3054 5135 3218 5197 hunc
3245 5138 3526 5216 [ructum

298 5231 728 5293 commentarii
752 5231 853 5291 illi
876 5230 987 5308 qui
1020 5228 1095 5289 de
1128 5230 1469 5292 hoeresibus
1512 5230 1905 5302 scribuntur,
1953 5239 2027 5292 ut
2069 5231 2140 5291 in
2172 5248 2543 5311 unaquaque
2585 5240 2763 5293 oetate
2807 5234 3094 5310 [autores
3140 5234 3426 5317 perfidiae
3449 5257 3524 5300 ac

296 5332 599 5393 satellites
628 5349 773 5392 suos
802 5332 872 5391 in
899 5328 1056 5403 illis,
1086 5349 1238 5410 quos
1269 5330 1515 5409 quidem
1544 5331 1937 5405 erubescant,
1971 5332 2299 5410 principes
2332 5340 2741 5409 auctoresque
2781 5345 3254 5412 recoqnoscant.

374 5436 522 5497 Jam
561 5435 671 5512 qui
718 5442 921 5493 certas
964 5453 1046 5495 ex
1077 5433 1440 5505 heresibus,
1490 5431 1844 5513 easdemque
1888 5431 1986 5493 vel
2017 5431 2435 5504 oblitteratas,
2468 5432 2566 5493 vel
2595 5429 2992 5511 turpitudine
3027 5434 3292 5512 infames
3320 5435 3524 5499 omitti

289 5537 539 5618 iubent,
584 5534 905 5616 difficilem
928 5534 1251 5615 quamdam
1279 5534 1766 5596 moderationem
1786 5532 2121 5614 postulant
2151 5556 2172 5594 .·
2205 5534 2386 5613 cujus
2419 5550 2496 5593 ne
2526 5533 2656 5611 ipsi
2694 5530 2941 5612 quidem
2988 5553 3195 5608 usum,
3242 5537 3453 5614 roqati
3482 5555 3525 5596 a

294 5638 503 5713 nobis,
537 5636 898 5717 expediant.
929 5636 1179 5696 Etenim
1205 5637 1263 5698 si
1292 5637 1407 5698 hoc
1438 5644 1612 5697 certo
1640 5632 1943 5714 polliceri
1964 5642 2248 5712 possent,
2287 5633 2655 5712 opinionum
2685 5632 2798 5694 illa
2825 5643 3144 5714 portenta,
3190 5643 3525 5715 postquam

295 5756 605 5820 oppressa
626 5757 700 5800 ac
729 5738 976 5819 sepulta
1002 5738 1187 5800 semel
1213 5747 1437 5812 essent,
1466 5755 1808 5817 nunquam,
1842 5736 1974 5799 nisi
2002 5737 2073 5797 in
2108 5734 2291 5799 libris
2331 5741 2676 5809 exstarent,
2718 5752 3038 5796 emersura
3064 5732 3294 5809 denuo,
3323 5753 3522 5816 neque

293 5842 430 5904 suis
461 5859 542 5903 ex
569 5840 701 5902 illis
730 5840 931 5902 bustis
953 5859 1027 5902 ac
1054 5841 1373 5905 cineribus
1403 5840 1773 5908 excitanda:
1804 5840 1971 5904 nihil
2015 5840 2280 5903 consilio
2308 5840 2453 5903 huic
2496 5838 2761 5903 istorum
2796 5836 3299 5916 pra-vertendum
3324 5846 3518 5918 puta·

621 5940 895 6005 Pru-nol..
926 5942 1043 6005 Gn.
1075 5941 1241 6007 xm,
3175 5940 3227 6008 ἱ
3367 5937 3371 5941 ’
3403 5932 3432 5954 ““
