3850 6517
321 521 422 579 225

1025 519 1398 578 novensus
1435 520 1780 578 inretisses
1816 520 1946 576 un.
1987 520 2052 576 ιι.
2090 519 2255 578 Tou.
2292 518 2433 577 1.-
2460 478 2739 578 amnes,
2782 520 2870 577 m.

3479 512 3584 572 926

313 643 469 711 γνίῳ,
496 640 573 704 ὡς
615 656 759 704 τινες
804 638 1093 710 φάσκουσι.
1130 643 1239 696 Καὶ
1281 643 1386 698 ἔδει
1408 643 1486 715 τῷ
1520 644 1617 716 μὲν
1650 644 1765 698 ὄντι
1809 644 1901 698 καὶ
1933 650 1978 707 Α
2007 643 2289 715 oportuit,
2322 659 2392 699 ne
2439 657 2547 714 qua
2586 642 2887 698 haercsibus
2934 605 3056 696 aii-is
3088 636 3305 695 occasio
3332 636 3582 700 daretur,

315 730 621 804 παιδαρικὰ
649 731 811 785 αὑτὸν
835 732 998 801 ἔχειν,
1029 732 1117 786 ἶνα
1139 733 1214 805 μὴ
1242 734 1514 806 πρόφασις
1535 736 1757 808 γένηται
1778 737 1900 802 ταῖς

316 824 508 886 ἄλλαις
556 822 832 894 αἱρέσεσι,
867 827 987 888 ταῖς
1032 824 1351 893 λεγούσαις,
1386 828 1467 881 ὅτι
1495 828 1602 882 ἀπὺ
1636 828 1731 882 τοῦ
1767 829 1899 901 Ἰορ-

316 916 476 973 ὃάνου
507 911 640 988 ἦλθε
672 916 908 986 Χριστὸς
944 919 1025 982 εἰς
1064 918 1247 982 αὐτὸν,
1282 921 1419 992 ὅπερ
1469 920 1619 973 ἐστὶν
1664 920 1697 989 ἡ
1741 937 1897 992 περι-

318 1009 505 1080 στερά.
536 1010 629 1061 Διὸ
657 1008 751 1061 καὶ
784 1009 841 1061 ὲν
865 1007 942 1078 τῷ
970 1008 1253 1082 δωδεκάτῳ
1279 1010 1387 1063 ἔτει
1412 1011 1598 1082 σαφῶς
1627 1012 1897 1066 δείκνυσιν

318 1104 346 1155 ὀ
364 1101 599 1163 Λουκᾶς,
627 1100 710 1152 ὅτι
742 1099 1260 1173 προσδιαλεγόμενος
1294 1106 1406 1166 τοῖς
1437 1103 1640 1175 ἱερεῦσι
1661 1104 1754 1157 καὶ
1783 1106 1897 1167 τοῖς

318 1193 734 1264 πρεσόυτέροις,
764 1193 869 1265 ἔφη
897 1196 963 1265 τῇ
995 1196 1203 1266 Μαρία,
1227 1197 1310 1250 ὅτι
1328 1199 1448 1251 Οὐκ
1476 1198 1685 1267 ᾔδειτε.
1712 1198 1801 1252 ὅτι
1824 1198 1896 1251 ἐν

314 1285 438 1350 τοῖς
471 1282 578 1338 τοῦ
628 1284 860 1351 Πατρός
895 1303 1015 1354 μου
1054 1286 1150 1339 δεῖ
1188 1306 1264 1357 με
1300 1285 1488 1351 εἶν-αα
1528 1290 1614 1342 ἵνα
1662 1290 1803 1362 πέσῃ
1864 1290 1894 1343 ὁ

314 1376 470 1444 λόγος
497 1375 606 1428 τῶν
637 1374 926 1443 λεγόντων,
954 1378 1036 1430 ὃτι
1077 1378 1184 1431 ἀπὸ
1219 1379 1311 1432 τοῦ
1349 1381 1541 1451 χρόνου
1574 1380 1669 1434 τοῦ
1698 1380 1892 1451 βαπτί·

317 1484 521 1537 σματος
563 1467 768 1537 κατέὸη
811 1468 893 1531 είς
930 1468 1093 1521 αὐτὸν
1129 1469 1191 1522 τὸ
1234 1470 1458 1541 Πνεῦμα
1492 1472 1554 1524 τὸ
1587 1473 1763 1539 ἅγιον,
1798 1473 1893 1526 καὶ

313 1558 501 1627 σαφῶς
528 1557 769 1629 γνωσθῇ,
800 1560 883 1612 ὅτι
910 1559 1118 1613 ἄνωθεν
1147 1562 1489 1633 ἐπεδήμησεν
1515 1565 1544 1615 ό
1575 1565 1767 1632 Λόγος,
1796 1565 1891 1617 καὶ

309 1646 602 1720 ἐσαρκώθη
631 1649 739 1702 ἀπὺ
760 1648 1001 1721 Μαρίας,
1029 1651 1126 1702 καὶ
1151 1651 1208 1702 ὲν
1236 1652 1314 1721 τῷ
1350 1653 1590 1725 Ἰορδάνῃ
1624 1654 1891 1725 κατῆλθεν

309 1736 398 1789 ἐπ’
433 1735 597 1789 αὐτὸν
633 1735 696 1788 τὸ
725 1736 953 1807 Πνεῦμα
972 1752 985 1766 ·
1018 1738 1107 1792 ἴνα
1138 1743 1354 1812 σημανῇ
1394 1742 1478 1803 τίς
1515 1744 1661 1796 ἐστιν
1692 1746 1721 1795 ό
1747 1763 1889 1817 μαρ-

308 1828 642 1899 τυρούμενος
686 1828 795 1882 ἀπὸ
833 1828 928 1882 τοῦ
980 1830 1229 1902 Πατρός,
1279 1833 1361 1886 ὃτι
1415 1829 1605 1901 Οὗτός
1647 1836 1820 1890 ἐστιν
1856 1841 1891 1891 ό

318 1920 452 1987 Υίός
484 1939 606 1990 μου
658 1924 692 1974 ὀ
730 1921 1071 1991 ἀγαπητός·
1112 1923 1298 1978 αὑτοῦ
1351 1925 1624 1981 ἀκούετε·
1663 1930 1757 1982 καὶ
1804 1930 1890 1984 ἶνα

308 2010 534 2081 γένηται
583 2010 744 2064 τοῦτο
794 2011 1099 2083 ὑπόδειγμα
1145 2017 1256 2078 τοῖς
1306 2015 1589 2086 μέλλουσιν
1629 2021 1687 2071 ὲν
1739 2020 1890 2091 αὐτῷ

307 2108 658 2177 φωτίζεσθαι,
687 2111 769 2164 ὅτι
819 2111 1321 2182 καταξιωθήσονται
1366 2111 1684 2183 Πνεῦματος
1732 2112 1888 2180 ἁγίου

305 2200 366 2252 ὲν
392 2200 470 2272 τῷ
500 2200 710 2274 λουτρῷ
743 2203 844 2273 τῆς
889 2204 1121 2273 δωρεᾶς,
1160 2206 1254 2257 καὶ
1292 2204 1543 2274 ἀφέσεως
1579 2206 1888 2278 ἁμαρτιῶν,

307 2291 528 2363 χάριτος
553 2292 653 2362 τῆς
677 2293 767 2347 ὑπ’
795 2294 962 2348 αὐτοῦ
981 2295 1246 2368 δοθείσης.

376 2559 505 2612 KA'.
555 2558 782 2628 ’Δφότου
814 2558 873 2612 δὲ
914 2559 985 2614 τὰ
1029 2557 1211 2613 τέλεια
1242 2558 1446 2638 ἧρξατο
1488 2562 1672 2615 ποιεῖν
1700 2558 1890 2633 θεοσή-

306 2670 437 2723 μεια
465 2653 524 2705 ὲν
558 2650 638 2723 τῷ
671 2650 852 2723 καιρῷ
885 2649 982 2704 τοῦ
1022 2649 1401 2722 κηρύγματος,
1438 2651 1616 2706 Τοῦτο
1654 2651 1891 2721 πρῶτον

302 2743 556 2815 σημεῖον
589 2742 893 2811 ἐποίησεν
918 2744 951 2797 ό
984 2743 1248 2812 Ἰησοῦς,
1275 2743 1460 2814 φησὶν,
1487 2743 1559 2797 ἐν
1585 2740 1752 2810 Κανᾷ
1777 2740 1889 2811 τῆς

303 2836 640 2902 Γαλιλαίας
658 2851 672 2865 ·
694 2834 817 2908 οὐχὶ
847 2834 955 2907 πρὸ
975 2834 1069 2888 τοῦ
1101 2833 1499 2905 βαπτίσματος,
1524 2835 1601 2898 ὡς
1628 2833 1889 2897 πολλάκις

302 2926 460 2998 ἔφην,
504 2926 620 2982 ἀλλ’
658 2925 749 2984 δτι
779 2926 1101 2997 ἀνέκαμψεν
1151 2925 1261 2979 ἀπὸ
1303 2924 1399 2979 τοῦ
1446 2924 1789 2997 πειρασμοῦ,
1816 2926 1885 2996 τῇ

292 3018 457 3090 τρίτῃ
488 3017 678 3091 ἡμέρᾳ
704 3017 845 3091 μετὰ
864 3018 964 3082 τὰς
983 3018 1097 3082 δύο,
1121 3018 1300 3090 ἇσπερ
1328 3017 1553 3087 ἔμειναν
1580 3017 1711 3088 παρ’
1738 3015 1887 3087 αὐτῷ

294 3109 349 3163 oi
380 3108 475 3163 δύο
500 3110 748 3184 μαθηταὶ
764 3109 860 3165 τοῦ
893 3112 1163 3173 Ἰωάννου,
1184 3112 1231 3163 οἱ
1258 3109 1612 3173 ἀκούσαντες,
1635 3109 1730 3162 καὶ
1751 3109 1885 3162 ἀκο-

298 3200 666 3273 λουθήσαντες
697 3202 870 3275 αὐτῷ.
907 3204 996 3265 Ὦς
1022 3202 1185 3265 εὐθὺς
1216 3199 1357 3273 μετὰ
1389 3200 1489 3263 τὰς
1517 3200 1613 3254 δύο
1647 3201 1879 3272 ἡμέρας,

2002 751 2126 807 quae
2185 733 2479 791 Christum¹
2521 735 2590 790 ad
2648 733 2943 790 Iordanem
3010 732 3234 787 fluvium
3294 729 3348 785 in
3425 730 3578 785 iilum

2001 828 2353 885 descendisse
2385 828 2651 882 columbae
2681 827 2862 896 specie
2892 824 3209 897 praedicant.
3240 823 3422 890 Quare
3444 821 3581 878 duo·

2000 920 2214 975 decimo
2243 920 2420 974 aetatis
2458 933 2604 973 anno
2638 916 2927 972 manifeste
2972 914 3150 970 Lucas
3188 913 3243 969 id
3276 913 3578 986 expressit,

1998 1013 2366 1082 disputantem
2399 1012 2548 1065 iilum
2575 1026 2700 1065 cum
2731 1007 3132 1073 sacerdotibus,
3177 1021 3242 1061 ac
3269 1003 3580 1061 senioribus

1999 1102 2184 1158 Hariae
2213 1102 2449 1168 dixisse:
2487 1100 2816 1156 Nesciebaeis
2870 1099 3009 1166 quod
3058 1098 3115 1151 in
3146 1096 3226 1150 Ιιίε
3255 1112 3372 1166 quoe
3398 1094 3578 1149 Patria

1999 1196 2101 1251 mei
2147 1205 2270 1249 sunt
2332 1201 2535 1263 oportet
2586 1208 2667 1246 me
2703 1207 2815 1245 esse
2846 1189 2914 1242 ²?
2953 1186 3022 1242 Ut
3069 1202 3259 1242 eorum
3306 1185 3574 1241 rationem

1996 1286 2335 1349 excluderet,
2371 1284 2462 1354 qui
2501 1283 2570 1338 ab
2607 1298 2672 1339 eo
2701 1284 2936 1353 primum
2970 1287 3235 1349 tempore,
3264 1291 3374 1346 quo
3397 1274 3577 1345 bapti·

1997 1385 2154 1433 zatus
2205 1385 2291 1433 est
2315 1418 2330 1442 ,
2367 1376 2631 1447 Spiritum
2671 1384 2920 1431 sanctum
2961 1372 3016 1425 in
3049 1371 3201 1425 iilum
3235 1376 3431 1441 putant
3456 1382 3578 1422 esse

1995 1470 2323 1539 delapsum;
2381 1476 2607 1523 econtra
2663 1483 2795 1523 vero
2848 1467 3099 1522 homines
3180 1463 3576 1532 intelligerent,

2001 1561 2233 1618 Verbum
2262 1562 2439 1632 ipsum
2480 1576 2511 1617 e
2549 1559 2694 1615 coelo
2722 1555 3062 1614 descendens
3088 1570 3309 1612 carnem
3338 1569 3370 1610 e
3408 1550 3577 1606 Maria

1995 1655 2262 1720 traxisse3
2292 1667 2526 1723 cumque
2550 1652 2617 1707 ad
2646 1650 2938 1707 Jordanem
2968 1648 3294 1706 accessisset
3323 1652 3574 1701 sanctum

1993 1763 2054 1803 se
2085 1748 2139 1802 in
2175 1747 2328 1801 iilum
2358 1744 2632 1801 infudisse
2661 1743 2962 1815 Spiritum:
2993 1757 3104 1814 qno
3134 1749 3189 1796 et
3219 1738 3354 1794 illud
3389 1736 3568 1792 decla·

1994 1840 2103 1895 rari
2133 1846 2338 1910 posset,
2372 1838 2498 1909 quis
2535 1844 2684 1894 esset
2712 1835 2803 1891 iile
2837 1835 2904 1890 de
2939 1833 3102 1906 443
3131 1847 3239 1903 qno
3269 1830 3429 1884 Pater
3460 1836 3571 1882 tam

1994 1933 2210 2001 insigne
2244 1931 2621 1985 testimonium
2657 1926 2927 1982 dedisset:
2965 1924 3068 1979 1150
3116 1932 3194 1978 est
3221 1920 3269 1975 F
3272 1922 3397 1976 ilias
3427 1933 3573 1972 meua

1993 2024 2218 2079 dilectus
2236 2039 2255 2087 ,·
2286 2023 2456 2091 ipsum
2485 2022 2665 2073 audite
2689 2018 2732 2072 ⁸.
2768 2016 2906 2072 lliud
2941 2032 3069 2072 vero
3099 2023 3358 2086 praeterea
3386 2024 3575 2066 exem-

1993 2116 2084 2186 plo
2118 2130 2243 2172 esse
2288 2129 2354 2169 ac
2382 2115 2714 2169 documento
2745 2110 2917 2166 voluit
2945 2110 3014 2164 iis
3040 2148 3057 2173 ,
3097 2107 3192 2177 qui
3248 2105 3430 2159 divina
3478 2114 3576 2171 per

1993 2209 2146 2264 iilum
2185 2208 2307 2262 luce
2334 2203 2832 2278 perfunderentur;
2865 2201 3111 2256 futurum
3140 2197 3396 2261 omnino,
3428 2201 3488 2248 ut
3516 2198 3574 2246 et

1992 2300 2098 2370 ipsi
2119 2298 2382 2370 Spiritum
2413 2306 2687 2361 sanctum,
2710 2309 2811 2350 nec
2841 2308 2949 2348 non
2974 2290 3199 2347 coeleste
3221 2286 3568 2347 beneficium,

1991 2407 2058 2448 ac
2086 2398 2436 2462 peccatorum
2464 2389 2703 2452 veniam,
2720 2396 2774 2442 et
2801 2385 3258 2441 communicatam
3286 2379 3356 2435 ab
3378 2377 3570 2435 eodem

1991 2484 2224 2557 gratiam
2265 2482 2320 2537 in
2345 2481 2620 2552 baptismo
2653 2487 3141 2548 consequerentur.

2063 2557 2206 2629 x'xt.
2249 2572 2357 2629 Sed
2409 2570 2504 2627 ubi
2538 2570 2747 2640 majora
2789 2569 2881 2623 ilia
2932 2564 3364 2639 perfectioraque
3404 2574 3571 2614 nura-

1990 2668 2113 2724 cula
2132 2664 2534 2738 praedicationis
2561 2677 2674 2717 suae
2704 2669 2947 2732 tempore
2972 2665 3057 2714 est
3077 2669 3368 2728 aggressus
3386 2693 3402 2718 ,
3427 2654 3567 2714 Hoc,

1991 2758 2204 2830 inquit,
2242 2757 2473 2827 primum
2521 2755 2730 2826 siquam
2769 2753 2896 2823 [ecit
2932 2751 3091 2806 Jews
3129 2751 3183 2805 in
3231 2748 3383 2804 Cana
3427 2744 3574 2800 Gati-

1991 2852 2106 2907 loeoe
2135 2850 2181 2905 δ.
2235 2849 2352 2903 Non
2395 2855 2525 2903 ante
2565 2847 2935 2917 baptismum,
2971 2850 3029 2898 ut
3079 2856 3223 2914 saepe
3274 2838 3431 2903 dixi,
3472 2836 3570 2893 sed

1990 2951 2105 2998 tum
2154 2940 2390 3013 primum
2440 2937 2497 2993 id
2553 2938 2797 3001 accidit,
2849 2944 3141 3009 postquam
3185 2949 3216 2989 a
3273 2930 3572 2989 tentatione

1987 3046 2247 3089 reversus
2298 3035 2426 3096 est,
2463 3028 2621 3083 tertia
2659 3027 2749 3083 die
2802 3034 2926 3099 post
2979 3024 3209 3081 biduum
3258 3021 3426 3087 illud,
3458 3033 3570 3091 quo

1987 3124 2149 3179 ambo
2191 3123 2334 3192 apud
2383 3123 2561 3194 ipsum
2611 3121 2819 3176 baesere
2867 3116 3098 3174 loannis
3132 3113 3431 3186 discipuli,
3472 3111 3567 3183 qui

1986 3219 2043 3267 et
2076 3210 2368 3267 audierunt
2396 3210 2548 3265 illum
2575 3247 2592 3273 ,
2638 3217 2690 3264 et
2744 3209 2922 3266 secuti
2974 3216 3126 3262 sunt.
3167 3202 3362 3260 Statim
3418 3204 3568 3262 enim

291 3297 365 3360 ἃς
419 3294 684 3366 ἐποίησαν
735 3295 867 3366 παρ’
942 3295 1092 3365 αὐτῷ
1117 3333 1134 3360 .
1176 3294 1462 3362 ἐπεισάγει
1511 3292 1714 3361 λέγων·
1773 3293 1881 3347 Καὶ
1910 3318 1955 3378 (3
1989 3311 2114 3373 post
2149 3301 2403 3365 biduum,
2441 3316 2551 3373 quo
2578 3299 2722 3372 apud
2754 3299 2906 3354 iilum
2934 3298 3025 3354 isti
3056 3290 3383 3353 commorati
3414 3301 3565 3357 sunt,

297 3385 557 3455 ἐξῆλθεν
573 3388 664 3456 εἰς
691 3386 809 3456 τὴν
826 3386 1184 3456 Γαλιλαίαν,
1212 3387 1315 3443 καὶ
1342 3385 1536 3454 εὑρὼν
1556 3386 1883 3452 Φίλιππον,

294 3472 494 3533 εἶπεν·
535 3478 867 3536 Ἀκολούθει
890 3494 1015 3548 μοι.
1043 3473 1177 3533 Εἶτα
1207 3477 1395 3541 εὐθύς·
1433 3476 1512 3546 Τῇ
1542 3479 1710 3548 τρίτῃ
1734 3476 1881 3547 mu}-

282 3583 368 3637 ,ρᾳ
393 3566 583 3639 ’νόμος
615 3566 857 3642 ἐγένετο
886 3569 962 3624 ἐν
998 3567 1168 3635 Κανᾷ
1194 3568 1307 3637 τῆς
1339 3568 1694 3634 Γαλιλαίας.
1735 3565 1883 3621 Ἔδει

292 3658 401 3731 γὰρ
436 3661 597 3713 αὑτὸν
639 3659 951 3713 ἀπελθόντα
993 3660 1154 3720 εὐθὺς
1197 3660 1395 3726 γάμων
1436 3658 1773 3728 τελουμένων
1800 3660 1883 3723 είς

293 3750 394 3821 τὴν
433 3751 600 3820 τιμὴν
639 3747 807 3801 αὐτοῦ
838 3747 1108 3819 κληθῆναι
1157 3751 1243 3802 ἐπ’
1289 3750 1509 3821 εὐλογίᾳ
1548 3748 1641 3803 τοῦ
1681 3751 1877 3821 γάμου.

296 3840 406 3895 Καί
426 3857 560 3912 φησι
580 3855 593 3869 ·
617 3838 822 3909 Γάμος
849 3838 1088 3909 ἐγένετο
1117 3839 1192 3908 τῇ
1223 3841 1692 3920 epten-nuspa&
1713 3840 1881 3909 Κανᾶ

296 3930 409 3998 τῆς
443 3933 812 3998 Γαλιλαίας·
841 3931 940 3985 καί
965 3927 1046 4002 ἦν
1072 3932 1112 4001 ἡ
1132 3932 1334 4002 μήτηρ
1358 3933 1467 3988 τοῦ
1517 3934 1710 4002 Ἰησοῦ
1730 3932 1876 3987 ἐκεῖ.

311 4022 572 4091 Ἐκλήθη
598 4022 667 4076 δὲ
696 4022 797 4076 καί
831 4026 864 4077 ό
895 4023 1136 4091 Ἰησοῦς·
1185 4025 1284 4078 καὶ
1315 4027 1371 4079 οἱ
1402 4028 1661 4096 μαθηταί
1691 4023 1880 4081 αὐτοῦ

296 4116 353 4171 οἱ
387 4115 515 4185 μετ’
542 4115 732 4170 αὐτοῦ
768 4117 855 4181 εἰς
897 4115 1005 4169 τὸν
1034 4115 1244 4185 γάμον.
1280 4118 1393 4172 Καὶ
1425 4119 1881 4189 ὑστερήσαντος

295 4206 498 4272 οἴνου,
541 4204 704 4275 λέγει
754 4208 792 4274 ἡ
832 4205 1032 4275 μήτηρ
1090 4206 1197 4261 τοῦ
1251 4208 1490 4275 Ἰησοῦ·
1544 4206 1724 4264 Οἶνον
1766 4215 1879 4267 οὐκ

293 4299 528 4368 ἔχουσι.
579 4298 688 4353 Καὶ
713 4299 878 4368 λέγει
927 4297 1084 4367 αὐτῇ
1122 4301 1155 4353 ὁ
1195 4299 1469 4368 Ἰησοῦς·
1526 4303 1587 4357 Τί
1609 4301 1741 4372 ἐμοὶ
1777 4303 1880 4358 καί

294 4392 414 4455 σοί,
445 4393 620 4462 γύναι
637 4408 659 4453 ,·
696 4392 862 4445 οὔπω
889 4391 1087 4461 ''iacet-⁴1⁹1
1110 4390 1233 4461 ὥρα
1253 4411 1395 4463 μου.

364 4483 519 4538 Μετὰ
562 4482 625 4536 τὸ
671 4481 845 4536 ἐλθεῖν
893 4484 1059 4536 αὐτὸν
1104 4483 1216 4537 ἀπὸ
1260 4485 1355 4538 τοῦ
1391 4485 1737 4559 πειρασμοῦ,
1782 4487 1878 4542 καὶ

295 4575 522 4630 διελθεῖν
570 4575 660 4629 διὰ
699 4574 804 4645 τῆς
847 4573 1122 4647 θαλάσσης
1168 4576 1263 4629 καὶ
1311 4575 1405 4628 τοῦ
1439 4576 1729 4649 Ἰορδάνου,
1777 4578 1878 4651 τὴν

1988 3393 2247 3463 subjicit:
2287 3392 2357 3448 Et
2382 3393 2515 3448 abiit
2545 3394 2600 3449 in
2627 3392 2910 3448 Goliloeam
2929 3431 2944 3456 ,
2972 3401 3022 3446 et
3055 3390 3320 3444 inveniens
3361 3386 3565 3456 Philip·

1983 3500 2110 3554 pnm
2175 3483 2315 3539 dixit
2339 3498 2360 3538 .·
2417 3482 2643 3554 Sequere
2697 3499 2779 3537 me
2823 3481 2868 3536 ⁸.
2926 3479 3132 3537 Deinde
3164 3498 3179 3534 ε
3242 3478 3423 3533 Tertia
3481 3477 3570 3531 die

1985 3575 2184 3644 mtpeioe
2233 3575 2392 3644 {actoe
2423 3582 2547 3628 aunt
2593 3575 2647 3628 in
2678 3572 2826 3630 Cana
2853 3567 3114 3627 Galitoeae.
3148 3569 3427 3642 Siquidem
3469 3584 3570 3640 par

1983 3672 2103 3720 erat
2179 3664 2329 3719 illum
2371 3704 2387 3726 ,
2465 3678 2592 3728 cum
2681 3663 2984 3718 discederet
3012 3701 3030 3728 ,
3109 3660 3568 3725 commodumque

1984 3752 2189 3823 nuptiae
2221 3751 2651 3818 celebrarentur,
2684 3751 2913 3816 honoris
2940 3764 3108 3806 causa
3141 3748 3211 3804 ad
3233 3748 3454 3805 easdem
3482 3748 3568 3802 in-

1982 3844 2180 3909 vitari,
2218 3844 2295 3898 uti
2333 3843 2545 3915 nuptiis
2593 3843 2961 3899 benediceret.
3001 3842 3184 3909 Quare
3212 3841 3289 3896 ita
3339 3839 3560 3895 scribit:

1984 3932 2204 4004 Nuptioe
2230 3935 2390 4003 [actae
2426 3943 2549 3990 aunt
2594 3936 2751 3990 tertia
2793 3935 2879 3990 die
2914 3936 2972 3990 in
3008 3932 3161 3990 Cana
3198 3931 3457 3988 Gatitoeoe.
3493 3930 3566 3986 Et

1980 4034 2096 4078 erat
2129 4036 2301 4079 mater
2333 4015 2463 4081 Iesu
2490 4025 2588 4080 ibi.
2628 4024 2858 4081 Vocatus
2885 4036 2963 4082 eat
3002 4034 3177 4080 antem
3209 4033 3258 4079 et
3291 4020 3484 4089 Iesus,
3512 4032 3566 4079 ιι

1979 4099 2233 4183 discipuli
2275 4113 2390 4184 ejus
2438 4113 2510 4168 ad
2563 4116 2798 4184 nuptias.
2859 4114 3149 4185 Deficiente
3197 4123 3374 4169 antem
3422 4116 3562 4182 uino,

1979 4205 2109 4260 dicit
2152 4215 2325 4260 mater
2352 4204 2523 4261 Iesu:
2574 4204 2764 4260 Vinum
2810 4220 2913 4259 non
2961 4205 3173 4261 habent.
3219 4205 3361 4260 Dicit
3398 4207 3446 4262 ei
3469 4204 3566 4261 Je-

1978 4314 2106 4354 sua:
2139 4298 2281 4366 Quid
2318 4298 2450 4354 milii
2481 4306 2532 4353 et
2567 4296 2683 4365 tibi,
2724 4297 2960 4353 mulier?
2998 4297 3232 4352 nondum
3271 4297 3566 4353 mithara

1978 4407 2096 4445 mea
2136 4392 2178 4445 ⁸.

2051 4482 2184 4546 Quoe
2211 4488 2326 4536 tnm
2349 4492 2503 4553 gesta
2531 4490 2682 4546 sunt.
2715 4497 2843 4538 cum
2869 4493 2994 4553 post
3014 4490 3394 4548 tentationem,
3422 4481 3564 4537 mari

1980 4586 2045 4627 ac
2075 4570 2314 4628 Jordane
2350 4572 2583 4644 trajecto
2601 4610 2617 4637 ,
2644 4574 2748 4628 iter
2777 4574 2834 4627 in
2862 4573 3093 4644 patriam
3124 4574 3428 4638 convertit,
3457 4571 3566 4627 Na·

268 4666 470 4738 Ιὁρμὴν
502 4667 796 4737 ἐσχηκότος
838 4667 932 4721 ἐπὶ
975 4668 1043 4721 τὰ
1073 4668 1272 4732 οἰκεῖα,
1303 4666 1554 4724 ἀπελθὼν
1610 4670 1739 4726 &voa
1782 4673 1879 4726 ἁν-
1909 4668 1953 4725 1)
1982 4670 2226 4719 :aretum
2254 4663 2485 4729 scilicet,
2516 4665 2606 4719 ubi
2635 4664 2904 4721 educatus
2940 4680 2973 4719 a
3012 4672 3184 4721 matre
3223 4664 3420 4721 fuerat.
3459 4663 3561 4719 Ubi

295 4760 508 4833 ετράφη
545 4759 683 4832 πρὸς
719 4760 820 4830 τὴν
867 4760 1079 4830 μητέρα
1121 4761 1179 4812 ὲν
1222 4760 1512 4833 Ναζαρὲτ,
1546 4763 1643 4816 καὶ
1695 4781 1879 4837 παρα·-

300 4853 488 4923 μείνας
528 4850 624 4905 δύο
668 4849 892 4922 ἡμερῶν
924 4852 973 4917 ¹,
1004 4850 1194 4905 λοιπὸν
1246 4852 1605 4925 ἐπειγομένου
1647 4856 1728 4920 είς
1777 4855 1876 4929 τὴν

296 4944 569 5014 σωτηρίαν
594 4941 704 4996 τῶν
740 4941 1064 5015 ἀνθρώπων,
1090 4941 1187 4996 τοῦ
1219 4944 1576 5017 κηρύγματος
1605 4946 1875 5018 ἄρξασθαι

295 5035 690 5107 ἐπιμελεῖσθαι.
718 5035 829 5089 Καὶ
852 5034 1034 5106 ἔμεινε
1066 5037 1166 5106 μὲν
1192 5036 1287 5091 δύο
1312 5038 1548 5110 ἡμέρας,
1577 5038 1666 5093 διὰ
1698 5040 1763 5093 τὸ
1784 5040 1877 5094 διὰ

294 5128 489 5198 χρόνου
509 5126 723 5199 ἡκέναι,
764 5125 905 5196 ἔχων
937 5127 1057 5197 μεθ’
1082 5126 1277 5182 ἑαυτοῦ
1310 5127 1404 5193 οὒς
1429 5127 1531 5199 ἥδη
1567 5129 1876 5201 παρείληφε

297 5220 546 5293 μαθητὰς
570 5262 584 5286 ,
625 5218 901 5283 ἀπολύσας
944 5219 1071 5284 τοὺς
1102 5218 1197 5274 δύο
1227 5221 1352 5285 τοὺς
1401 5221 1877 5295 ἀκολουθήσαντας

294 5311 467 5382 αὐτῷ,
495 5309 657 5374 εὐθὺς
688 5309 781 5362 ἐπὶ
817 5307 916 5380 τὴν
949 5309 1239 5365 Γαλιλαίαν
1279 5307 1514 5376 ἐξελθεῖν
1545 5309 1635 5363 διὰ
1671 5310 1734 5363 τὸ
1767 5310 1872 5382 κή-

296 5418 503 5475 ρυγμα,
526 5403 622 5456 καὶ
642 5401 705 5455 τὸ
733 5401 892 5473 ἔργον
916 5400 1011 5455 τοῦ
1041 5401 1385 5473 θεοσημείου,
1406 5401 1502 5455 τοῦ
1523 5404 1582 5455 ἐν
1601 5402 1679 5473 τῷ
1706 5404 1872 5476 γάμῳ

294 5492 747 5557 ἐπιτελεσθέντος.
806 5492 980 5546 Βλέπε
1036 5490 1146 5564 γὰρ
1205 5490 1323 5555 πῶς
1372 5491 1797 5561 ὲπασφαλίζεται
1841 5494 1871 5547 ὁ

292 5585 474 5655 λόγος,
506 5585 892 5656 ὠςΊωάννηςὸ
915 5582 1224 5653 Βαπτιπὴς
1260 5585 1547 5654 μαρτυρεῖ,
1576 5582 1769 5653 λέγων,
1793 5584 1872 5648 ὡς

293 5677 685 5749 παρῳχηκότος
731 5676 831 5747 ἤδη
864 5675 959 5729 τοῦ
993 5675 1175 5744 λόγου,
1209 5675 1293 5729 ὅτι
1337 5673 1510 5745 Κάγὼ
1550 5676 1662 5729 οὐκ
1701 5675 1871 5747 ᾔδειν

290 5769 513 5824 αὐτόν·
548 5768 712 5827 ἀλλὰ
750 5771 785 5824 ὀ
820 5767 1067 5839 πέμψας
1108 5784 1185 5838 με
1211 5764 1526 5833 βαπτίζειν
1568 5763 1700 5823 εἶπέ
1726 5786 1832 5840 μοι
1852 5784 1868 5799 ·

1982 4770 2108 4812 cum
2143 4754 2370 4813 biduum
2403 4756 2655 4813 haesisset
2682 4795 2698 4820 ,
2732 4762 2983 4812 bunianae
3031 4756 3223 4812 salutis
3251 4758 3435 4812 studio
3459 4772 3562 4811 cu·

1984 4862 2157 4918 raque
2202 4862 2506 4906 succensus
2544 4848 2877 4920 praedicandi
2931 4866 3135 4906 munus
3171 4849 3325 4905 obire
3370 4849 3558 4919 coepit.

1983 4938 2215 4997 Biduum
2245 4941 2409 5013 igitur
2439 4941 2638 4997 ibidem
2675 4957 2904 4999 manens
2929 4984 2946 5009 ,
3003 4942 3149 5014 quod
3202 4943 3361 5009 longo
3392 4940 3561 4998 inter·

1982 5033 2127 5088 valio
2177 5033 2415 5089 redierat
2435 5070 2453 5097 ,
2495 5032 2891 5104 discipulorum
2948 5031 3192 5104 aliquot,
3246 5048 3389 5103 quos
3443 5032 3560 5104 jam

1984 5125 2275 5189 asciverat,
2326 5124 2595 5180 comitatu
2646 5134 2837 5195 septus
2861 5165 2877 5190 ,
2918 5123 3136 5179 duobus
3164 5164 3180 5192 ,
3229 5124 3325 5194 qui
3383 5124 3560 5179 secuti

1984 5224 2184 5282 erant,
2223 5214 2476 5273 remissis
2503 5254 2520 5281 ,
2570 5216 2755 5272 statim
2804 5214 2862 5269 in
2900 5212 3177 5270 Gatilaeam
3226 5212 3560 5286 praedicandi

1979 5322 2148 5364 causa
2181 5308 2459 5380 profectus
2486 5316 2601 5364 est:
2643 5307 2806 5365 simul
2839 5314 2899 5362 ut
2932 5305 3241 5379 prodigium
3270 5305 3402 5362 iilud
3431 5321 3560 5363 eue-

1977 5408 2063 5456 ret
2090 5440 2106 5466 ,
2138 5401 2284 5471 quod
2337 5401 2392 5456 in
2431 5400 2638 5472 nuptiis
2673 5401 2744 5455 ab
2779 5414 2847 5456 eo
2895 5399 3098 5455 factum
3137 5399 3390 5471 legimus.
3420 5396 3559 5455 Vide

1976 5500 2184 5564 quanta
2213 5509 2340 5549 cum
2361 5493 2856 5565 circumspectione
2884 5490 3029 5550 istud
3063 5492 3243 5565 ipsum
3269 5492 3556 5562 Scriptura

1976 5584 2359 5651 declaraverit,
2383 5586 2844 5658 quemadmodum
2861 5586 3101 5645 «loannes
3122 5595 3383 5661 tanquam
3404 5586 3556 5642 [aeto

1973 5677 2086 5750 jam
2117 5693 2372 5736 sermone
2402 5686 2639 5735 testetur
2663 5679 2750 5735 bis
2777 5680 2994 5738 verbis:
3023 5680 3095 5735 Et
3130 5697 3222 5752 eqo
3257 5677 3553 5735 nesciebam

1978 5770 2166 5837 illum5
2201 5769 2292 5827 seit
2323 5770 2414 5843 qni
2439 5771 2583 5825 misit
2609 5787 2690 5827 me
2723 5774 2996 5844 baptizare
3027 5772 3167 5830 dixit
3193 5771 3356 5828 mihi:
3385 5770 3557 5839 Super

369 5926 386 5958 ⁸
410 5924 474 5981 k.
504 5926 742 5999 ἡμέρας.
818 5928 837 5958 ’
868 5925 999 5983 Luc.
1037 5942 1099 5993 ιι,
1126 5926 1212 5983 to.
1290 5927 1310 5960 ⁸
1341 5926 1529 5985 Mattb.
1557 5944 1692 6000 wit,
1717 5930 1770 5986 5.
1849 5929 1867 5962 ⁸
1897 5930 2055 5988 Joan.
2090 5915 2150 6001 ιι,
2183 5932 2263 5989 il.
2342 5936 2363 5966 ⁸
2392 5931 2546 5989 Joan.
2585 5950 2624 6002 ι,
2654 5935 2742 5992 45.
2822 5933 2843 5966 ⁸
2872 5931 3030 5991 Joan.
3066 5948 3128 5999 ιι,
3160 5932 3180 5987 i
3218 5946 3346 6007 sqq.
